3996 6186
567 135 622 190 'DE
635 134 756 192 uastis
771 133 986 192 boamunte
1001 139 1121 200 nocuit
1137 145 1228 202 trent
1243 145 1342 204 TRES.

621 286 701 341 {Tull
715 285 764 338 ΑΙ)
779 283 968 347 ΒΟΒΕΗΤΙΙΜ
985 288 1299 354 tacutartscortul.

141 479 249 536 Praesul
260 481 420 554 praecipue,
437 487 527 556 atque
541 485 721 554 venerande,

142 569 264 648 culmen
278 571 474 641 magnificum
491 572 697 644 ecclesiarum,

143 662 283 717 Summus
299 665 400 717 noster
413 662 521 733 honor,
534 669 635 720 noster
650 669 678 720 et
692 663 778 736 altor,
847 710 848 713 ,
936 672 939 678 ’

141 752 274 822 Luxque,
289 749 405 821 insigne
420 751 523 820 decus,
538 751 631 824 digna
642 752 784 826 salusque

138 838 233 895 Nostri
249 845 350 895 sancte
363 839 484 910 gradus,
502 841 614 897 ordinis
628 846 751 898 auctor:

141 928 211 993 Quae
228 928 343 1000 digesta
356 945 433 995 meo,
450 930 580 1002 suscipe,
595 946 695 986 sensu.

142 1020 233 1076 Sacra
245 1024 333 1088 tange
348 1034 442 1074 manu
457 1035 525 1092 qua
539 1019 602 1076 iero
618 1019 756 1093 supplex,

140 1110 318 1180 intemptata
333 1105 421 1162 sciis·
437 1106 641 1177 grammatice
655 1107 744 1164 artis:

140 1197 181 1252 Ae
192 1196 302 1252 rimare
317 1195 420 1266 legens
434 1212 563 1270 quaeque
577 1201 709 1270 peracta,

140 1287 211 1352 011ae
226 1302 282 1342 nos
295 1285 390 1342 dulcis
404 1301 501 1356 amor,
516 1301 649 1360 curaque
662 1301 782 1342 summa

140 1376 233 1434 Patris
245 1375 399 1450 precipui,
415 1378 444 1430 et
458 1375 563 1444 didcis
578 1375 660 1444 almi,

139 1465 236 1537 Magni
251 1463 376 1536 Patricii,
388 1468 416 1520 et
429 1464 585 1521 reverendi

139 1553 256 1610 Ricardi
269 1552 394 1610 celebris
409 1552 474 1608 orbi
488 1552 613 1610 labanti.

139 1647 257 1699 AEterna
271 1642 379 1716 patria,
392 1641 459 1713 jure
471 1641 613 1714 potentis,

139 1733 322 1805 Quanquam
338 1733 385 1786 sat
397 1729 535 1797 breviter,
552 1729 679 1786 scribere
694 1728 771 1785 fecit.
821 1726 823 1730 ’

139 1821 198 1887 Oui
211 1820 343 1878 bonitate
356 1818 458 1876 cluens
473 1824 501 1876 et
514 1818 633 1893 pietate,

140 1909 336 1984 Simplicitate
351 1908 454 1964 valens
464 1911 491 1965 et
503 1907 661 1982 probitate,

139 2000 271 2070 Fingens
283 1998 396 2071 judicio
405 1998 588 2070 justitiaque,

140 2091 246 2160 Regno
262 2087 444 2162 splendidior
459 2087 557 2144 floruit
569 2087 636 2158 isto,

137 2179 238 2249 Magni
253 2176 392 2235 clotharii
407 2180 539 2250 tempore
552 2176 631 2248 regis

137 2265 335 2339 Hugonisque
349 2265 444 2332 ducis
460 2269 565 2338 postea
576 2265 674 2337 regis:

139 2357 231 2428 Cujus
243 2354 333 2412 eorde
348 2369 452 2425 sagax,
467 2358 627 2428 menteque
642 2356 774 2428 prudens

139 2447 292 2517 llxpensas
306 2457 453 2508 memora,
466 2440 613 2515 iactaque,
629 2442 718 2500 dicta.

139 2537 225 2591 Recte
234 2548 296 2606 quo
308 2533 395 2588 valea
410 2531 600 2604 aequiparari.

137 2622 231 2693 Digne
246 2619 395 2678 consimili
409 2620 472 2691 jam
487 2619 620 2676 bonitate

137 2714 208 2768 Tam
221 2710 316 2781 digno
330 2706 442 2777 comiti,
458 2711 579 2782 tamque
595 2707 714 2778 celebri,

137 2805 207 2858 Tam
221 2801 375 2874 justoque,
390 2799 483 2870 bono,
499 2801 622 2871 tamque
636 2797 782 2867 modesto,

136 2895 208 2949 Tam
219 2895 336 2958 sancto,
352 2889 413 2963 pio,
428 2893 552 2961 tamque
564 2887 701 2958 colendo,

136 2979 215 3036 tuste
230 2994 296 3052 quo
311 2977 429 3047 fruitur,
444 2980 534 3049 atque
548 2975 637 3048 potiri

137 3067 168 3124 ln
183 3072 299 3124 coetum
313 3081 457 3140 superum
472 3063 574 3137 ireque
590 3063 704 3131 dexter,

135 3164 239 3230 Agnus
258 3154 421 3214 candidulo
434 3152 540 3210 vellere
554 3150 688 3228 pulcher,

134 3249 263 3304 tunctus
275 3243 415 3302 ooelicobs
428 3259 504 3318 pace
518 3241 652 3317 perenni.

169 3333 359 3393 pontificalis
374 3347 452 3407 apex
470 3335 499 3388 et
512 3332 620 3402 honor,

136 3424 275 3484 Culmiue
287 3421 441 3498 praecipuo
455 3419 595 3488 renitens,

103 3611 209 3669 Praesrd
223 3610 372 3682 amande,

103 3703 133 3757 Et
143 3699 313 3758 reverende

103 3790 133 3845 rt
145 3788 322 3858 recolende,

102 3881 191 3952 atqm
206 3875 388 3944 tremende;

102 3966 213 4024 onoma
228 3966 324 4037 cujus

102 4054 157 4112 iloc
171 4069 303 4130 quoque
317 4055 447 4109 metrum

104 4145 163 4200 lton
174 4145 261 4219 capit
275 4157 418 4215 usquam,

106 4233 161 4290 Nisi
171 4234 334 4306 redempta

106 4320 206 4380 Littera
220 4320 303 4379 desit

106 4409 293 4466 birilioarum

107 4497 325 4572 Prosapiarum.

108 4585 190 4644 Gesta
203 4591 329 4643 tuorum

110 4673 228 4748 Suseipe
243 4677 377 4748 patrum.

109 4761 208 4834 Patris,
222 4762 343 4834 avique,

111 4850 157 4906 Sat
168 4850 314 4908 bonitatis

111 4937 182 4996 Luce
196 4937 347 5006 micantis,

111 5025 189 5084 Nunc
202 5027 380 5101 proavique,

111 5114 172 5170 tam
182 5113 383 5173 memorando

113 5201 179 5266 cue
194 5203 279 5260 bona
291 5203 419 5277 quisque

114 5289 185 5346 lecit
198 5291 231 5347 in
245 5291 328 5360 orbe,

114 5376 173 5433 Vita
186 5381 336 5451 superstes

116 5465 188 5522 llum
201 5467 347 5539 vegetavit

117 5551 222 5611 Fomite
236 5571 330 5625 sacro,

255 5663 375 5722 Parnon.
400 5667 487 5726 cxli.

692 3611 787 3682 Atque
803 3608 917 3668 salubri

694 3695 821 3754 Sometis
837 3701 928 3756 artua

693 3787 827 3857 Namque
840 3786 972 3844 verenda

693 3873 891 3931 Ecclesiarum

692 3960 881 4020 Mirificarum

694 4049 831 4107 Culmina
845 4050 978 4122 fulgent:

694 4140 775 4205 Quas
790 4143 875 4210 pater
889 4137 962 4196 olim

694 4228 849 4285 Schemate
863 4227 990 4302 pulchro

693 4315 869 4373 AEdifioavit.

694 4405 766 4473 Quis
781 4403 861 4462 valet
873 4405 938 4477 ejus

694 4496 807 4552 Cuncta
823 4494 922 4551 videro

694 4585 766 4650 Quae
780 4583 863 4640 bona
877 4582 955 4652 lecit,

694 4671 788 4730 Corde
802 4671 915 4742 sagaci,

693 4764 846 4834 ltenteque
860 4760 963 4834 purat

693 4849 795 4907 ltertia
804 4865 897 4924 quem
910 4864 991 4906 nunc

694 4938 820 4996 Francia
833 4938 942 5012 plorat,

695 5029 730 5084 Et
743 5027 835 5098 gemit
850 5027 930 5095 Eius,

695 5116 891 5190 Ejulatatque

694 5208 784 5264 ldorte
799 5204 931 5276 lugubri,

695 5298 790 5367 Atque
803 5290 958 5361 merenda,

696 5383 818 5454 neuque
829 5379 970 5438 dolenda.

696 5471 814 5526 llunere
830 5469 917 5541 cujus

698 5560 768 5623 Quae
785 5557 943 5632 locupleta,

1026 491 1122 550 Gloria
1141 495 1318 568 pontificum
1331 497 1447 567 merita,

1026 581 1129 639 Pastor
1143 585 1243 658 opime
1258 586 1356 656 gregis
1371 587 1508 659 llomine,

1024 669 1150 728 Pacifica
1165 671 1270 744 pietate
1288 675 1400 746 calens,

1026 756 1135 815 Officiis
1147 775 1289 830 generose
1300 763 1367 838 piis,

1026 845 1161 904 Ecclesiae
1177 849 1299 923 ordinis,
1315 857 1404 926 atque
1419 853 1531 926 gradm

1025 934 1137 1004 Palma,
1151 937 1312 1013 decusque.
1326 942 1471 1016 tidesque,
1486 946 1577 1018 salus,

1025 1024 1264 1102 Christicolasque
1280 1035 1371 1104 caput
1382 1032 1496 1106 populi,

1024 1114 1184 1185 Egregium
1199 1117 1343 1175 auribum
1358 1121 1472 1192 patriae,

1023 1201 1072 1258 Vir
1085 1205 1267 1276 venerande,
1283 1223 1368 1264 sacer
1381 1208 1504 1280 meritis,

1023 1291 1159 1364 Belbgeri
1172 1296 1284 1368 egregii
1298 1299 1414 1370 proavi,

1023 1383 1161 1455 ltartyrio
1175 1384 1314 1442 micantis
1328 1389 1387 1458 avi,

1023 1471 1183 1530 Praedulcis
1199 1475 1361 1550 eximiique
1375 1481 1479 1552 patris,

1024 1561 1145 1631 ingenio
1159 1568 1290 1620 reserata
1301 1582 1379 1623 meo.

1022 1646 1171 1703 Thematis
1185 1647 1289 1704 ordine
1302 1651 1431 1722 prosaici

1025 1733 1190 1807 stultilogo,
1207 1737 1386 1812 stolidoque,
1403 1740 1519 1812 hebete,

1024 1824 1129 1896 inscia,
1144 1824 1246 1900 inepto
1261 1827 1399 1902 videque,
1414 1846 1497 1903 cape.

1023 1913 1139 1971 ltaterie
1153 1913 1299 1974 fluitanda
1315 1933 1381 1988 sua,
1434 1911 1437 1916 ’

1024 2001 1136 2074 Dulcia,
1152 2003 1307 2074 munifica,
1324 2012 1351 2063 et
1367 2007 1496 2081 stupida,

1023 2093 1154 2164 Femina,
1170 2093 1301 2151 veridico
1317 2095 1459 2170 alloquio,

1023 2183 1110 2239 Gesta
1123 2182 1236 2254 legens,
1250 2185 1424 2258 replicando
1440 2187 1502 2257 diu,

1023 2272 1093 2336 Quae
1107 2269 1189 2328 bona
1202 2274 1353 2346 repperies
1368 2291 1514 2334 memora.

1023 2360 1119 2429 Fruge
1135 2359 1288 2416 salutifera
1303 2365 1439 2432 segetum

1024 2449 1112 2504 Pasce
1127 2448 1324 2522 animumque
1339 2453 1435 2519 tuum,
1449 2450 1496 2508 his
1509 2454 1604 2526 epulis

1022 2534 1141 2591 Talibus
1156 2535 1268 2592 instrue
1281 2551 1391 2610 corque
1407 2541 1504 2606 tuum,

1023 2623 1144 2680 acubus
1160 2624 1322 2698 equiperis
1338 2626 1437 2682 valcas

1024 2717 1147 2773 Currere
1162 2731 1232 2773 cum
1246 2715 1361 2772 seniore
1374 2719 1448 2787 viro,

1024 2806 1097 2862 Cum
1113 2807 1208 2876 patre,
1224 2820 1293 2861 cum
1309 2807 1441 2878 genitore
1457 2824 1554 2866 sacro.

1024 2891 1132 2963 Gloria,
1147 2891 1218 2966 vita,
1234 2883 1326 2964 salus,
1342 2895 1488 2968 probitas,

1024 2980 1139 3054 Sospite
1154 2997 1289 3056 corpore,
1305 2983 1378 3056 quin
1394 2984 1497 3043 animo

1023 3072 1126 3140 Longa
1139 3084 1194 3143 per
1207 3069 1401 3128 innumerum
1418 3071 1470 3130 bbi
1485 3073 1530 3130 sit.

1023 3159 1153 3232 Postque
1168 3157 1249 3215 necis
1262 3159 1389 3231 lugubre
1405 3161 1555 3220 excidium
1604 3195 1611 3204 ·

1024 3247 1112 3305 Elisia
1126 3245 1220 3321 patris
1235 3247 1337 3319 vigeas

1022 3335 1206 3410 Participans
1220 3342 1364 3390 ΘΗΩΘΗΝ
1377 3343 1594 3393 ΩΥΡΑΝΥΚΑΜ.

1285 3613 1321 3670 Se
1338 3613 1534 3672 exhilaranda

1283 3701 1475 3761 reducebat.

1282 3794 1393 3849 Anece
1406 3793 1492 3863 eujus

1283 3878 1363 3935 Ordo
1378 3895 1534 3936 sacrarum

1283 3964 1494 4034 Ecclesiarum,

1284 4053 1355 4118 011ae
1367 4053 1531 4122 refovebat,

1283 4139 1525 4198 ltultimodarum

1284 4229 1497 4299 congerierum

1283 4320 1402 4376 llunere
1417 4335 1513 4388 sacro,

1282 4405 1397 4464 Fomite
1411 4414 1525 4479 sancto,

1284 4493 1508 4570 colloquioque.

1282 4583 1381 4642 Tristis
1395 4585 1533 4655 habetur,

1284 4672 1361 4739 Quin
1373 4673 1535 4730 viduarum

1283 4762 1381 4819 Turba
1395 4766 1571 4833 vagantum,

1283 4851 1368 4914 End,
1383 4850 1543 4922 inopsque,

1284 4938 1497 5010 Esuriensque,

1285 5027 1341 5094 Qui
1356 5025 1430 5096 sitis,
1446 5028 1536 5098 atque
1608 5027 1615 5038 “

1285 5117 1361 5171 Luce
1374 5112 1493 5186 privati,

1285 5199 1485 5274 consilioque,

1240 5289 1246 5300 “
1285 5286 1516 5360 vestequenudi

1285 5376 1405 5446 Frigore
1419 5375 1525 5447 pressi,

1288 5469 1321 5522 ut
1334 5464 1383 5520 luc
1395 5464 1485 5538 pleni,

1169 5601 1172 5608 .
1287 5553 1417 5612 [tiresia
1431 5555 1514 5612 omni

1646 5666 1679 5716 att
