4002 6174
100 83 147 136 533
457 81 500 135 ai
519 77 691 141 inhausit
709 75 997 135 isciiirnaeuiiu.
1018 78 1107 135 rins
1125 81 1266 138 ALTERA
1284 85 1451 144 GENUlNA.

1746 99 1798 152 eii

590 204 755 260 ANNALES
775 200 1142 268 anniiriuuiiciiusas.
1164 208 1199 262 Α.
1222 211 1300 265 iore.

92 315 206 354 morum
221 303 405 356 sanctorum.
421 300 517 357 altare
532 299 562 355 in
576 299 678 356 medio
692 299 824 356 ecclesiae
834 295 952 354 dedi-A
971 304 1081 357 sancta
1107 303 1202 360 llariae
1226 305 1360 377 Zozimre,
1377 313 1488 366 sarictae
1504 309 1666 380 Felicitatis,
1683 318 1798 390 septem

93 391 188 444 catam
204 391 276 443 esta
291 390 413 456 Gerone,
429 389 657 463 archiepiscopo
667 388 920 458 Magadehurgen-

93 476 126 546 si,
136 476 166 531 in
181 475 296 532 honore
310 483 420 534 sanctae
448 483 476 533 et
504 478 752 535 victoriosissimae
767 479 874 548 crucis,
889 482 919 534 et

92 571 261 622 sanctorum
274 571 441 638 martyrum
457 567 604 624 Laurentii
624 571 653 624 ct
678 568 845 638 rcigenuni
860 566 917 624 ira-

91 659 179 724 trum,
195 655 287 711 sancti
304 656 448 712 laurentii
476 662 504 713 et
530 657 683 726 Vincentii,
710 657 804 714 sancti
819 656 916 722 Blasii,

91 743 183 799 sancti
194 743 407 818 Christophori,
424 745 519 801 sancti
530 745 643 801 Erasmi
671 745 820 818 martyris,
835 762 919 802 sane

90 835 188 888 torum
200 833 312 888 cosmae
323 838 350 888 et
366 834 512 901 Damiani,
529 835 626 892 sancti
645 834 812 904 Clementis,
824 835 919 892 sancti

90 922 218 979 hienricii
231 927 259 977 et
272 922 422 978 sociorum
437 924 513 994 ejus.
528 927 559 980 Et
570 923 602 979 in
617 924 674 980 hoc
689 923 774 980 altari
784 924 917 980 contine-

90 1015 137 1065 tur
151 1009 268 1080 lignum
281 1015 392 1066 sanctia
407 1012 503 1068 crucis
518 1011 624 1084 spinea
637 1028 758 1069 corona.
771 1016 805 1070 Et
816 1013 847 1069 in
861 1014 918 1070 hoc

89 1099 155 1172 ipso
175 1100 363 1157 continentur
389 1101 520 1174 reliquias
547 1107 723 1158 sanctorum
749 1107 917 1176 martyrum

90 1187 259 1246 Laurentini
271 1194 300 1246 et
314 1190 490 1261 Pergentini,
506 1192 599 1248 sancti
612 1191 736 1250 Mauritii
750 1193 916 1249 sociorum-

89 1293 147 1350 que
162 1278 237 1348 ejus,
252 1278 346 1334 sancti
359 1276 472 1350 uitalis,
488 1280 580 1336 sancti
603 1281 728 1352 Georgii,
740 1281 834 1338 sancti
848 1280 916 1336 Vin-

970 385 1100 446 filiorum
1113 393 1187 464 ejus,
1204 401 1315 452 sanctie
1329 396 1441 466 Odilioe,
1450 403 1562 456 sanctas
1576 401 1797 470 Lucioe,sanctre

970 476 1150 551 adeldridae,
1164 489 1273 540 sanctie
1289 488 1491 564 Margarethoe,
1518 489 1655 546 omnium
1684 496 1798 548 sancte·

970 581 1038 622 inm
1054 567 1213 638 virginum.
1240 576 1273 630 Et
1285 573 1315 629 in
1331 575 1388 631 hoc
1407 576 1473 650 ipso
1500 575 1586 634 altari
1610 578 1799 637 continentur

970 654 1102 728 reliquia
1116 664 1287 718 sanctarum
1306 663 1466 735 uirginum,
1483 671 1594 723 sanctes
1624 669 1798 738 Laurentiae,

971 749 1082 800 sanctas
1095 749 1196 818 lustin,
1208 755 1317 807 sanctie
1332 754 1464 824 Agathie,
1481 759 1591 811 sanctie
1619 755 1798 826 walburgae,

971 837 1080 889 sanctae
1095 838 1272 908 llargnrehe,
1288 847 1397 897 sauctae
1413 843 1518 912 hucin,
1530 849 1640 901 sanctis
1662 845 1797 914 lubente,

971 927 1081 979 sanctie
1097 922 1299 998 Columbanie,
1326 935 1435 987 sanctie
1464 931 1586 1001 Ceciliie,
1613 939 1724 991 sanctes
1748 935 1798 991 So·

969 1012 1059 1084 phioe,
1093 1019 1203 1071 sancte
1237 1017 1401 1086 Felicitatis,
1427 1025 1536 1078 sanctae
1568 1023 1654 1091 Arias,
1685 1027 1797 1080 sanctia

970 1101 1120 1170 praxedis,
1151 1109 1262 1160 sanctie
1291 1106 1450 1163 Gertrudis.
1478 1111 1537 1165 Hac
1552 1110 1681 1184 denique
1703 1111 1797 1183 regali

970 1187 1040 1244 aula
1052 1191 1188 1261 pretiosis
1203 1192 1335 1265 reliquiis
1356 1194 1560 1252 venerabiliter
1583 1197 1796 1270 suffultaliiti),

969 1276 1132 1348 imperator
1160 1283 1364 1337 Romanorum
1396 1282 1533 1350 eximius,
1562 1286 1718 1342 contectali
1744 1302 1800 1344 sua

89 1364 186 1436 centii,
203 1367 299 1423 sancti
314 1367 412 1435 Blasii,
439 1367 533 1423 sancti
559 1369 680 1426 Fabiani
698 1375 726 1426 et
740 1369 916 1438 sebastiani,
970 1365 1157 1438 imperatrice
1170 1369 1349 1441 Cuuiguada
1376 1372 1561 1444 pignoreque
1587 1373 1689 1444 regali,
1716 1373 1800 1430 herili

90 1455 184 1511 sancti
198 1455 413 1528 christophori,
430 1460 602 1514 sanctorum
619 1461 731 1515 Cosmae
755 1467 784 1515 et
799 1459 916 1516 Damia—
971 1454 1104 1512 videlicet
1116 1457 1240 1514 domina
1261 1459 1434 1530 adelheide,
1449 1477 1518 1534 quie
1533 1462 1625 1518 decus
1651 1463 1801 1532 dignosci-

89 1543 129 1608 ni,
146 1543 240 1599 sancti
252 1542 410 1611 Eustachii,
434 1545 527 1600 sancti
554 1539 695 1613 Quintini
710 1546 803 1602 sancti
820 1546 916 1603 iihori
970 1545 1018 1599 tur·
1030 1544 1312 1616 sanctimonialium,
1327 1563 1389 1604 una
1401 1564 1470 1604 cum
1486 1565 1586 1606 sorore
1606 1567 1661 1607 sua
1679 1551 1801 1624 Sophia,

89 1629 280 1688 confessoris,
292 1632 390 1688 altare
403 1634 533 1688 australe
545 1633 716 1692 dedicatum
741 1636 917 1693 estollein-
935 1633 1145 1707 portantisque
1179 1635 1263 1705 regni
1296 1637 1504 1708 optimatibus,
1541 1655 1610 1694 cum
1648 1639 1803 1696 communi

88 1736 187 1777 werco
199 1720 446 1778 pathelburnensi
476 1722 619 1797 episcopo
637 1723 797 1781 inhonore
824 1725 918 1781 sancti
972 1737 1123 1778 consensu
1138 1723 1207 1780 cleri
1222 1739 1257 1780 ac
1269 1725 1374 1797 populi
1393 1725 1571 1796 astantibus,
1595 1727 1670 1784 illud
1685 1733 1801 1801 aposto·

90 1808 199 1879 Libori,
215 1809 352 1866 omnium
368 1816 541 1866 sanctorum
556 1817 584 1868 et
609 1812 771 1870 electorum
782 1813 841 1881 Dei,
857 1813 919 1870 Vic-
971 1809 1063 1865 licum
1077 1809 1226 1868 inhianter
1249 1811 1425 1869 desiderans
1446 1814 1651 1886 promissum:
1678 1816 1736 1884 Qui
1757 1832 1801 1873 se-

89 1899 173 1968 toris,
189 1898 325 1966 Candidi,
342 1899 489 1972 Exuperii,
504 1900 629 1957 aliorum
645 1903 805 1970 sociorum,
824 1903 919 1959 sancti
972 1899 1067 1955 minat
1082 1899 1113 1954 in
1125 1900 1333 1966 benedictione,
1349 1903 1380 1956 in
1394 1901 1644 1960 benedictionibus
1660 1909 1688 1960 et
1702 1911 1800 1972 metet,

87 1986 232 2053 Maurioii,
246 1986 339 2042 sancti
353 1986 500 2060 hippoliti,
513 1989 606 2044 sancti
622 1989 917 2060 pantaleonis,sancii
972 1986 1109 2059 pluribus
1125 1987 1190 2042 anri
1205 1987 1428 2060 sericorumque
1442 1989 1574 2046 donariis
1594 1991 1725 2064 doteque
1739 1993 1801 2048 hae-

88 2073 217 2146 Cpn‘iaci,
244 2075 337 2132 sancti
362 2076 493 2145 Adriani,
516 2080 544 2132 et
567 2077 694 2134 eliorum
717 2079 918 2152 plurimorum
971 2074 1112 2130 redllurlu
1139 2092 1233 2138 uuum
1261 2076 1392 2133 maximo
1418 2076 1496 2133 huno
1521 2076 1704 2136 laudabilem
1723 2080 1803 2137 basi-

89 2167 272 2219 sanciorum.
289 2162 386 2219 ,litare
415 2163 588 2237 aquilonare
622 2166 793 2226 dedicatum
820 2173 864 2224 est
879 2168 918 2226 ab
972 2159 1061 2218 licam
1075 2163 1238 2220 honorilice
1253 2164 1367 2222 ditavit.
1382 2165 1492 2222 Deinde
1508 2184 1592 2224 sacro
1606 2167 1803 2224 dedicationis

89 2250 224 2306 Eilvardo
248 2251 386 2309 Misnensi
411 2253 554 2327 episcopo
568 2254 723 2312 inhonore
738 2257 834 2316 sancti
848 2259 918 2314 Bar-
972 2251 1098 2323 hujusce
1109 2252 1156 2308 die
1178 2259 1286 2309 octavo
1301 2252 1551 2323 heresburgcnsis
1565 2256 1697 2312 ecclesiia
1722 2256 1804 2312 dedi-

89 2340 240 2396 ihoiomaei
269 2341 400 2413 apostoli
433 2346 462 2398 ei
488 2344 625 2400 omnium
653 2345 860 2416 apostolorum
890 2349 920 2402 et
973 2335 1121 2396 ontionem
1145 2357 1261 2414 -pro
1289 2341 1532 2414 corruptibilibus
1557 2343 1804 2417 incorruptibilia,

89 2428 339 2499 evangelistarum
353 2434 382 2486 et
397 2430 615 2503 discipulorum
630 2433 756 2489 Domini.
774 2436 807 2490 Et
818 2433 849 2489 in
861 2435 919 2490 hoc
973 2443 1028 2500 plo
1044 2429 1258 2501 temporalibus
1282 2433 1404 2500 oetel'llu,
1429 2447 1497 2504 quoe
1523 2431 1628 2488 oculus
1656 2448 1718 2488 nou
1730 2433 1805 2490 vidit

89 2517 155 2591 ipso
164 2517 250 2575 altari
265 2520 454 2576 continentur
467 2520 600 2594 reliquiae
615 2522 710 2578 sancti
724 2522 800 2579 Petri
809 2523 919 2596 princi·
973 2532 1028 2573 1100
1044 2517 1124 2573 auris
1153 2517 1267 2575 audivit
1281 2535 1336 2574 neo
1366 2519 1395 2575 lu
1423 2519 1517 2576 corda
1532 2521 1730 2578 ascenderant
1747 2521 1804 2579 hu-

89 2605 134 2677 pis
161 2606 378 2680 apostolorum,
407 2610 502 2665 sancti
537 2609 628 2678 Pauli,
659 2607 755 2666 saneti
782 2608 918 2679 Andreae,
974 2621 1067 2662 mana
1081 2621 1148 2678 quaa
1162 2609 1240 2662 Deus
1254 2607 1640 2680 praepai·avitdiligentihus
1656 2625 1687 2664 se
1702 2609 1805 2664 -vis·

89 2693 184 2749 sancti
197 2693 310 2766 iacobi,
326 2696 421 2752 sancti
439 2697 570 2764 Thomie,
585 2696 680 2755 sancti
701 2696 918 2766 Bartholomaei,
975 2698 1141 2750 ceretanus
1160 2695 1300 2764 sitiendo,
1316 2711 1377 2751 non
1394 2695 1501 2770 impari
1516 2695 1688 2769 tripudiavit
1701 2695 1805 2766 gloria.

89 2781 183 2838 sancti
196 2783 332 2857 Philippi,
345 2785 439 2841 sancti
452 2786 588 2855 Matthaei,
604 2789 777 2844 sanctorum
791 2784 919 2843 Simonis
974 2782 1111 2840 perlectis
1124 2784 1225 2856 itaque
1239 2784 1526 2857 consummatisque,
1554 2790 1587 2842 ut
1600 2784 1805 2858 prediximus,

88 2875 115 2926 et
129 2869 224 2938 ludis,
242 2873 338 2927 sancti
354 2873 508 2940 Bernaba,
522 2872 617 2928 sancti
636 2873 700 2942 viii,
725 2873 820 2929 sancti
834 2873 920 2930 liaroi
974 2872 1197 2930 dedicationum
1229 2872 1443 2942 gaudimoniis
1469 2873 1632 2947 imperator
1658 2879 1807 2946 augustus

86 2959 288 3030 evangelistar.
305 2965 335 3017 ln
346 2961 524 3019 occidentali
539 2967 623 3034 parte
637 2962 730 3018 altare
748 2963 877 3021 australe
889 2963 919 3019 in
940 2961 1076 3050 ciocum
1089 2961 1244 3034 quendam
1255 2962 1341 3031 regni
1353 2963 1462 3034 sapius
1484 2979 1575 3036 supra
1593 2968 1806 3036 memoratum,

86 3048 204 3106 honore
214 3051 308 3106 sancti
330 3051 464 3121 liemigii,
481 3051 576 3108 sancti
601 3051 715 3123 Cyriacr
736 3052 876 3125 martyris
895 3055 923 3108 et
976 3049 1088 3106 Alstedi
1114 3049 1237 3117 dictum,
1262 3049 1310 3107 vie
1334 3050 1513 3121 aggrediens
1538 3051 1711 3120 accelerata,
1737 3070 1809 3110 con·

87 3139 242 3195 sociorum
267 3139 341 3210 ejus,
370 3140 464 3197 sancti
493 3140 561 3197 sisti
595 3156 682 3215 papoe
713 3147 742 3198 et
768 3141 920 3216 martyris,
975 3135 1134 3209 ductisque
1162 3137 1326 3194 Germaniae
1355 3137 1470 3211 primis,
1486 3144 1576 3211 prout
1598 3156 1726 3196 censure
1745 3141 1806 3197 eri-

87 3231 262 3284 sanctorum
273 3229 395 3285 loannis
410 3233 437 3284 ei
452 3229 544 3296 Pauli,
569 3234 742 3287 sanctorum
758 3233 775 3291 i
790 3234 920 3290 Corona·
976 3229 1060 3294 gelat
1073 3224 1246 3296 impulinllt,
1272 3240 1417 3298 maguum
1446 3225 1556 3282 ibidem
1579 3228 1695 3299 peragit
1708 3229 1807 3284 oonsi-

86 3323 198 3385 torum,
222 3318 315 3374 sancti
340 3318 483 3375 Boniiacii
505 3322 534 3376 et
552 3318 703 3376 sociorum
727 3320 801 3392 ejus,
823 3320 917 3378 sancti
974 3313 1059 3370 lium.
1075 3312 1174 3372 Rebus
1189 3329 1321 3387 namque
1335 3313 1498 3386 regalibus,
1520 3319 1609 3386 prout
1624 3314 1740 3386 sagacis
1760 3317 1806 3372 sui

89 3407 201 3463 Kfflani
212 3408 424 3481 sociorumque
439 3409 516 3480 ejus,
532 3408 628 3465 caneri
648 3409 754 3467 Donati
761 3410 920 3483 martyris,
974 3402 1085 3473 ingenii
1099 3401 1246 3461 industrie
1262 3402 1415 3474 docuerat,
1445 3403 1596 3477 sapienter
1619 3403 1804 3478 compositis,

86 3497 186 3553 sancii
200 3497 388 3554 Wencesiavi
402 3497 553 3570 martyris,
582 3499 677 3555 sancii
704 3499 852 3557 anastasii
868 3514 921 3573 pa·
975 3507 1005 3548 so
1020 3507 1135 3565 suoque
1164 3490 1267 3550 omnia
1293 3507 1391 3550 auron
1417 3493 1582 3564 Saxonum,
1599 3508 1692 3550 saxea
1713 3492 1807 3552 cordo

85 3603 144 3660 pia,
179 3587 275 3643 sancii
308 3587 482 3658 innocentii,
510 3587 604 3645 saneti
628 3589 728 3659 dagni
766 3589 917 3662 martyris,
973 3579 1150 3650 Selenium,
1163 3577 1233 3636 fidel
1257 3580 1535 3652 0⁰ffl¹1¹01¹d³¹¹³ilss
1557 3580 1669 3654 quihus
1693 3585 1805 3656 Pillti,

86 3675 184 3732 sancti
210 3675 357 3733 Lambere
370 3675 520 3750 martyris,
535 3676 630 3732 sancii
643 3677 739 3747 Magni
765 3677 919 3735 confesso.
973 3667 1144 3742 sceptrigeri
1169 3668 1364 3741 imperatores
1404 3668 1551 3740 videlicet,
1573 3670 1723 3727 vincendo
1739 3688 1741 3694 ’
1757 3687 1805 3728 re-

85 3766 138 3832 ris,
155 3765 250 3822 sancti
273 3765 410 3836 0dalrici,
439 3765 534 3823 sancti
560 3765 641 3836 Sixti,
671 3766 766 3826 sancti
793 3766 918 3835 arnulli,
974 3761 1110 3826 gnantes,
1125 3754 1281 3826 regnando
1294 3757 1446 3813 huciuosc
1461 3756 1654 3828 imperantes,
1670 3756 1805 3813 filffllSSl·

85 3857 184 3912 sancti
200 3853 423 3926 bernuinus),
452 3854 547 3911 sancti
561 3854 798 3928 aununtiate),
825 3856 920 3913 ancti
973 3864 1056 3904 mam
1082 3847 1145 3920 spei
1169 3849 1244 3918 (299)
1274 3847 1434 3904 infixerant
1463 3847 1628 3903 anchoram
1646 3863 1653 3911 ;
1668 3860 1806 3917 quosque

85 3943 228 4015 liutgeri,
244 3943 338 4000 sancti
359 3942 505 4012 Wigherti
534 3942 684 4015 martyris,
711 3943 806 4001 sancti
833 3943 920 4004 Maxi·
973 3935 1057 4004 tegni
1085 3935 1259 3991 &lumnam
1286 3933 1455 4008 Pl0fil0¹¹d⁰
1478 3931 1696 4004 munimenque
1725 3945 1807 4002 08¹0·

83 4033 172 4102 mini,
203 4031 297 4089 sancti
321 4029 437 4101 Valerii,
465 4031 559 4088 sancti
581 4030 727 4100 Eucherii,
753 4031 847 4092 sancti
863 4035 918 4090 Lu·
974 4021 1057 4092 glum
1076 4019 1309 4092 ⁰⁰nssflud0ssd0,
1336 4018 1562 4093 paciferumque
1587 4019 1716 4075 hemum
1741 4033 1806 4089 Sel·

83 4121 199 4191 dosici,
211 4121 305 4178 sancti
318 4120 434 4177 Paulini
460 4119 657 4189 nevarensis,
685 4120 780 4180 saucii
805 4121 918 4182 Paulini
972 4126 1043 4166 men
1058 4110 1204 4180 inclitum,
1219 4113 1303 4166 Vtile
1315 4110 1427 4178 l⁰88l82
1448 4107 1500 4164 sed
1510 4122 1669 4180 nunquam
1679 4107 1725 4164 Vel
1738 4123 1805 4165 ⁵⁰l⁰

83 4211 209 4268 Nolanae
224 4209 350 4266 Givllsslis
365 4209 508 4284 episcopi,
532 4209 584 4284 qui
607 4225 664 4282 pro
673 4208 734 4267 filio
762 4208 860 4266 viduae
887 4227 918 4266 gg
973 4199 1104 4256 scissura
1118 4198 1261 4256 Gossllssllo
1275 4196 1415 4254 'indutum
1428 4195 1618 4268 gratulando,
1633 4197 1675 4254 nil
1689 4196 1746 4254 illis
1755 4213 1805 4256 01·

83 4298 362 4364 amiciamini,
375 4299 470 4356 sancii
491 4297 659 4368 noemia,
684 4299 779 4356 ,aneu
805 4299 953 4390 aaroni„
972 4293 1128 4362 ceruleo
1150 4290 1340 4360 cornutoque
1359 4285 1572 4357 bidiademate,
1587 4285 1727 4361 protono
1741 4292 1805 4345 stu·

83 4387 279 4459 eonicssoris,
294 4387 389 4444 sancti
403 4387 534 4456 lleuoni,
555 4387 652 4444 sancti
665 4387 794 4446 zezonis.
810 4389 843 4444 ln
859 4388 917 4446 hoc
972 4377 1205 4452 dendopnterno
1216 4375 1380 4435 dilexerant
1390 4373 1499 4432 affectu
1509 4407 1543 4416 —
1553 4375 1702 4449 quolacto
1714 4376 1805 4434 sicrei

81 4477 151 4552 19³0
180 4475 267 4534 almi
299 4476 488 4534 continentur
521 4476 654 4551 reliquiae
682 4477 777 4536 sancii
813 4477 920 4538 Donati
973 4472 1082 4525 eventu
1095 4467 1230 4538 exigente
1243 4465 1334 4540 idque
1355 4464 1643 4540 reguioptimatihus
1657 4463 1806 4560 inhianter

83 4567 240 4641 martyris,
266 4567 360 4623 sancti
387 4566 517 4631 quintini
543 4565 691 4640 martyris¹
709 4567 804 4626 meg
817 4570 919 4628 parer.
972 4555 1304 4633 poscenubus,iilpium
1317 4549 1805 4648 deviabansrolandumproficrs·
1892 4554 1900 4570 ⁸

83 4657 169 4714 niani
184 4655 374 4728 contessoris,
394 4655 489 4715 sancti
501 4654 599 4714 idufi
622 4655 811 4728 contessoris,
826 4657 921 4718 sancti
973 4647 999 4704 oi
1008 4647 1139 4704 in0h⁰³i
1150 4649 1284 4714 Quarum
1293 4642 1466 4702 difficillime
1480 4642 1702 4738 enise,cunctes
1711 4651 1806 4706 98910·

84 4745 230 4803 Germani
258 4745 449 4814 confessoris,
480 4747 655 4804 sanctarum
693 4744 845 4816 virginum
882 4746 920 4806 de
972 4734 1108 4795 nisillius
1118 4733 1287 4808 provincias
1307 4731 1465 4798 vincendo,
1478 4727 1808 4824 regnantiqimperan·

84 4835 223 4894 colonia.
247 4838 279 4891 in
314 4832 491 4893 occidentali
514 4837 599 4907 paria
625 4833 717 4891 utare
745 4834 921 4907 aquilonare
973 4824 1287 4897 donnonnnsnonns,
1302 4819 1402 4876 natale
1416 4816 1533 4875 bonini
1548 4829 1632 4871 more
1646 4813 1806 4911 imperato

83 4925 115 4982 in
128 4925 248 4981 honore
263 4927 436 4980 sanctarum
445 4921 606 4992 virginum,
627 4926 736 4980 sanctas
752 4923 919 4997 Stephanae,
973 4915 1018 4971 rio
1029 4914 1111 4971 horis
1125 4912 1229 4970 italicis
1254 4909 1381 4981 gloriose
1407 4904 1642 4981 potestativeque
1656 4898 1805 5000 perduxit.

83 5011 267 5080 Laurentia,
281 5015 381 5082 iustae,
394 5010 542 5080 Pusinnre,
556 5011 798 5074 sanctaceciliae,
810 5017 920 5070 sanci&
1013 5007 1090 5060 9922.
1106 5005 1174 5060 Post
1185 5001 1248 5057 baec
1258 4997 1296 5054 de
1325 4995 1393 5052 loco
1415 4993 1446 5049 in
1464 4993 1565 5048 locum
1588 4986 1807 5062 proficiscendo

81 5099 272 5168 Petronelloe,
287 5103 398 5157 sanctie
420 5097 580 5168 Gertrudis,
608 5103 719 5157 sanctis
742 5099 920 5173 walburgae,
975 5092 1059 5148 urbis
1092 5087 1310 5153 munitissimffl,
1345 5082 1442 5183 lllll'li¹
1470 5076 1616 5179 Vld⁰¹l⁰⁰l3
1645 5075 1807 5178 moelillfffflg

83 5194 202 5246 sancus
227 5187 359 5259 Agnetis,
384 5191 496 5244 sanctie
521 5186 655 5259 agnata,
685 5193 795 5246 sanctes
818 5189 921 5255 iselae,
976 5183 1063 5252 cujus
1091 5178 1249 5248 indigenas
1270 5169 1499 5247 provincialium
1527 5167 1674 5268 legatione
1700 5167 1809 5268 ditioni

83 5280 201 5334 sanem
216 5275 366 5344 Barbam,
391 5277 501 5332 ,ηοω
525 5273 614 5343 ,qu
638 5279 813 5332 smctarum
835 5273 923 5345 virgi.
976 5269 1066 5340 regioe.
1099 5264 1315 5335 recognoverat
1335 5255 1471 5325 rebelles,
1500 5254 1675 5313 bellicosam
1698 5259 1811 5313 invexit

82 5381 164 5423 num
187 5363 420 5434 coloniensium,
459 5367 569 5422 sanctie
596 5365 693 5422 uaria
732 5363 922 5435 liegdelenae,
978 5357 1073 5415 aciem
1090 5372 1097 5423 ;
1112 5367 1204 5440 quam
1219 5345 1389 5416 etiamlioet
1403 5343 1560 5403 obsidione
1569 5343 1809 5416 1028989οΜ-

133 5475 198 5546 295)
213 5475 262 5531 Ita
274 5475 309 5530 L.
326 5471 447 5530 liumilfi
459 5489 485 5530 c.
1025 5463 1089 5536 297)
1104 5462 1152 5517 lta
1167 5460 1200 5514 L.
1219 5454 1347 5513 suffuius
1363 5469 1389 5511 c.

132 5546 308 5618 militent.
323 5557 348 5602 c.
976 5581 983 5588 ..
1024 5535 1090 5602 298)
1105 5533 1153 5589 lta
1167 5532 1202 5586 L.
1219 5542 1305 5601 spem
1320 5541 1345 5583 c.

238 5643 362 5698 Parion.
378 5641 464 5699 cxii.
1632 5623 1664 5675 ¹⁸
