4002 6174
112 127 154 193 ,c
500 137 503 142 .
666 121 814 178 naccae
831 113 969 178 raucae
986 115 1205 177 cannuca.
1739 129 1792 185 ecc

112 257 195 316 narius
207 250 342 309 medietas
357 252 402 306 est
415 246 604 316 duodenarii,
618 245 695 303 sicut
709 257 737 302 a,
755 247 844 302 acuta
865 243 903 300 el·
922 244 1029 299 acum
1043 255 1240 300 numerorum
1256 244 1450 320 proportione
1464 246 1689 306 demonstravit.
1714 246 1792 316 Quid

112 348 183 404 terius
196 345 226 398 Α.
242 339 396 397 medietate
410 337 568 408 colligitur.
591 336 682 394 Adest
710 349 781 407 ergo
807 334 911 408 diepa
964 332 1075 406 plura?
1089 336 1143 390 Per
1158 334 1346 407 supradictae
1361 335 1791 413 speciearnonochordumpri.

110 451 160 492 son.
173 437 210 489 lta
219 431 283 504 ipsa
295 431 327 485 li,
339 426 380 484 ad
395 430 428 484 ll,
441 425 639 494 diatessaron,
655 424 696 482 ad
711 427 742 481 E.
756 423 907 498 diapente,
961 422 1091 480 masilia
1106 423 1478 499 Pythagoraaaompaeuii,
1494 427 1524 483 in
1539 440 1601 501 quo
1628 429 1701 502 quie
1728 439 1789 488 110„

110 521 175 580 alteri
186 525 252 576 vele
264 525 291 574 a.
306 509 456 589 diapason
467 513 575 586 reddit,
605 516 638 570 lt.
668 525 789 587 quoque
813 512 852 570 ad
876 517 907 570 Ε.
961 512 1142 582 estlaaeiva,
1160 512 1213 570 sed
1226 512 1385 583 diligenter
1399 519 1502 588 aperte
1516 516 1587 572 artie
1605 518 1719 590 notitia,
1743 533 1789 576 ca-

108 615 202 677 tanam,
217 607 256 664 ad
269 609 474 678 atramqueci.
501 619 529 660 a.
558 601 745 660 diatessaron
773 606 825 660 aut
843 602 908 660 dia·
961 601 1112 676 pientibus
1124 602 1154 658 in
1162 617 1325 659 commune
1333 603 1455 676 placuit,
1465 607 1554 677 atque
1562 622 1658 679 usque
1668 607 1698 663 in
1708 608 1789 665 hunc

105 701 176 776 penta
188 701 278 754 tanat.
295 697 328 751 nt
341 697 371 750 a.
386 693 477 751 etiam
492 693 531 750 ad
547 695 579 749 ll.
595 697 711 762 tanum,
725 692 844 766 utrique
872 693 905 750 Α.

960 691 1041 748 diem
1056 705 1104 748 are
1117 691 1262 764 paulatim
1274 692 1436 749 crescendo
1445 693 1579 762 invainit,
1588 694 1655 768 ipso
1667 696 1788 755 doctore

104 807 126 847 a.
139 787 264 862 diapenta
276 783 321 840 vel
342 782 681 840 matesmrnnmandatr
695 797 722 838 a.
734 795 804 838 vero
819 785 907 840 acaia
960 781 1377 854 semperhnmanaetenehras
1388 781 1563 850 illustrante,
1572 784 1658 855 cnjus
1668 795 1789 845 camma

104 881 198 936 cumn.
213 875 367 948 diapason,
383 883 454 930 cunr
471 872 505 928 D,
526 871 675 944 diapente,
692 887 762 927 cum
788 874 819 927 E.
844 871 907 928 dia·

103 973 216 1025 esseron
228 965 322 1022 sonat.
336 965 407 1029 Qua
422 963 533 1018 cancta
548 960 580 1016 in
594 959 774 1034 supradictis
801 971 907 1018 nume·

101 1045 264 1113 decuriasse
276 1053 479 1126 perscrutator
492 1049 632 1106 inveniet.
647 1049 719 1106 ilino
733 1049 814 1106 enim
832 1049 906 1106 inci*

100 1145 169 1220 piens
193 1141 307 1199 Medus
334 1139 476 1215 panditor
500 1139 591 1211 hujus
610 1138 833 1208 artic,1nultam
847 1137 904 1196 naid

100 1239 205 1306 relapsa
218 1234 247 1288 et
270 1228 479 1286 difficillimam
501 1227 593 1300 halae
618 1225 689 1284 artie
710 1227 904 1285 concordiam

961 869 1106 944 sapientis
1124 883 1178 943 per
1192 871 1301 926 cuncta
1315 869 1395 940 viget
1409 871 1529 928 meula.
1549 873 1656 930 Amen.

1199 959 1336 1030 [implicit
1354 961 1547 1034 Micrctopetr,

1031 1050 1064 1106 id
1075 1055 1127 1118 cst,
1145 1049 1241 1106 mavia
1254 1063 1349 1106 cetrae
1364 1051 1396 1106 in
1409 1052 1522 1107 mustra
1534 1051 1633 1108 editur
1646 1067 1665 1110 a
1678 1053 1715 1109 D.

1115 1139 1250 1196 Gaidcm
1263 1139 1376 1196 marica
1391 1140 1583 1211 minemo,
1602 1145 1632 1198 et

1204 1225 1371 1286 mactat
1381 1229 1537 1285 manacta.

765 1527 1092 1662 inarmans

251 1777 510 1922 aliialii
556 1779 771 1919 tutata
817 1778 883 1916 ll
929 1767 1143 1915 alliun
1189 1769 1613 1916 titillationi

657 1999 813 2088 SUIQUn
836 1997 1017 2074 NOMINIS
1039 2007 1209 2072 canina.
1297 2055 1301 2062 .

518 2168 651 2228 tiiiscdni
666 2167 758 2226 corde
772 2167 848 2226 ineis
859 2166 1019 2225 hominnm
1033 2157 1148 2226 mollita
1160 2167 1309 2241 camenis,

521 2261 586 2316 Una
599 2258 674 2315 milii
688 2256 782 2315 intua
796 2260 970 2315 numeratos
985 2257 1109 2314 contulit
1122 2257 1207 2327 ictus,

521 2352 554 2406 in
569 2347 651 2405 coelis
664 2363 786 2405 summo
797 2346 967 2418 gratissima
980 2333 1116 2404 carmina
1128 2345 1233 2426 lando,

520 2435 601 2494 nana
616 2433 691 2492 aulae
704 2435 809 2494 ancisa
823 2439 935 2492 munus
945 2451 1017 2492 aum
1029 2451 1103 2492 voce
1118 2434 1263 2506 magistri,

519 2524 629 2582 Ordine
644 2529 692 2581 me
706 2523 822 2598 scripsi,
837 2523 935 2597 primo
945 2524 999 2597 qui
1011 2513 1148 2582 carmina
1161 2522 1244 2580 linai.

301 2680 520 2746 {amaruan
539 2679 645 2744 iren
667 2679 843 2744 nuaram
864 2653 1067 2742 carnonis
1089 2675 1274 2740 ancona
1296 2674 1560 2740 namurciae

607 2842 645 2899 In
659 2841 868 2914 antiphonarii
880 2841 929 2898 cai
938 2841 1099 2912 protectum
1112 2834 1252 2911 emtore.

832 2987 1042 3014 fl*

97 3127 249 3186 laricornm
262 3131 298 3186 et
313 3131 473 3188 cantoriam
486 3141 600 3200 magna
611 3129 659 3186 eat
670 3125 822 3185 distantia.
921 3128 942 3182 B
957 3125 1050 3199 Aqua
1064 3113 1206 3200 passibus
1221 3117 1347 3198 partitur
1358 3139 1470 3181 norem
1482 3121 1545 3182 tcta
1557 3117 1646 3183 linea.

97 3216 132 3272 isti
143 3217 247 3290 dicimi,
262 3217 311 3276 iiii
326 3217 434 3290 sciunt,
448 3233 517 3292 quae
527 3217 683 3291 componit
695 3216 813 3276 Musica.

97 3307 152 3362 lem
164 3308 213 3382 qui
226 3307 301 3366 iacit
310 3305 395 3381 quod
407 3321 468 3364 aon
483 3306 569 3380 sapit,
585 3305 731 3363 diffinitur
743 3294 850 3365 bestia.

98 3393 218 3454 ceterum
227 3396 363 3454 tonantis
373 3396 455 3452 vocis
471 3395 494 3452 si
508 3394 633 3452 laudent
650 3395 802 3468 acumina,

99 3481 231 3556 Superabit
243 3484 444 3559 philomelam
453 3483 501 3540 vel
520 3483 632 3541 vocalis
653 3483 748 3542 asina.

99 3570 174 3635 Quare
183 3573 222 3629 eis
237 3589 304 3632 esse
318 3589 409 3630 suum
423 3561 497 3630 tollit
510 3557 675 3630 diclccnca.

99 3661 142 3717 iac
153 3663 186 3720 de
197 3680 289 3722 causa
304 3663 487 3721 rusticorum
495 3661 660 3740 vmultitudo
673 3661 815 3737 plurima,

99 3749 176 3808 Donec
187 3737 298 3811 ⁴frustia
309 3741 394 3834 civit,
406 3751 484 3809 mim
495 3743 614 3810 laborat
627 3736 755 3823 insania,

99 3837 156 3895 aum
167 3841 224 3898 sine
237 3835 385 3913 magistro
398 3827 483 3897 'nulla
496 3827 619 3896 discitur
633 3827 808 3914 antiphona.

99 3927 159 3984 iotis
171 3946 238 4002 ergo
250 3931 310 3988 illis
328 3927 444 4004 spretis,
460 3917 571 4002 quibus
585 3929 694 3999 vulgus
708 3930 808 3997 utitur,

99 4002 905 4092 Quodsineductorenusquam,utcaecuaprogreditui,

100 4105 194 4178 Septem
207 4112 279 4168 isias
291 4107 377 4168 disce
389 4105 476 4166 notas
489 4102 603 4182 septem
618 4095 850 4166 characteribus.

98 4201 128 4248 ti.
141 4213 177 4254 rc.
190 4201 240 4257 rai.
255 4184 303 4271 'sa
317 4206 359 4256 at.
376 4200 422 4256 ecl
436 4214 478 4256 rc.
497 4189 527 4256 la
540 4199 591 4255 mi.
606 4199 652 4270 fa.
668 4200 723 4254 sai.
736 4203 780 4254 at.

108 4287 128 4338 Γ.
151 4281 180 4343 Α.
205 4273 234 4347 a.
261 4289 294 4347 G.
350 4273 385 4346 n.
471 4273 502 4346 a.
576 4275 606 4345 F.
681 4273 712 4344 G.

724 4393 753 4434 a.

138 4480 161 4522 a
224 4467 261 4548 ᾖ).
320 4483 346 4526 c.
402 4466 432 4524 d.
525 4483 551 4524 e.
606 4465 628 4524 f.
680 4481 753 4536 μ.

96 4539 762 4634 mmmmmmmfflmmfflm

97 4641 211 4718 iamque
221 4645 289 4704 alica
304 4641 445 4720 septena,
459 4661 527 4718 qnae
539 4638 707 4719 sequuntur
718 4645 834 4717 postea,

98 4730 147 4788 ion
160 4729 225 4792 sun'i
238 4723 316 4805 aliae,
337 4735 390 4792 sed
404 4744 466 4792 aaa
479 4731 660 4808 replicantur
669 4729 782 4806 regula

98 4819 288 4894 introeam,
304 4828 336 4882 ui
349 4817 829 4898 dierum‚aeqt1efithebdomade.

99 4907 163 4972 Quas
175 4914 208 4983 si,
222 4915 302 4972 sicut
311 4911 484 4985 audiuntur,
497 4913 543 4970 vis
554 4899 654 4970 videre
668 4906 774 4982 oculis,

98 4995 141 5054 Orc
151 4997 265 5060 interim
281 5003 394 5073 silente,
410 5000 559 5062 mastralis
572 5002 671 5077 operis

98 5065 298 5174 crumentum
309 5075 364 5148 'fiat
378 5087 464 5148 certis
474 5075 635 5148 diffinitum
648 5088 781 5147 numeria
791 5075 860 5164 (2³2).

959 3203 1014 3272 Ubi
1028 3203 1145 3289 primus
1163 3229 1274 3288 passus
1288 3207 1363 3286 nuit,
1374 3211 1473 3288 prima
1487 3207 1542 3272 arii
1554 3207 1661 3271 littera.

958 3304 1044 3362 liodo
1060 3294 1148 3360 simili
1162 3320 1180 3359 a
1194 3298 1293 3376 prima
1305 3319 1415 3377 passus
1429 3296 1504 3360 fiant
1515 3297 1648 3360 totidem.

959 3385 992 3451 at
1007 3385 1146 3450 secunde
1160 3383 1245 3450 loeus
1260 3393 1342 3466 patet
1354 3385 1527 3466 supradicto
1542 3385 1646 3448 ordine
1663 3410 1669 3448 :

959 3484 1056 3550 Quam
1064 3476 1258 3539 concordiam
1270 3498 1414 3539 sonorum
1429 3481 1534 3538 tonum
1550 3473 1655 3538 dicunt
1667 3475 1785 3537 masiel.

993 3576 1108 3631 Rursus
1122 3567 1216 3632 iciam
1229 3573 1363 3631 Gammae
1379 3567 1525 3632 chordam
1538 3565 1638 3630 divide
1653 3583 1788 3646 perqua-

1662 3661 1750 3735 [tucn

958 3741 1053 3811 Tertia
1065 3741 1222 3810 cocleatim
1235 3757 1322 3811 canet
1336 3745 1476 3810 secundat
1490 3745 1625 3824 vicinior,

959 3837 1118 3901 Tantillum
1131 3833 1251 3899 duobus
1266 3835 1343 3898 tonis
1355 3836 1424 3916 plus
1440 3839 1483 3898 est
1496 3835 1684 3898 diatessaron

961 3921 1157 3990 semitonium
1176 3934 1301 3988 vocatur
1315 3925 1416 4003 ipsum
1430 3923 1521 3987 breve
1536 3923 1678 4002 spatium,

959 4025 1059 4079 Tenus
1072 4036 1144 4078 vero
1159 4023 1213 4090 est,
1224 4036 1316 4094 quem
1326 4013 1514 4076 iacitnorma
1523 4035 1633 4076 novem
1643 4015 1785 4091 partium.

960 4113 1000 4168 lle
1010 4107 1164 4183 quaternis
1180 4099 1272 4164 habet
1286 4101 1472 4166 diatessaron
1487 4101 1679 4166 vocabulum.

959 4187 1018 4273 ipsi
1027 4202 1115 4255 tonus
1129 4197 1153 4253 si
1167 4191 1304 4267 addatur,
1320 4191 1459 4272 diapente
1469 4191 1571 4268 oritur,

961 4277 1048 4355 Quod
1076 4277 1113 4344 da
1133 4277 1269 4360 cunque
1295 4302 1408 4345 nomen
1436 4279 1572 4344 Graecum
1597 4281 1629 4345 ia
1650 4283 1788 4344 Latinum

1608 4375 1751 4450 [vertitcrr.

924 4487 945 4542 ρ
960 4469 1035 4525 Nam
1046 4457 1520 4542 sipassustemosiaeit‚quinque
1529 4463 1786 4525 conatatvceibns.

873 4621 876 4628 ,
960 4556 1031 4614 lade
1045 4549 1144 4632 prima
1157 4547 1241 4614 dabit
1255 4560 1380 4632 quartae,
1396 4557 1549 4632 quaternis
1560 4553 1716 4626 indicium,

961 4649 996 4704 nt
1007 4643 1140 4704 secunda
1155 4635 1244 4704 servit
1256 4644 1368 4720 qrrintae
1378 4663 1432 4721 per
1450 4641 1592 4704 eumdem
1614 4657 1787 4701 numerum.

961 4737 1056 4795 Tertia
1071 4733 1212 4795 conducit
1226 4741 1353 4806 sextam,
1367 4753 1466 4811 neque
1478 4739 1575 4793 mutat
1587 4732 1748 4804 cuculum,

963 4829 1059 4885 Causa
1074 4817 1208 4900 septimae
1221 4841 1241 4884 a
1256 4829 1382 4886 Gemma
1394 4827 1449 4899 (23)
1461 4823 1508 4882 iac
1534 4823 1624 4882 totius
1641 4821 1789 4890 medium,

961 4920 1071 4975 Tunca
1089 4907 1244 4991 primasio
1271 4921 1378 4976 oaava
1401 4915 1502 4973 locum
1518 4913 1610 4970 sumit
1619 4910 1788 4986 proprium.

957 4993 1023 5063 lmc
1037 4995 1136 5080 prima
1150 4993 1184 5062 iii
1195 5021 1214 5062 a
1226 4999 1334 5078 prima,
1350 5020 1448 5078 neque
1462 5004 1558 5060 mutat
1580 5015 1752 5058 nummum.

963 5083 1009 5152 sic
1022 5083 1155 5152 secunde
1169 5081 1222 5150 da't
1234 5093 1411 5160 secundam,
1427 5091 1570 5165 'tertiam
1582 5089 1710 5162 tertiam,

99 5173 239 5238 stamma
254 5197 389 5254 gracum
402 5181 527 5256 quidam
541 5183 660 5257 ponunt
684 5184 758 5276 autcv
778 5181 909 5256 primam
963 5181 1074 5253 Quarta
1088 5187 1238 5260 quartam,
1253 5177 1357 5260 quinta
1381 5183 1529 5258 quantam
1548 5197 1682 5258 quaque
1703 5195 1791 5240 enam

725 5263 873 5346 aaran

1586 5271 1754 5346 liittearam.

100 5411 268 5572 Ulisiplaw
283 5427 430 5506 (atejus)
452 5427 534 5491 ‘cll're
556 5431 660 5508 patrie
681 5433 805 5510 pateant
826 5433 959 5513 pinnulis
981 5441 1215 5514 coerceamus
1235 5402 1791 5516 acpnmarumattsruumspcauro

128 5569 177 5645 (Β)
190 5576 236 5646 &2
246 5575 326 5648 [⁰0¹²
337 5579 413 5652 ace,
