3998 6176
212 157 267 211 lbi
738 151 766 206 S.
787 140 1213 205 l'ULBERTl-CARNOTENSlS
1234 144 1398 199 arestari.
1652 219 1655 226 .
1870 141 1928 192 ²68

211 281 333 353 propter
348 268 662 332 solutionem‘tandem
677 273 788 346 ceperit
797 276 824 328 te
838 272 911 342 sitis,
924 282 1037 342 nequa-
1057 269 1080 321 Α
1095 264 1137 320 les
1150 263 1495 338 eligendumproposuit.
1511 263 1597 324 Quod
1610 262 1635 318 si
1643 261 1722 316 bene
1730 258 1925 328 advertisses,

212 379 305 440 quam
315 364 410 430 bibes,
424 361 480 418 nisi
495 361 654 434 paululum
670 361 745 418 aceti
762 373 832 418 oum
843 373 927 434 aqua
941 357 1039 416 calida
1095 354 1297 412 inconsrdtum
1313 371 1373 411 non
1388 355 1526 412 dixisses.
1542 349 1828 421 inconsultusigitur
1839 349 1928 406 iecu-

211 455 300 525 misti,
313 457 434 528 propter
445 453 636 510 stomachum
650 451 827 508 diluendum
846 465 900 506 seu
909 449 1039 506 relevan·
1095 444 1126 512 ti,
1140 444 1193 518 qui
1208 449 1243 512 te,
1260 449 1293 501 ut
1304 449 1373 518 post
1387 444 1496 500 clarius
1510 440 1645 515 liquebit,
1663 440 1692 496 in
1704 440 1840 512 pejorem
1854 455 1929 512 par·

210 543 283 600 dum
299 542 398 615 :quod
412 541 577 598 etiamnorr
593 540 775 613 urgentesiti
790 539 888 597 iacere
914 537 1040 612 poteris,
1096 538 1154 591 tem
1169 533 1287 591 flexisti.
1300 539 1362 590 Non
1378 537 1487 590 tamma
1504 547 1621 588 vercae
1636 545 1698 586 non
1714 530 1777 585 sine
1791 529 1883 602 culpa
1899 534 1927 584 te

208 631 354 688 solutione
365 631 589 704 propemodum
600 635 737 688 vocante.
753 627 900 686 Prandere
921 627 1040 684 dideres
1094 627 1124 678 ot
1137 626 1204 678 tuos
1219 622 1310 679 tuisse
1324 621 1504 679 interdictos,
1522 623 1667 676 testantur
1680 617 1814 690 reliquiae
1825 617 1930 673 vinea

208 734 369 796 quousque
384 721 492 778 senties
503 721 700 778 catarthicum
714 720 788 776 nihil
811 717 941 792 amplius
967 731 1039 790 ope·
1094 727 1162 767 rum
1177 711 1328 784 inquibus
1340 716 1439 768 restra
1453 709 1541 766 suxisti
1558 713 1665 765 eastra.
1682 706 1769 773 Quod
1783 707 1928 763 inexem-

208 811 268 867 rari
281 810 366 868 velle.
383 812 457 868 Cum
477 810 588 867 sederis
601 810 640 867 ad
654 825 804 878 mensam,
817 808 884 864 vide
901 823 939 863 ne
965 805 1039 880 quid
1093 799 1177 872 marn
1193 799 1297 856 (latum
1312 799 1425 856 calade
1439 798 1550 872 quibus
1571 795 1732 854 accerrime
1744 794 1878 893 cnlparis
1888 797 1930 892 ¹ti-

207 900 309 973 nimis,
321 913 420 974 neque
434 899 600 956 manduces
613 899 728 972 aliquid
741 897 892 970 stipticum
909 895 957 953 vel
970 895 1039 969 plus
1071 917 1076 926 ·
1094 887 1164 944 dem
1183 887 1261 944 iacit.
1277 890 1315 944 'le
1329 903 1452 961 quoque
1465 890 1606 942 vocatum
1622 899 1697 949 esse,
1717 899 1770 956 qm
1786 883 1841 940 tibi
1853 899 1927 938 mrs-

209 1005 297 1062 aequo
311 988 433 1045 salsum.
449 988 538 1044 Plura
548 988 585 1045 de
599 987 818 1044 observationis
834 986 926 1042 modo
952 989 1039 1041 nota·
1095 993 1144 1033 aas
1159 993 1177 1032 a
1191 991 1239 1033 me
1255 976 1459 1046 seiatlitteraS,
1476 975 1543 1048 quis
1555 973 1602 1030 vel
1615 973 1740 1029 insanus
1761 987 1823 1028 non
1848 989 1929 1029 asse

208 1094 282 1148 rem,
297 1079 353 1135 nisi
379 1093 477 1152 pauca
505 1075 674 1133 sufficerent
688 1075 825 1150 sapienti.
857 1079 917 1132 lloe
938 1080 1040 1131 tamen
1093 1067 1162 1123 rai?
1176 1069 1213 1122 l'e
1229 1066 1328 1136 itiilffl',
1346 1066 1444 1132 fl'fllffl's
1459 1063 1673 1121 rationabilii&
1685 1077 1740 1134 1)Γο
1754 1065 1805 1118 1¹1⁸
1833 1062 1929 1135 eulpa

209 1167 336 1223 scribere
345 1183 393 1222 me
403 1165 489 1238 jubet
499 1163 600 1222 nescia
609 1166 749 1222 simulare
757 1163 897 1236 charitas,
910 1160 1040 1220 attalem
1093 1159 1122 1212 u
1134 1155 1276 1212 canonice
1292 1160 1431 1211 vocatum
1445 1158 1475 1210 et
1489 1152 1621 1210 adivino
1635 1150 1737 1208 officio
1750 1157 1928 1225 separatum

207 1255 336 1327 potionis
349 1257 439 1326 hujm
455 1255 565 1311 sentias
578 1255 728 1326 effectum,
744 1259 893 1328 quatenus
920 1268 1039 1326 semper
1092 1243 1336 1313 recognoscendo
1350 1243 1471 1317 plange,
1485 1245 1514 1298 et
1534 1239 1707 1315 plangendo
1726 1239 1763 1295 ed
1792 1238 1928 1296 sanstae-

205 1342 365 1400 incolumis
378 1351 562 1416 perseveres
582 1340 661 1400 Vale.
1094 1333 1205 1389 tionem
1219 1337 1374 1389 revertere.
1390 1331 1477 1398 Quod
1490 1331 1516 1386 si
1528 1329 1774 1403 quadragenario
1795 1329 1928 1384 moade

382 1431 552 1490 EPISTOLA
572 1425 647 1489 Clllll
668 1431 750 1503 [otim
767 1431 865 1501 Clltvl.
1093 1421 1140 1477 nis
1154 1421 1251 1494 spatio
1265 1421 1330 1492 lege
1341 1435 1494 1477 canonum
1510 1425 1537 1476 te
1549 1415 1709 1474 defendere
1723 1417 1837 1486 niteris,
1863 1417 1927 1474 seio

278 1523 465 1578 lirnnsornrrs
478 1524 510 1578 G.
526 1521 616 1578 verta
630 1521 852 1590 transformare
862 1520 894 1575 in
906 1524 965 1575 act.
1092 1509 1165 1582 quia
1179 1509 1345 1580 singulares
1359 1525 1460 1565 ⁰³³⁵&
1475 1507 1522 1564 vel
1535 1522 1671 1580 P01'80flffl
1686 1522 1748 1562 11⁰¹!
1784 1505 1928 1580 Pl'ffil'ssdi·

241 1611 319 1680 l'ure,
336 1609 378 1666 mi
393 1609 525 1676 domine,
541 1609 724 1666 charitativae
739 1605 948 1680 promissionis
962 1617 1038 1662 uun·
1052 1619 1072 1675 p
1094 1604 1163 1656 cant
1176 1599 1244 1670 legi.
1261 1603 1336 1656 Nam
1348 1603 1376 1656 te
1390 1599 1421 1654 ia
1448 1597 1581 1654 iurarem
1596 1611 1728 1666 versum,
1743 1601 1772 1652 et
1798 1612 1837 1652 ex
1850 1611 1927 1668 prae·

205 1697 281 1753 tium
295 1695 440 1754 hactenus
455 1697 607 1754 sustinens
622 1695 758 1752 laboravi
769 1693 907 1752 nbnium.
925 1693 1038 1752 Sollici—
1092 1688 1156 1744 arde
1169 1688 1278 1744 ducem
1293 1693 1336 1745 tot
1350 1691 1537 1745 armatorum
1547 1685 1773 1756 tantumtantum
1783 1691 1922 1742 manum

205 1793 253 1842 tus
275 1797 408 1859 namque
423 1785 497 1860 quid
520 1790 578 1842 ture
603 1783 771 1842 eelsitudini
796 1791 872 1842 mese
899 1783 1039 1859 parvitati
1092 1778 1221 1851 patrium
1236 1778 1392 1836 crvdeliter
1407 1783 1523 1834 vastare
1536 1789 1671 1844 Gemens,
1688 1775 1811 1846 imm>
1824 1775 1924 1845 limes,

205 1874 366 1948 placuisset
380 1874 546 1946 designare,
561 1875 780 1948 percunctabar
794 1874 875 1930 unde
891 1889 957 1930 sese
967 1871 1039 1930 reci·
1092 1867 1284 1941 diversasque
1298 1867 1386 1923 nobis
1401 1871 1513 1924 mortes
1523 1865 1683 1934 minatum,
1692 1863 1924 1936 imminentique

205 1967 310 2036 parent
321 1962 450 2019 viatores
463 1978 601 2037 quosque
614 1963 761 2036 pendens,
777 1963 816 2020 ab
845 1963 928 2020 urbis
957 1961 1037 2019 vallo
1091 1956 1446 2031 plagaquedregcnaiire
1461 1955 1626 2013 vocationis
1639 1954 1773 2028 spatium
1787 1959 1821 2010 ut
1833 1954 1924 2010 desis·

204 2052 266 2108 huc
278 2051 464 2126 respiciente.
483 2053 604 2109 Nomine
619 2065 691 2109 vero
702 2051 791 2110 dante
802 2059 983 2126 responsum
992 2049 1037 2110 tui
1091 2051 1167 2103 teres
1181 2045 1256 2102 nihil
1268 2044 1373 2102 videns
1388 2045 1543 2118 prodesse,
1571 2043 1758 2101 venabulum
1781 2059 1857 2100 mcx
1872 2043 1923 2099 tibi

205 2140 243 2197 de
254 2147 349 2214 parte,
359 2145 484 2198 moestus
495 2137 632 2198 redibam
640 2139 840 2212 domumjam
850 2141 929 2199 facta
939 2143 1036 2198 nocte.
1091 2135 1411 2193 excommunicationis
1435 2133 1575 2209 opposui,
1601 2139 1635 2190 ut
1658 2147 1696 2190 eo
1724 2132 1830 2190 sultam
1858 2131 1924 2188 riso

206 2229 264 2287 Sed
277 2230 351 2302 quia
366 2229 397 2285 in
410 2227 553 2286 humanis
566 2229 734 2303 perlectum
746 2227 788 2286 nil
803 2231 899 2287 exstat
912 2245 950 2285 err
963 2234 1035 2300 toto,
1091 2225 1218 2293 territus,
1230 2229 1294 2281 teet
1303 2231 1370 2280 tuos
1386 2223 1484 2280 velud
1498 2227 1687 2280 momentum
1704 2222 1880 2289 macres,
1896 2225 1925 2278 et

204 2318 341 2375 humano
352 2320 505 2391 parcimus
515 2318 646 2391 ingenio.
662 2321 731 2376 Peto
743 2321 845 2376 miden
858 2333 896 2376 ne
908 2331 1036 2393 proruas
1091 2315 1252 2388 praesulem
1261 2315 1504 2388 quemamiseres
1511 2327 1750 2384 recognosceres.
1759 2312 1925 2370 sedtuma-

206 2406 238 2462 in
253 2405 426 2465 verberatis
440 2408 650 2481 excusationis,
662 2408 735 2481 quin
749 2403 992 2483 quodpollicitus
1005 2423 1036 2464 es
1090 2404 1170 2460 luisti
1194 2403 1244 2460 illo
1272 2402 1591 2460 excommunicationis
1620 2401 1770 2458 venabulo
1797 2400 1920 2473 configi,

207 2495 371 2568 adimplere
399 2493 519 2552 studeas
541 2495 605 2552 sine
635 2493 704 2553 fuco
733 2495 884 2554 dilationis
908 2513 915 2552 :
936 2495 1036 2569 igitur,
1090 2491 1539 2566 quamacoeptatyrannidevel
1559 2491 1755 2566 adparatum
1765 2490 1918 2548 refrenari.

206 2588 238 2639 ut
253 2585 407 2640 certiorem
421 2583 541 2652 reddas,
558 2585 672 2642 mando
683 2589 714 2642 'ct
727 2583 873 2658 deprecor
886 2589 1036 2660 qualenam
1090 2585 1164 2639 Nam
1179 2582 1262 2655 quod
1276 2581 1350 2638 dieis
1373 2587 1401 2638 te
1430 2580 1507 2650 regis
1536 2581 1593 2638 hoc
1618 2581 1706 2652 jussu
1732 2579 1921 2651 larissenae

204 2671 549 2746 innueredignerisquid
562 2671 1036 2746 mengerejubcasaolomidc-
1089 2665 1923 2744 nego,necaffirmo-,uecquidnoclerariatelttgonojus

204 2760 419 2832 ritinehresites
433 2759 1037 2836 incalamo,bondmopushabensinani-
1090 2765 1210 2834 cunque
1220 2760 1365 2818 enimboc
1373 2760 1461 2832 jussu
1478 2759 1594 2827 teneda,
1618 2758 1725 2816 eadem
1746 2759 1837 2832 eulpa
1849 2771 1885 2815 ac
1900 2759 1923 2814 si

204 2851 265 2919 mo,
277 2848 805 2924 quoniaminperieetioneeritexDei
820 2849 940 2908 auxilio.
955 2849 1035 2907 Vale.
1090 2850 1190 2907 nullus
1199 2850 1450 2921 jusseriturgeris.
1463 2850 1584 2907 Named
1594 2849 1858 2920 exaggerationem
1865 2855 1922 2905 ture

391 2939 559 2997 EPISTULA
573 2935 641 2997 axx
660 2941 743 3012 [etim
763 2941 849 3012 CXV}
1054 2935 1186 3032 sculpas
1197 2941 1254 2996 ista
1271 2941 1342 2996 satis
1356 2939 1556 3010 transgressio
1576 2937 1693 3008 sufficit,
1712 2935 1795 3012 quod
1813 2941 1924 3010 praeter

252 3029 408 3086 Gerittetnri
422 3027 506 3085 duris
520 3029 694 3101 Aquitania
708 3029 750 3086 nd
763 3025 987 3101 mucronum.
1066 3011 1075 3030 ¹
1091 3029 1212 3086 meatui
1222 3027 1439 3102 archiepiscopi
1457 3027 1604 3096 consulta,
1625 3033 1727 3084 ronna
1740 3026 1921 3083 canonicam

307 3115 389 3190 (vide
404 3115 482 3174 inira
501 3117 532 3174 in
547 3119 706 3175 Grrrrmxo
721 3115 761 3175 ad
776 3128 825 3175 un.
840 3117 932 3191 ttae.)
1090 3119 1296 3176 auctoritatem
1312 3118 1369 3174 tale
1384 3117 1498 3192 aliquid
1523 3118 1654 3191 incipere
1675 3117 1896 3190 praesumpsisti
1914 3134 1921 3172 :

378 3201 549 3265 aristeas
568 3209 644 3265 cxxi
663 3209 747 3280 [otim
767 3208 867 3279 tivit.
1088 3209 1232 3281 quodque
1242 3207 1331 3264 etiarn
1346 3205 1528 3279 mejubente
1542 3221 1605 3264 non
1631 3205 1783 3264 debuisses
1807 3205 1921 3276 faeere,

241 3295 329 3352 lirun
350 3298 479 3367 pensati
499 3299 532 3352 ll.
558 3293 736 3354 Turonensis
758 3295 1000 3367 aretinensis
1088 3297 1146 3354 hoo
1161 3297 1269 3370 teipso
1285 3296 1453 3354 considtare
1468 3295 1573 3353 iecisti
1591 3296 1795 3364 erodautenr
1826 3297 1871 3354 ais
1894 3299 1923 3354 te

548 3387 686 3444 solntnn.
1088 3387 1121 3443 in
1140 3386 1255 3443 malum
1270 3385 1669 3461 tidonisagereimputsam,
1689 3397 1745 3444 acc
1774 3387 1864 3444 edam
1895 3387 1921 3444 ei

242 3471 383 3538 eramvis
396 3476 448 3530 tua
461 3483 558 3546 nuper
572 3473 611 3530 ad
625 3489 675 3530 me
690 3473 803 3530 directe
827 3469 953 3546 epistola
979 3471 1037 3529 sibi
1090 3476 1245 3550 palmitem
1273 3475 1453 3547 destruxisti,
1479 3471 1532 3533 sed
1560 3475 1664 3534 vinem
1703 3477 1921 3534 canonicorum

207 3559 360 3632 condigna
374 3565 524 3618 mereatur
536 3562 692 3635 rescripta,
709 3562 803 3618 satim
822 3566 923 3618 tamen
938 3561 1037 3619 crisa·
1091 3565 1185 3623 sancti
1195 3565 1330 3637 Mauritii,
1340 3569 1448 3640 prater
1458 3571 1564 3624 catera
1575 3578 1643 3640 qnae
1658 3565 1688 3623 in
1697 3569 1780 3624 nram
1793 3565 1920 3624 matrem

206 3649 286 3707 mavi
298 3649 574 3724 responsisinterim
585 3661 646 3707 suae
658 3651 856 3708 contumaciae
867 3649 976 3708 debitis
985 3665 1037 3708 su·
1091 3653 1252 3710 Ecclesiam
1263 3653 1350 3726 jussu
1365 3653 1406 3710 tui
1417 3655 1450 3712 1).
1463 3654 1599 3712 Falconis
1610 3654 1735 3712 tutudisti
1744 3655 1918 3729 opprobrie,

206 3737 373 3812 persedere,
387 3755 481 3812 quam
497 3743 555 3796 tuae
570 3739 657 3797 saluti
670 3741 819 3814 qnantum
840 3741 880 3797 ad
900 3752 958 3797 nos
972 3749 1036 3797 non
1088 3741 1920 3801 radicetenuscomminnisti.ilisde'eattsisexeommuni-

206 3828 370 3896 consulere,
387 3832 416 3884 et
427 3827 503 3884 inter
519 3827 739 3886 consulendum
752 3829 939 3902 quibusdam
961 3829 1038 3903 epis·
1091 3833 1217 3890 caterius
1228 3827 1281 3889 tibi
1295 3831 1672 3906 litteras,quaseebtrajus
1682 3835 1715 3890 ⁴‘et
1729 3833 1922 3890 ferrumne

206 3915 272 3972 tolee
285 3915 358 3972 locis
369 3913 496 3972 discrete
503 3915 536 3973 'e't
545 3915 696 3974 humiliter
706 3933 768 3974 non
777 3918 969 3993 respondere.
981 3922 1036 3976 lle-
1089 3925 1175 3978 notas
1191 3921 1274 3994 dicis,
1292 3921 1370 3979 ruisi.
1388 3925 1445 3979 Nec
1458 3927 1485 3980 te
1496 3922 1627 3996 oportuit
1637 3925 1725 3979 bruni
1733 3923 1917 3994 ttrafflstrcm

205 4003 343 4060 ‹ticorum
354 4003 434 4060 enirn
443 4009 487 4061 est
497 4002 721 4063 melancholicis
733 4006 795 4064 sivo
810 4005 966 4076 maniacis,
983 4021 1037 4064 sea
1090 4015 1118 4066 et
1136 4009 1294 4066 (lominum
1308 4014 1370 4066 tem
1395 4015 1507 4066 temere
1527 4007 1756 4084 reprehendere,
1778 4015 1811 4068 ut
1839 4015 1921 4068 atae

206 4092 404 4164 qualibetalia
418 4093 589 4152 valetudine
598 4091 820 4168 laborantibus,
833 4095 1036 4169 licetingratis
1089 4099 1230 4172 incaepto,
1243 4099 1442 4172 resipisceres,
1457 4099 1619 4172 racemis-i,
1632 4105 1695 4157 iton
1720 4105 1754 4156 ut
1770 4104 1798 4156 te
1812 4100 1920 4156 sellem

206 4185 233 4236 et
243 4180 384 4238 conviciis
399 4181 544 4240 artificem
551 4185 769 4243 lacessentibus
781 4184 977 4244 nihilominus
992 4191 1035 4244 ta-
1090 4187 1167 4244 tlecti
1181 4188 1211 4244 in
1228 4193 1426 4262 campartem
1442 4201 1503 4262 qua
1521 4189 1667 4245 corruisti.
1691 4187 1781 4256 Quod
1795 4189 1922 4246 discrete

207 4280 275 4325 men
285 4271 425 4326 maeards
438 4273 835 4348 experimentaimpendere‚
852 4279 881 4334 et
891 4281 1036 4334 utcnren·
1051 4327 1074 4384 D
1091 4293 1129 4335 an
1144 4277 1302 4335 indiscrete
1317 4277 1448 4343 fecerim,
1466 4281 1517 4335 tria
1529 4277 1706 4351 juridicialis
1716 4277 1794 4335 libra
1805 4281 1921 4352 penset,

207 4361 255 4414 tur
267 4358 406 4416 attentius
417 4359 561 4418 insistere.
575 4361 658 4420 Unde
672 4368 701 4420 et
717 4379 767 4422 me
791 4375 846 4423 nce
865 4365 1036 4439 professum
1090 4367 1143 4441 qui
1162 4366 1366 4424 ¹consultorem
1389 4375 1523 4440 querere
1549 4369 1667 4424 medes,
1712 4370 1748 4424 at
1778 4368 1803 4424 si
1831 4367 1922 4424 mdis·

206 4445 329 4520 quidem
339 4446 1037 4524 medicum,quippeimperitissimum,sitamen
1091 4459 1168 4513 crete
1197 4471 1233 4512 ac
1266 4455 1329 4511 sine
1359 4463 1451 4512 causa
1483 4457 1673 4514 temerariam
1703 4457 1735 4513 in
1765 4460 1801 4526 te,
1834 4455 1924 4530 quod

207 4533 245 4590 ud
256 4534 313 4592 boc
321 4535 388 4604 jure
397 4535 580 4610 praelationis
591 4541 743 4612 atcunque
753 4541 1037 4616 provectumquite
1091 4543 1186 4602 absitt
1200 4543 1543 4602 excommunicationem
1558 4545 1753 4617 intorsissem,
1775 4546 1923 4603 sustinere

207 4621 231 4679 si
255 4622 404 4680 exorbites
441 4621 570 4682 debeant
591 4625 751 4698 'remigera
787 4632 965 4703 oportetque
999 4634 1037 4686 ex
1091 4637 1191 4690 tamen
1204 4633 1351 4707 judicium
1374 4633 1416 4690 tui
1435 4633 1574 4708 pastoris,
1599 4639 1633 4692 ‘et
1654 4637 1778 4692 assera
1791 4633 1924 4692 celebra·

207 4712 534 4786 ooemptissanctorum
548 4713 672 4772 Petrum
686 4713 811 4773 medelis
834 4715 898 4786 tibi,
916 4716 1038 4775 licetin-
1091 4721 1170 4779 done
1185 4725 1301 4779 cessare
1316 4721 1454 4779 debuisti.
1478 4723 1566 4789 Quod
1584 4723 1656 4797 qrria
1681 4737 1743 4780 non
1767 4723 1873 4792 leand,
1896 4725 1926 4780 et

206 4805 300 4874 grate,
314 4801 468 4871 medicari,
484 4807 513 4860 et
523 4807 556 4860 ut
565 4805 687 4877 cureris,
698 4805 773 4862 retis
787 4805 875 4877 nolis,
889 4805 1035 4866 insistere.
1090 4811 1267 4868 oansultrice
1280 4810 1423 4885 superbit
1436 4810 1630 4884 trimenstri
1643 4811 1800 4870 intcrffi'cn
1823 4812 1925 4886 parvi-

207 4891 451 4968 Sedpriusquam
460 4891 698 4964 edisserentem,
707 4893 788 4965 libet,
797 4893 905 4968 utdixi,
915 4895 1038 4971 quibus-
1090 4901 1219 4975 pendisti
1231 4899 1375 4975 prudens,
1389 4899 1420 4958 in
1435 4899 1610 4972 voraginem
1624 4907 1652 4958 te
1675 4902 1925 4960 exeommunica-

206 4979 278 5035 dam
289 4981 576 5057 tuteepistolaelocis
591 4982 715 5041 obviare
734 5002 741 5042 :
758 4989 1036 5059 namcateramma
1090 4989 1178 5047 tionis
1191 4987 1392 5064 praecipitasti.
1410 4989 1517 5063 Accipe
1532 4993 1623 5065 super
1636 4989 1694 5048 hcc
1718 4989 1790 5064 quid
1815 4989 1925 5048 beatus

208 5065 368 5133 plurimam
387 5077 505 5145 partem
526 5071 605 5129 illius
632 5077 790 5148 occupant,
824 5075 1036 5149 pretereunda
1091 5078 1248 5149 Gregorius
1261 5078 1341 5135 dieat
1356 5096 1363 5134 :
1381 5079 1496 5145 Utrum,
1517 5075 1720 5153 inquitjaste
1744 5079 1785 5137 aa
1810 5081 1927 5150 infeste

209 5165 325 5209 ¹¹⁸fl⁸00·
1091 5169 1201 5240 oblinet
1226 5173 1341 5239 ponor,
1369 5169 1499 5238 postoris
1527 5175 1627 5226 tamen
1655 5170 1803 5246 natantia
1838 5169 1928 5241 preci

244 5236 330 5300 Quod
344 5257 415 5312 argo
428 5262 476 5302 me
489 5249 665 5308 inconsultae
680 5253 884 5328 conceptionis
894 5255 996 5325 tuisse,
1007 5257 1037 5312 et
1091 5257 1223 5314 timenda
1237 5261 1290 5325 cst,
1302 5255 1376 5312 neb
1390 5269 1442 5327 qna
1455 5255 1606 5326 subjectns
1617 5263 1671 5330 ast,
1687 5263 1715 5315 et
1729 5271 1797 5315 eran
1807 5257 1928 5328 injusta

210 5324 319 5418 temere
333 5343 369 5383 ae
383 5330 446 5388 sine
459 5336 548 5411 culpa
561 5343 590 5398 te
599 5355 661 5398 non
674 5347 815 5401 vocatum
826 5357 844 5401 a
857 5343 960 5404 divino
972 5345 1037 5404 offl·
1088 5347 1220 5418 forsitan
1233 5345 1356 5416 linatur,
1369 5345 1467 5414 ipsam
1497 5345 1688 5418 etbp'attcnr's
1716 5349 1778 5403 saar
1805 5353 1927 5404 senten-

208 5423 253 5466 rro
283 5427 438 5488 separasse
462 5424 639 5498 criminaris,
661 5433 741 5488 certa
766 5435 796 5488 et
809 5418 1038 5506 inexpugnabili
1091 5435 1163 5493 tium
1176 5450 1213 5493 ea
1228 5434 1563 5504 otncutpomrrcatnr.
1579 5419 1690 5492 Pastor·
1703 5447 1774 5507 erpo
1800 5437 1848 5493 vet
1876 5435 1929 5493 ab

208 5502 577 5600 itontradictionedestruo.
587 5517 899 5593 inconsultanamque
910 5537 1036 5596 concep-
1090 5527 1204 5583 soluere
1218 5524 1377 5581 indiscrete
1393 5523 1506 5595 timeat,
1522 5526 1569 5582 vet
1580 5525 1687 5596 tepere.
1703 5526 1733 5581 Is
1748 5529 1850 5582 amen
1873 5525 1930 5597 qni

207 5593 246 5648 tro
261 5594 471 5672 censuitque
487 5598 540 5656 tibi
552 5603 754 5665 condidonem
768 5608 843 5681 quid
857 5609 957 5683 potius
977 5611 1036 5672 vel*
1089 5613 1144 5668 snb
1156 5623 1252 5671 manu
1259 5615 1392 5684 mnas
1403 5615 1854 5686 estttaurametaatoettnjnste,
1867 5629 1929 5672 arec
