3998 6176
102 78 152 130 tul
868 87 1055 146 EPlS'l'OLAE.
1347 153 1352 162 ,
1762 111 1816 162 20⁶2

98 195 226 270 intelligi
241 198 353 258 volunt.
369 191 425 258 Sed
440 201 508 275 quis
528 219 598 262 eum
619 207 870 266 catechumenum
885 207 931 266 di·
953 213 1127 272 lsscrifiaii
1139 217 1296 290 placabilis
1310 221 1397 278 nobis
1412 223 1540 298 providit
1556 225 1757 300 expiamenta,
1774 235 1815 298 ul,

100 302 169 342 cere
189 287 326 345 audeat?
350 289 403 363 qui
425 291 525 348 adbuc
540 292 570 349 in
586 299 671 351 utero
688 297 804 365 matris,
825 296 936 370 spiritu
988 302 1060 376 quia
1073 321 1183 380 eorpus
1199 325 1299 380 suum,
1310 312 1394 384 quod
1405 313 1498 372 semel
1507 330 1563 389 pro
1577 315 1665 372 nobis
1674 317 1818 375 offerebat

100 381 207 454 sancto
219 383 262 434 est
276 379 418 452 repletus,
435 380 485 454 qui
501 383 628 452 gratiam
642 389 711 442 ante
724 385 825 456 vitam,
842 387 934 445 bene·
988 386 1018 442 in
1032 389 1171 461 pretium,
1182 391 1275 465 paulo
1287 393 1356 468 post
1369 413 1387 452 a
1399 397 1508 454 nostris
1518 398 1633 457 visibus
1645 399 1817 459 sublaturus

99 465 264 525 dictionem
278 469 386 526 meruit
395 469 515 528 haurire
540 477 704 547 antequam
718 475 846 532 lucem?
869 476 933 551 qui,
988 469 1088 530 fuerat
1103 474 1135 531 in
1150 477 1270 547 coelum,
1286 495 1323 536 ne
1339 479 1449 537 sublati
1462 483 1595 556 corporis
1610 473 1818 543 fraudaremur

99 555 139 611 ad
154 555 342 629 baptismum
356 558 530 631 praeelectus
543 561 782 638 abomino,ipso
790 564 933 638 baptismi
986 564 1127 634 presenti
1149 566 1325 632 munimine,
1348 569 1483 643 corporis
1497 571 1693 631 nihilominus
1708 579 1736 632 et
1750 592 1818 632 san-

99 645 201 702 officio
214 651 259 703 est
273 647 476 706 sanctificatus
490 667 496 705 :
511 651 595 724 quod
609 652 734 726 quidem
746 654 933 729 baptismum
988 649 1087 722 guinis
1102 653 1148 709 sui
1163 654 1274 727 pignus
1284 653 1413 714 salutare
1426 656 1514 714 nobis
1529 657 1657 733 reliquit,
1674 678 1736 719 non
1753 664 1817 720 ina-

99 735 159 790 sua
169 735 320 794 Trinitatis
334 743 523 796 sacramento
538 739 650 798 factum
665 741 795 813 ragrtn:
815 743 933 802 arcente
987 739 1035 795 nis
1049 743 1182 816 mysterii
1196 744 1380 817 symbolum,
1397 747 1450 804 sed
1461 749 1693 822 compaginante
1709 753 1818 826 Spiritu

98 825 182 881 enim
198 826 342 884 Domino:
359 829 417 886 Hic
428 834 470 886 est
481 831 564 900 filius
578 847 660 889 meus
674 833 802 891 dilectus
812 835 932 907 (Multi.
989 834 1094 887 sancto
1106 848 1215 906 corpus
1227 833 1332 892 Christi
1347 852 1463 908 verum,
1481 837 1565 912 quod
1579 839 1756 912 quotidiana
1769 858 1818 898 ve-

98 929 170 982 xvrr,
187 913 227 986 ὅ).
244 917 329 972 Pater
351 915 383 972 in
396 933 481 988 voca,
498 917 624 992 Spiritus
646 925 767 978 sanctus
788 921 819 978 in
835 922 934 996 specie
988 919 1153 992 paratione,
1170 922 1227 979 sub
1242 921 1351 981 visibili
1363 928 1508 982 creaturae
1523 925 1620 984 formu
1632 925 1818 986 invisibiliter

99 1003 264 1072 columbae,
290 1004 379 1062 Filius
407 1007 539 1064 adfuisse
568 1007 716 1082 probatur
737 1011 769 1068 in
798 1027 932 1086 corpora.
987 1007 1081 1066 rbtus
1107 1015 1219 1068 secreta
1234 1012 1265 1070 in
1280 1014 1373 1070 sacris
1399 1013 1586 1072 solemnibus
1601 1021 1752 1090 operatur.
1778 1021 1818 1076 lie

98 1095 257 1150 Postremo
279 1093 316 1152 de
330 1095 548 1154 catechumeno
567 1099 697 1172 Baptista
718 1115 781 1157 non
796 1116 862 1168 nos,
879 1100 934 1158 sed
989 1112 1051 1170 quo
1061 1098 1118 1155 sub
1129 1099 1204 1157 hora
1219 1101 1370 1174 passionis
1384 1119 1445 1160 suae
1461 1103 1525 1178 ipse
1539 1104 1737 1164 familiaribus
1757 1107 1818 1164 suis

97 1182 204 1257 ipsum
219 1182 410 1258 baptismatis
432 1185 657 1246 calumniantur
675 1194 839 1247 auctorem.
860 1195 935 1248 llos-
987 1185 1050 1244 all:
1075 1190 1140 1246 Hoc
1167 1195 1210 1248 est
1231 1207 1339 1262 corpus
1353 1208 1452 1249 mecam
1465 1193 1587 1265 (Malli.
1613 1210 1693 1264 xxvi,
1709 1199 1754 1266 26)
1768 1215 1774 1266 ;
1790 1201 1819 1252 et

98 1273 180 1326 bum
190 1287 265 1328 vero
274 1271 464 1348 baptismum
476 1275 613 1335 conditor
623 1293 658 1335 ac
667 1277 839 1352 redemptor
852 1279 934 1337 insti·
987 1275 1170 1352 paulopost:
1187 1280 1245 1337 Hic
1256 1287 1298 1338 est
1308 1283 1431 1353 sanguis
1444 1298 1525 1340 meus
1537 1284 1617 1340 Noui
1629 1285 1816 1360 Testamenti,

98 1358 154 1414 tuit
167 1359 292 1418 dicens:
306 1363 361 1434 lte,
378 1364 527 1434 baptizate
540 1383 639 1425 omnes
653 1374 754 1440 gentes
769 1371 801 1426 in
815 1371 934 1428 nomine
987 1367 1041 1438 qui
1051 1381 1108 1436 pro
1131 1369 1211 1425 catu
1232 1368 1381 1440 suadetur·
1404 1371 1502 1442 (lirim,
1519 1375 1580 1444 28);
1601 1377 1629 1428 ct
1651 1371 1741 1428 alibi:
1761 1375 1819 1441 Qui

97 1449 216 1520 Putris,
239 1457 267 1508 et
288 1453 371 1522 Filii,
384 1459 412 1512 et
426 1454 559 1526 Spiritus
580 1458 680 1514 suncti
692 1457 813 1531 (Mutila.
830 1475 932 1530 xxvrn,
987 1456 1432 1526 urcuducctureumecrucm,et
1446 1460 1816 1533 biiitmeumsuupuiuem,

100 1541 155 1610 lu).
170 1543 204 1596 ln
224 1555 287 1614 quo
301 1557 374 1598 sane
387 1544 540 1616 mysterio,
557 1545 682 1618 Spiritus
707 1553 828 1606 sanetus
855 1548 931 1606 Patri
948 1566 968 1620 g
986 1544 1020 1600 iu
1034 1561 1080 1602 me
1093 1551 1204 1619 munet,
1218 1552 1246 1604 et
1261 1563 1314 1619 epo
1343 1549 1375 1604 iu
1397 1563 1429 1606 su
1445 1549 1584 1622 (deamvi,
1608 1554 1651 1618 55,
1676 1551 1731 1623 Ξῖ).
1753 1553 1818 1617 Qua

97 1628 216 1686 stillio
229 1629 424 1706 inseparabili
449 1633 591 1692 societate
606 1637 803 1708 connectitur,
820 1640 849 1696 et
862 1654 933 1712 pro·
987 1634 1049 1691 veri
1062 1634 1197 1706 magistri
1218 1637 1391 1696 auctoritate
1407 1637 1543 1710 animati,
1565 1637 1640 1695 dum
1655 1639 1772 1715 corpori
1789 1645 1818 1696 et

98 1721 205 1790 pterea
219 1718 250 1776 in
263 1719 377 1778 Christo
391 1720 486 1779 renati
495 1722 602 1780 marito
613 1740 684 1782 eum
697 1725 765 1784 vitoe
780 1730 933 1784 auctorem
988 1723 1128 1795 sanguini
1143 1723 1208 1796 ejus
1234 1725 1505 1794 communicamus,
1530 1726 1674 1785 audenter
1689 1728 1818 1785 fatemur

100 1807 239 1880 credunt,
267 1808 330 1866 sine
354 1826 416 1884 quo
441 1811 567 1870 omnino
582 1811 727 1872 celebrari
741 1815 808 1873 vite
833 1831 934 1873 sacra·
987 1826 1044 1868 nos
1058 1811 1089 1868 in
1113 1828 1223 1887 corpus
1235 1811 1314 1870 illius
1330 1813 1510 1886 transfundi,
1525 1818 1554 1872 et
1568 1813 1668 1888 ipsum
1683 1815 1713 1872 in
1728 1815 1816 1873 nobis

99 1902 206 1954 menta
219 1914 283 1956 non
306 1904 441 1972 possunt.
459 1905 524 1976 lpse
539 1901 620 1960 enirn
634 1903 800 1961 coelestium
819 1904 934 1964 charis·
988 1917 1120 1960 manere.
1137 1906 1169 1960 ln
1184 1901 1272 1960 nohis
1290 1903 1390 1976 ipsum
1411 1919 1532 1962 manere
1547 1903 1625 1974 dico,
1641 1921 1702 1962 non
1718 1903 1816 1962 solum

99 1991 219 2045 matum
242 1993 358 2060 auctor,
381 1989 447 2065 ipse
472 1991 671 2066 spiritualium
689 2009 852 2052 munerum
875 1993 935 2051 dis·
987 2007 1041 2066 per
1055 1992 1249 2050 concordiam
1262 1989 1434 2058 voluntatis,
1459 1992 1513 2050 sed
1527 1993 1618 2051 etiam
1633 2009 1687 2068 per
1702 1999 1816 2052 naturae

97 2081 254 2150 pensator,
272 2077 336 2152 ipse
347 2077 507 2138 criminum
521 2081 677 2139 absolutor
690 2087 720 2140 et
739 2088 934 2158 peccatorum
989 2079 1079 2137 unite
1093 2080 1257 2139 veritatem.
1271 2081 1299 2140 Si
1315 2081 1395 2139 enim
1411 2081 1539 2140 Verbum
1552 2098 1622 2140 caro
1637 2081 1815 2152 factumest,

97 2167 254 2223 remissor.
272 2169 367 2234 Quem
380 2168 463 2226 enim
477 2169 560 2227 vides
573 2175 688 2229 naturae
702 2171 804 2230 debita
818 2172 931 2248 maara,
987 2173 1016 2226 et
1030 2185 1086 2226 nos
1102 2183 1171 2228 vere
1185 2171 1315 2228 verbum
1330 2186 1452 2229 carnem
1472 2170 1540 2229 cibo
1554 2171 1709 2231 bominieo
1726 2173 1817 2230 sumi-

96 2261 258 2312 auctorem
270 2271 421 2327 cognosce
433 2263 558 2316 nalurae.
575 2259 623 2318 Sic
637 2259 718 2318 enim
730 2260 856 2336 Spiritus
866 2277 934 2320 san-
987 2274 1069 2327 mus,
1093 2258 1249 2332 quomodo
1264 2275 1326 2318 non
1340 2259 1516 2318 naturaliter
1530 2259 1664 2320 Christus
1682 2261 1714 2318 in
1727 2261 1816 2319 nobis

96 2351 163 2403 clus
185 2346 229 2404 ita
243 2345 391 2405 uniusest
404 2363 475 2405 cum
489 2351 572 2408 Patre
595 2351 744 2426 putenm
759 2355 802 2422 ut,
821 2353 853 2409 in
866 2353 932 2424 ejus
986 2364 1110 2406 manera
1129 2348 1346 2407 existimandus
1361 2350 1431 2408 esti
1453 2350 1506 2424 qui
1520 2355 1549 2408 et
1563 2355 1703 2408 naturam
1718 2352 1817 2410 carnis

96 2436 340 2510 comparatione,
353 2435 428 2494 nihil
438 2438 569 2512 amplius
578 2444 711 2514 paterne
721 2441 815 2515 possit
824 2441 934 2500 ascribi
986 2441 1096 2494 nostrae
1106 2437 1412 2512 jaminseparabilem
1426 2437 1583 2497 sibihomo
1598 2443 1686 2497 natus
1701 2456 1816 2498 assum-

96 2525 202 2596 gloriae
216 2525 266 2582 vel
278 2531 403 2584 naturae.
986 2527 1088 2602 psit‚et
1102 2533 1243 2586 naturam
1252 2527 1350 2586 carnis
1366 2544 1429 2586 sum
1442 2528 1481 2586 ad
1494 2534 1635 2587 naturam
1646 2531 1815 2589 aeternitatis

128 2617 200 2672 lam
216 2629 299 2672 nunc
314 2615 354 2672 ad
369 2613 442 2673 illud
457 2615 603 2675 Dominici
618 2620 753 2694 corporis
769 2623 798 2678 ot
811 2619 932 2692 sangui·
987 2617 1044 2676 suh
1067 2607 1255 2676 sacramento
1270 2617 1357 2674 notris
1373 2617 1634 2676 communicanda
1650 2619 1749 2676 carnis
1764 2619 1816 2676 ad·
1860 2675 1874 2692 .

94 2704 142 2761 nis
170 2709 365 2764 transeamus
393 2706 561 2786 venerabile
587 2713 820 2780 sacramentum,
849 2711 933 2784 quod
986 2705 1129 2764 miscuit?
1145 2707 1187 2764 lta
1202 2705 1316 2778 ergoin
1330 2706 1598 2782 Ileosumus,quia
1612 2712 1640 2765 et
1654 2707 1685 2765 in
1701 2707 1816 2766 Christo

94 2793 225 2868 quidem
247 2799 364 2852 tantum
383 2795 572 2854 formidabile
594 2802 640 2855 est
664 2796 705 2856 ad
717 2796 906 2873 loquendum
923 2816 931 2856 :
985 2799 1070 2854 Pater
1083 2800 1128 2855 est
1140 2801 1169 2854 at
1181 2795 1313 2854 Christus
1334 2795 1366 2854 in
1379 2795 1468 2853 nohis
1484 2801 1539 2854 est.
1563 2799 1638 2854 Cum
1651 2813 1724 2854 vero
1740 2795 1770 2854 iu
1784 2813 1816 2855 re

93 2889 251 2957 quantum
273 2900 334 2942 non
355 2889 516 2954 terrenum,
541 2885 595 2943 sed
617 2886 736 2944 coeleste
759 2894 803 2946 ast
818 2893 967 2978 mysia-C
986 2885 1069 2944 omni
1084 2886 1144 2945 sint
1156 2902 1228 2958 erga
1240 2885 1653 2944 nosmeslimahilesdivitiae
1669 2886 1816 2956 liei,adeo

94 2972 194 3042 rium;
209 2987 274 3030 non
287 2973 431 3032 humanm
445 2974 636 3032 estimationi
651 2976 867 3050 comparabile,
876 2977 930 3034 sed
986 2981 1020 3034 ut
1044 2977 1201 3048 majestate
1224 2975 1402 3034 abscondita
1429 2975 1621 3050 corruptibile
1646 2991 1701 3050 pro
1727 2976 1817 3034 nobis

96 3061 300 3132 admirabile3
324 3079 387 3122 non
403 3063 631 3137 disputandum,
648 3064 702 3122 sed
723 3066 930 3123 metuendum.
985 3081 1095 3139 corpus
1106 3065 1252 3134 inducrlt;
1263 3063 1451 3122 contumeliis
1465 3069 1495 3123 et
1508 3064 1700 3140 passionibus
1716 3064 1817 3123 subdi·

96 3151 137 3208 lie
149 3167 215 3224 quo
226 3151 312 3210 silere
326 3151 426 3226 potius
436 3151 656 3212 estimaveram
668 3167 763 3227 quam
774 3154 932 3212 temeraria
984 3153 1071 3226 derit,
1096 3169 1158 3228 quo
1182 3169 1273 3228 opem
1291 3154 1380 3211 ferret
1397 3159 1554 3228 assumpto
1576 3153 1692 3212 homiui
1708 3172 1715 3224 ;
1743 3154 1817 3228 quid

97 3239 302 3314 disputatione
313 3241 437 3314 indigno
450 3241 710 3316 aiiqrriddetlnire3
724 3243 932 3317 quiacoelestis
983 3241 1144 3314 indignum
1156 3245 1217 3300 lieo
1228 3240 1358 3314 iudicari
1370 3246 1478 3315 polest,
1493 3241 1547 3316 qui
1560 3246 1678 3299 uterum
1689 3241 1815 3312 Virginis

97 3329 226 3387 altitudo
247 3330 383 3404 mysterii
402 3330 492 3404 plane
515 3347 578 3388 non
598 3331 678 3389 valet
698 3331 798 3390 officio
820 3332 931 3406 lingum
984 3330 1086 3401 subiit,
1102 3331 1127 3389 si
1139 3330 1305 3403 virginibus
1326 3330 1431 3388 ematis
1445 3328 1642 3388 infunditur?
1666 3345 1735 3404 quoe
1749 3329 1817 3388 licat

98 3418 304 3493 corruptibilis
315 3418 436 3496 exponi.
449 3423 498 3477 Est
512 3421 594 3480 enim
608 3421 786 3495 mysterium
794 3420 854 3480 fide
869 3438 932 3480 non
984 3418 1128 3494 simplicis
1142 3424 1258 3478 natura
1268 3419 1360 3494 paulo
1373 3423 1442 3476 ante
1464 3417 1625 3494 praeferant
1639 3416 1814 3490 imaginem,

98 3507 199 3582 speeie
215 3506 442 3580 estimandum,
463 3525 526 3566 non
546 3509 614 3566 visu
629 3525 784 3584 corporeo,
805 3510 859 3568 sed
873 3510 933 3586 spi·
984 3509 1181 3583 postmodum
1195 3507 1332 3574 coeleslis,
1349 3507 1402 3566 ubi
1421 3505 1656 3565 sanctificatione
1672 3505 1817 3580 inspirata

97 3599 156 3655 ritu
171 3597 363 3656 intuendum.
377 3599 429 3658 Cui
441 3599 566 3673 quidem
576 3599 616 3656 ad
630 3616 719 3658 usum
732 3600 853 3674 profuit,
869 3616 931 3659 non
984 3600 1129 3672 majestas
1142 3615 1215 3657 vera
1228 3596 1417 3666 diffunditur,
1430 3601 1459 3654 et
1471 3611 1540 3672 quae
1551 3595 1719 3655 substantia
1728 3595 1816 3670 panis

98 3686 307 3761 superstitiosa
322 3687 495 3745 mortalium
507 3687 634 3760 cultlua,
646 3688 699 3746 sed
710 3688 837 3747 coeleslis
846 3688 933 3747 disci-
985 3687 1087 3746 etvini
1110 3687 1278 3762 apparabat
1292 3684 1431 3754 exterius,
1444 3684 1509 3757 jam
1536 3700 1646 3758 corpus
1661 3682 1768 3742 Christi
1788 3686 1817 3740 et
1870 3719 1877 3740 .

97 3776 190 3849 plinse
204 3775 352 3848 magistra
371 3776 543 3842 auctoritas,
557 3793 619 3836 uon
634 3777 772 3837 doctrirm
784 3777 930 3849 humana,
985 3776 1109 3849 sanguis
1123 3775 1157 3832 fit
1170 3775 1304 3834 interius.
1317 3777 1409 3832 Gusta
1420 3773 1510 3846 igitur
1524 3777 1553 3830 et
1564 3772 1633 3832 vida
1643 3788 1736 3846 quam
1750 3788 1817 3828 sua-

100 3865 154 3922 sed
168 3864 316 3924 institutio
330 3865 442 3924 divina.
464 3867 556 3940 cnjus
579 3867 708 3941 potentis
731 3867 867 3943 mysterii
886 3883 931 3924 se·
984 3865 1030 3922 vis
1050 3865 1146 3936 cibus,
1163 3869 1190 3922 el
1204 3867 1348 3940 pergusta
1361 3861 1436 3937 quid
1452 3860 1540 3936 sapit.
1559 3859 1650 3934 Sapit.
1666 3861 1697 3915 ni
1716 3859 1814 3931 fallor,

99 3959 215 4013 cretum
225 3955 475 4030 quandoquidem
485 3955 669 4015 ratiorerum
677 3957 842 4016 molevieta
851 3973 932 4015 com·
984 3953 1087 4010 cibum
1099 3952 1184 4010 illum
1198 3951 1368 4026 angelicum
1383 3949 1546 4006 habentem
1562 3946 1638 4004 intra
1650 3963 1680 4003 se
1695 3947 1815 4020 mystici

100 4044 287 4118 prehendere
301 4061 363 4102 non
388 4042 479 4117 valet,
506 4045 564 4102 hoc
588 4047 706 4102 tantuma
728 4045 804 4104 fides
819 4050 930 4116 teneat,
985 4041 1102 4117 saporis
1122 4040 1385 4109 delectamentum,
1402 4052 1465 4094 non
1479 4036 1563 4110 quod
1585 4051 1636 4092 ore
1651 4035 1814 4106 discernas,

99 4133 172 4208 quia
180 4133 333 4208 quidquid
344 4133 566 4191 interhomines
581 4138 659 4192 Deus
669 4134 729 4207 egit
738 4139 790 4192 aut
800 4133 930 4208 pertulit,
985 4131 1040 4189 sed
1050 4130 1134 4204 quod
1144 4129 1254 4188 affectu
1261 4126 1393 4186 interiori
1406 4126 1556 4198 degustes.
1572 4127 1662 4182 Exere
1677 4123 1815 4198 palatum

99 4239 193 4280 causa
222 4222 363 4280 servandi
389 4223 517 4280 humani
547 4223 665 4296 generis
691 4222 739 4282 vel
769 4221 931 4299 reparandi
984 4218 1065 4286 fidei,
1082 4217 1174 4276 dilata
1188 4217 1290 4276 fauces
1303 4211 1814 4290 spei,visceracharitatisextende,

99 4314 195 4383 gratia
220 4311 294 4370 fuit:
313 4313 344 4369 in
361 4328 423 4386 quo
438 4311 585 4370 beneficia
607 4325 673 4382 sua,
699 4329 769 4388 qum
792 4313 832 4369 ab
847 4311 931 4371 initio
984 4313 1232 4383 etsumepanem
1245 4301 1612 4375 vitm,interiorishominis
1625 4301 1813 4374 alimentum,

99 4400 235 4474 dederat,
251 4401 293 4459 sie
308 4416 426 4475 semper
438 4400 551 4472 dilexit,
566 4405 608 4472 ul,
629 4402 737 4460 nostris
763 4401 850 4460 malis
863 4401 932 4460 licet
984 4413 1047 4456 non
1075 4399 1137 4454 arta
1162 4393 1287 4471 pistoria
1315 4392 1538 4467 fermentatum,
1568 4391 1621 4449 sed
1648 4391 1814 4451 incarnatas

100 4489 245 4558 offensus,
273 4489 396 4563 pronior
410 4505 529 4564 semper
552 4490 592 4548 ad
614 4489 834 4561 indulgentiam
856 4489 933 4548 foret
985 4486 1103 4544 deitatis
1117 4485 1203 4544 vitale
1217 4483 1417 4559 pulmentum.
1441 4483 1531 4540 Sume
1549 4481 1745 4539 nihilominus
1774 4481 1815 4536 vi·

99 4595 194 4652 quam
209 4578 251 4636 ad
275 4577 450 4636 vindictam.
474 4579 545 4637 inde
559 4583 605 4637 est
624 4578 708 4652 quod
726 4578 931 4637 damnationis
985 4593 1059 4634 num
1073 4591 1134 4634 non
1151 4574 1273 4633 sordido
1288 4573 1401 4632 cultore
1416 4572 1574 4640 calcatum,
1591 4570 1647 4628 sed
1666 4570 1704 4628 de
1716 4573 1815 4628 torcu-

100 4673 210 4725 nostre
223 4667 582 4743 proscriptionem,quam
592 4666 683 4742 primi
696 4667 933 4744 parantistrans-
985 4666 1042 4725 lari
1065 4665 1161 4724 crucis
1181 4679 1369 4740 expressum.
1394 4664 1496 4732 Gusta,
1520 4661 1657 4734 inquam,
1687 4656 1815 4716 coelestis

100 4757 215 4828 gressio
229 4755 439 4815 miserabiliter
450 4757 480 4814 in
493 4761 628 4831 posteros
639 4757 852 4829 transfuderat,
866 4773 933 4815 eva·
985 4754 1091 4832 pabuli
1107 4754 1297 4826 suavitatem,
1313 4752 1367 4811 sed
1385 4768 1423 4809 ne
1437 4765 1565 4808 nausees
1581 4747 1688 4807 terreni
1707 4745 1814 4816 germi-

101 4861 190 4902 auare
201 4845 380 4920 disponens,
391 4846 490 4904 carnis
501 4850 611 4904 nostrae
621 4845 824 4904 morticinium
834 4862 933 4904 susce-
985 4845 1032 4904 nis
1047 4859 1197 4918 saporem.
1222 4842 1263 4898 Do
1289 4839 1349 4897 lide
1377 4837 1486 4896 etenim
1511 4835 1657 4894 interioris
1679 4832 1813 4891 hominis

100 4934 151 5007 pit,
171 4950 227 5008 per
250 4949 345 5008 quam
366 4934 545 4992 immortalis
572 4934 728 4992 moriendo
753 4933 932 5009 captivitatis
985 4925 1227 5005 proceditdivini
1241 4929 1345 4997 gustus
1368 4921 1493 4997 saporis,
1513 4921 1587 4978 dum
1602 4921 1679 4976 carte
1697 4932 1753 4991 per
1768 4932 1814 4974 sa-

100 5025 210 5074 nostrm
220 5033 348 5075 causam
355 5017 583 5077 solvissetlnde
596 5017 744 5092 estquod,
760 5023 930 5093 reparatam
985 5017 1090 5077 lutaris
1116 5013 1302 5074 eucharistiae
1318 5013 1499 5071 infusionem
1520 5007 1617 5066 influit
1636 5005 1768 5067 Christus
1782 5006 1814 5062 in

101 5105 244 5164 humanae
259 5105 382 5179 originis
396 5105 573 5180 dignitatem
584 5107 682 5166 sciens
696 5121 816 5182 semper
828 5105 932 5165 diabc
984 5108 1100 5166 viscera
1114 5105 1224 5163 animae
1244 5101 1399 5170 sumentis,
1415 5115 1506 5173 quem
1528 5096 1598 5154 diva
1619 5111 1705 5154 mens
1725 5094 1814 5154 castis

100 5194 163 5253 lum
177 5195 324 5264 invidere,
336 5200 365 5253 et
377 5197 518 5272 nequitia
533 5214 596 5254 sum
610 5201 673 5255 arte
687 5213 823 5271 queram
837 5197 933 5272 quali-
984 5195 1187 5273 penetralibus
1198 5193 1228 5249 in
1239 5207 1275 5250 ea
1284 5189 1421 5248 videlicet
1430 5189 1528 5245 forma
1542 5184 1676 5260 suscipit,
1684 5201 1746 5259 qua
1757 5184 1814 5242 sub

102 5289 144 5341 ter
157 5285 314 5343 hominem
329 5303 348 5344 a
363 5285 409 5343 sui
424 5285 575 5345 voluntale
589 5285 756 5345 Conditoris
775 5289 929 5354 averteret,
983 5285 1051 5360 ipsa
1070 5281 1276 5341 recordatione
1295 5275 1430 5350 mysterii
1456 5274 1569 5350 Spiritu
1593 5273 1743 5332 revelante
1758 5272 1814 5329 sibi

101 5381 130 5431 el
142 5377 275 5451 antiquae
288 5377 459 5450 perditioni,
477 5377 502 5434 si
521 5377 567 5434 ias
580 5381 668 5446 esset,
683 5376 849 5436 obnoxium
861 5376 931 5434 red-
984 5374 1162 5446 praesentem
1170 5368 1309 5431 intuetur,
1319 5364 1596 5436 infantem,autara
1604 5361 1701 5421 crucis
1709 5361 1815 5420 immo·

101 5463 183 5522 deret
198 5481 206 5520 ι
221 5465 373 5522 defectum
385 5469 494 5522 nostrae
516 5464 681 5536 fragilitatis
693 5464 862 5535 miseratus,
879 5465 931 5522 ad·
983 5461 1090 5529 latum,
1102 5461 1155 5515 aut
1168 5454 1306 5518 sepulcro
1318 5453 1533 5528 quiescentem,
1548 5455 1599 5511 aul
1610 5455 1688 5510 certe
1697 5450 1815 5507 calcata

101 5569 203 5611 versus
217 5553 412 5629 quotidianus
433 5559 541 5612 nostrae
564 5552 770 5628 prolapsionis
794 5553 926 5611 offensas
984 5554 1080 5609 morte
1095 5549 1312 5618 resurgentem,
1339 5542 1401 5600 sive
1416 5557 1510 5616 supra
1523 5541 1614 5599 coelos
1635 5537 1817 5598 evectumin

316 5645 438 5700 ΡΛτιιοικ
459 5645 545 5702 CXLI.
1657 5635 1673 5686 7
