4002 6174
99 177 138 234 m
497 185 500 190 ·
610 131 612 136 ‘
667 169 1102 229 masmnmnnsnon.
1164 141 1166 144 ’
1723 183 1776 241 nr

97 293 174 357 sancti
185 291 253 350 Petri
265 290 413 363 abbatem,
425 287 458 350 u't
471 290 509 348 de
527 292 585 350 ista
600 309 693 352 causa
712 294 819 352 darent
832 310 887 354 no·
905 297 932 354 A
944 295 1079 368 jusmodi
1092 297 1271 370 sacrilegam
1286 300 1469 360 calumniam
1484 302 1607 361 ulterius
1620 305 1775 381 inquietet.

90 389 131 444 bis
150 382 289 440 audentia
310 381 427 450 locum;
454 381 539 455 quod
560 386 588 439 et
602 381 736 440 fecerunt
751 385 844 442 semel
858 385 889 442 in
945 385 1032 452 Quod
1055 387 1080 442 si
1106 388 1296 462 pertinaciter
1320 391 1433 448 odiosae
1456 393 1614 451 calumniae
1631 397 1776 454 inhaerere

94 475 178 534 eadem
189 471 330 544 villaquae
343 470 452 528 dieitur
470 471 656 544 Ursivillaris‚
684 473 843 534 etiterum
857 475 888 534 in
944 477 1092 546 maluerit,
1106 477 1156 536 illo
1177 496 1240 554 quo
1259 483 1335 540 Deus
1359 481 1453 540 iratus
1481 484 1696 556 incorrigibiles
1724 488 1776 544 da-

91 557 327 636 villaquaedioit'ur
350 562 534 619 castanetas.
562 561 701 620 Discussa
726 561 828 638 itaque
852 579 889 622 ex
942 568 1230 628 mnatanatbemate
1244 569 1375 630 feriatur.
1392 571 1455 629 fiat
1468 573 1529 631 fiat.
1548 579 1606 632 Nos
1629 593 1709 645 vero,
1723 577 1775 650 qui

91 659 193 726 utraque
215 654 295 724 parte
323 651 535 719 controversia,
572 650 743 708 invenimus
771 657 889 726 partem
944 654 1127 714 calumniam
1143 659 1347 732 supradictam
1360 661 1558 735 gurpivimus,
1573 666 1697 723 nomina
1720 683 1774 723 no-

89 741 279 798 nonaehorum
301 738 342 796 ita
370 739 519 813 scriptura
544 743 573 796 et
598 739 722 796 testibus
746 744 775 800 et
796 741 889 814 longa
943 750 1005 804 stra
1019 751 1251 821 nostrorumque
1275 749 1411 806 fidelium
1436 751 1489 824 qui
1517 758 1677 824 praesentes
1703 756 1774 812 ado-

88 829 206 886 vestitura
229 827 390 896 suffultam,
412 829 546 887 utnulla
566 829 802 886 Christianorum
823 831 888 901 lege
942 836 1216 910 rant,inproesenti
1238 839 1383 911 chartula,
1406 842 1559 898 memoriae
1580 859 1683 914 eausa,
1708 845 1775 902 feci-

87 924 167 994 posset
177 918 343 993 supradicta
355 917 480 976 ecelesia
503 918 542 976 ab
568 934 673 976 eorum
694 919 887 992 possessione
926 941 1011 981 mus
1021 924 1171 984 adnotari.

87 1009 182 1067 aidani.
196 1009 284 1078 Unde,
297 1009 463 1080 contraius
478 1013 568 1082 atque
596 1009 681 1066 nefas
708 1010 887 1067 contendere
979 1015 1007 1071 S.
1024 1013 1162 1085 odolrici,
1187 1015 1409 1075 Aurelianensis
1427 1018 1562 1094 episcopi
1592 1022 1619 1078 S.
1647 1021 1775 1078 rutberti

85 1100 206 1170 nolentes,
223 1114 279 1169 ego
293 1096 428 1155 videlicet
442 1097 597 1155 odolricus
610 1098 780 1176 episcopus,
792 1097 888 1158 etfre-
943 1104 1133 1162 carnotensis
1148 1104 1292 1178 episcopi.
1310 1108 1338 1163 S.
1355 1106 1467 1164 Alberti
1483 1107 1611 1166 abbatis.
1636 1111 1664 1168 S.
1693 1114 1774 1168 lsen·

87 1195 119 1246 ter
129 1205 203 1246 meus
214 1187 413 1256 isembardus,
429 1192 458 1244 et
468 1187 629 1262 praedictus
644 1188 800 1245 Hilduinus
817 1204 886 1245 cum
941 1190 1029 1248 bardi
1043 1191 1120 1248 laici.
1139 1193 1166 1248 S.
1184 1192 1297 1250 Erfredi
1321 1194 1432 1251 Clerici.
1463 1199 1490 1254 S.
1522 1197 1638 1254 Salonis
1665 1198 1772 1256 clerici.

85 1281 137 1338 filiis
148 1284 172 1337 et
193 1278 302 1336 caetens
325 1277 505 1352 propinquis
529 1277 600 1348 suis,
626 1294 661 1335 ex
677 1281 738 1335 toto
754 1277 885 1352 gurpivi-
943 1281 971 1338 S.
1001 1283 1137 1350 Bovonis‚
1163 1282 1270 1340 decani
1310 1284 1407 1340 Sancti
1444 1285 1556 1343 Martini
1582 1289 1772 1345 Turonensis.

85 1369 300 1442 musincoeptam
315 1366 500 1424 calumniam
512 1365 669 1422 monacbis
682 1365 781 1424 Sancti
800 1366 884 1436 Petri,
943 1371 971 1426 S.
986 1367 1128 1426 'fercelini
1143 1370 1249 1427 clerici.
1268 1373 1296 1430 S.
1313 1373 1435 1430 Tedoini
1450 1373 1556 1431 clerici.
1592 1377 1620 1432 S.
1635 1375 1772 1434 alberici.

85 1463 221 1516 annuentes
231 1461 263 1514 ut
275 1455 370 1513 solide
384 1460 413 1513 et
426 1455 525 1530 quiete
538 1456 715 1529 possideant
726 1455 885 1512 ecclesiam
942 1459 970 1518 S.
985 1459 1115 1516 Hilduini
1129 1459 1206 1531 laici,
1224 1463 1252 1518 S.
1269 1461 1397 1518 Hilduini
1421 1462 1464 1519 fili
1487 1464 1562 1535 ejus.
1591 1466 1619 1523 S.
1646 1466 1774 1524 Odolrici

86 1565 151 1605 suam
162 1546 332 1605 Ursivillaris
346 1546 376 1602 in
392 1549 583 1620 perpetuum,
601 1545 677 1602 sicut
687 1545 804 1616 justum
818 1561 885 1602 esse
940 1547 992 1604 filii
1005 1549 1082 1619 ejus.
1101 1551 1129 1607 S.
1144 1549 1289 1606 Pontebni
1312 1551 1429 1625 nepotis
1456 1554 1530 1624 ejus.
1566 1557 1594 1611 S.
1623 1556 1772 1613 Godefridi

85 1638 264 1713 anpernnus.
282 1636 423 1694 luterdixi
435 1636 526 1696 etiam
536 1629 700 1708 episcopali
710 1634 885 1700 ambriae
905 1636 1200 1706 praenasceretur
1211 1639 1404 1697 vioeeomitis.
1430 1644 1459 1699 S.
1475 1642 1616 1700 friderici
1633 1641 1669 1701 fr.
1693 1645 1770 1704 laici.

84 1729 173 1786 nibia
197 1731 253 1786 Deo
277 1726 386 1784 tradita
405 1725 526 1800 nequis
541 1741 750 1786 successorum
767 1729 886 1784 nostro
940 1726 968 1783 S.
984 1727 1118 1799 lingonis
1132 1727 1272 1785 Badordi.
1286 1730 1315 1786 S.
1331 1730 1525 1789 Gualoilaioi.

84 1833 133 1876 rum
156 1816 309 1894 predictos
338 1815 505 1877 monachos
535 1814 634 1874 Sancti
659 1813 735 1880 Petri
754 1828 808 1887 per
829 1814 885 1874 bu·

561 2155 699 2248 Laus
746 2155 892 2246 VITAE
940 2159 1261 2251 MONASTICAE

355 2353 358 2362 ’
379 2317 484 2438 (nnn
498 2366 531 2423 s.
545 2366 576 2424 v.
589 2364 754 2436 mama,
768 2365 844 2437 opp.
862 2367 987 2438 esaon.
1009 2368 1431 2444 vaccen.‚n0taens.1q.

81 2647 136 2705 run
147 2664 210 2721 grex
222 2647 465 2722 bominum,qui,
472 2647 581 2707 Christi
588 2649 701 2722 dogma
706 2653 878 2726 sequentes,

103 2739 261 2814 Gentemptis
278 2739 413 2813 optibus,
428 2737 472 2796 nil
485 2739 641 2814 proprium
654 2740 782 2799 retinent
796 2759 803 2811 ;

80 2827 147 2884 inim
159 2829 273 2886 arbitrio
286 2841 367 2902 quos
381 2827 486 2900 regula
500 2831 605 2886 sancta
614 2833 740 2900 coercet,
784 2875 786 2879 ,

103 2918 214 2982 Quorum
227 2918 361 2992 quisque
377 2931 433 2973 suc
447 2915 490 2974 nil
504 2917 566 2988 agit
578 2933 614 2974 ex
627 2915 721 2974 libito.

936 2651 1110 2710 discursum
1125 2651 1293 2724 monacbis,
1309 2651 1401 2712 vitam
1414 2651 1498 2726 dant,
1507 2657 1536 2714 et
1551 2653 1728 2722 elaborem:

970 2741 1036 2810 Qua
1049 2739 1131 2800 velut
1142 2741 1172 2800 in
1184 2741 1278 2800 caulis
1293 2743 1502 2802 contineantur
1515 2759 1596 2802 oves.

935 2833 1068 2898 Quarum
1082 2832 1181 2905 prima
1191 2832 1407 2891 domusservat
1417 2838 1583 2910 potumque
1592 2831 1765 2909 cibumque,

969 2923 1011 2977 Ex
1025 2919 1137 2995 quibus
1150 2921 1206 2978 hos
1221 2920 1314 2980 reficit
1323 2923 1429 2995 juncta
1443 2921 1576 2980 secunda
1590 2923 1710 2982 domtvs.

79 3007 117 3061 dor
126 3008 224 3080 quibus
236 3011 285 3066 est
299 3021 406 3074 mum,
426 3007 537 3080 quibus
551 3006 712 3064 indiscreta
730 3006 879 3081 voluntas,
899 3008 1029 3088 C'fertia
1043 3008 1181 3066 membra
1194 3009 1274 3069 fovet
1287 3013 1396 3069 vexata
1411 3011 1514 3070 labore
1529 3009 1648 3082 diurno,
1748 3026 1752 3036 ·

101 3098 143 3152 Per
152 3098 257 3156 cunctis
270 3096 398 3154 babitus
410 3099 440 3154 et
451 3095 537 3158 cibus
551 3096 723 3178 estsimilis.

79 3185 108 3240 Sic
118 3191 205 3244 amen
221 3192 255 3244 ut
267 3185 445 3261 capiatque
457 3183 585 3260 quisque
597 3185 714 3244 videtin
728 3199 825 3258 egere,

100 3279 160 3333 sas
174 3283 203 3335 ut
212 3277 330 3349 fragilis
342 3274 519 3334 debilitasve
531 3277 627 3348 jubet.

78 3366 149 3422 lmus
160 3368 239 3426 abest
251 3366 368 3436 omnis,
379 3366 527 3440 peccandi
540 3381 610 3424 rara
621 3366 758 3440 facultas,

102 3457 185 3513 iuneti
197 3461 379 3516 cunctorum
392 3471 463 3513 cum
472 3457 598 3514 timeant
610 3456 724 3514 oculos.

78 3543 118 3600 lex
129 3548 288 3606 commnrds
304 3545 398 3604 habet
417 3545 500 3605 visas
527 3561 600 3604 mox
619 3546 746 3620 prodere
762 3545 879 3620 culpas,

102 3634 129 3689 ut
137 3649 256 3694 nascens
270 3635 379 3694 vitium
394 3650 486 3710 poene
498 3650 629 3712 sequens
642 3637 764 3694 resecet.

78 3721 195 3783 desidiam
206 3726 338 3799 digium,
353 3725 441 3784 labor
451 3726 531 3784 unns
546 3730 675 3800 occupat
689 3741 804 3784 omnes.

101 3813 175 3872 ftoxia
186 3820 341 3892 torpentes
355 3832 394 3874 ns
406 3815 536 3875 subeant
547 3817 676 3874 animos.

78 3900 208 3964 mnsam
220 3905 298 3964 nibil
312 3909 367 3977 est,
379 3905 433 3964 nbi
444 3905 522 3964 finnt
532 3905 638 3963 ordine
651 3905 769 3975 cuncta,

101 3994 204 4053 fumun
216 4001 327 4066 burm,
343 3995 562 4070 negligiturque
578 3995 661 4053 nibil.

77 4079 117 4136 lec
128 4083 213 4143 ntum
225 4087 301 4158 vita,
319 4085 373 4144 sed
385 4088 502 4143 constat
511 4088 541 4143 et
552 4084 627 4142 ordo
638 4082 782 4158 loquendi
797 4101 804 4141 ι

101 4169 258 4245 tbpmssnt
269 4189 359 4249 mque
373 4173 509 4232 maxima
525 4189 595 4231 cum
607 4173 750 4246 minimis,

77 4255 121 4314 ion
129 4261 176 4318 nivi
182 4264 361 4337 prescripto
376 4263 540 4337 quisquam
551 4262 721 4336 loquiturve
734 4260 845 4332 siletve,

101 4348 155 4418 Stat
170 4355 265 4429 sodes,
277 4353 392 4411 incedit
403 4351 509 4411 ordine
522 4352 650 4428 quisque
666 4367 732 4413 suo.

76 4433 181 4497 Ecclesia
193 4442 286 4502 limm
300 4445 465 4516 noctesque
479 4439 603 4514 diesque
617 4439 818 4520 frequentant,

101 4529 125 4584 ct
136 4533 235 4591 sanctis
248 4531 394 4609 precibus
409 4548 501 4605 seque
516 4547 646 4608 suosque
655 4532 772 4604 juvant.

76 4615 131 4680 Ouid
143 4637 245 4692 moror,
260 4627 290 4681 et
301 4623 401 4700 verbis
412 4620 549 4683 evolvere
563 4620 681 4696 singula
695 4621 806 4694 tento?

99 4707 230 4784 Quidquid
244 4717 352 4788 agunt,
367 4726 447 4785 opus
457 4715 502 4768 est
515 4711 648 4786 corporis
662 4714 714 4768 aut
726 4710 845 4772 animae.

970 3101 1081 3166 Quarta
1091 3099 1142 3156 Dei
1156 3097 1261 3156 laudes
1275 3099 1396 3157 assidue
1412 3107 1539 3161 resonat.

932 3187 1062 3245 Plurima
1075 3192 1219 3270 pretereo
1234 3187 1325 3246 simili
1335 3189 1487 3261 condigna
1499 3189 1604 3265 relatu,

970 3277 1027 3334 Sed
1040 3276 1169 3334 breviter
1183 3277 1294 3350 dicam,
1309 3275 1350 3336 nil
1361 3283 1505 3354 superest,
1519 3279 1565 3337 vel
1580 3275 1674 3340 abest.

932 3369 990 3424 llos
1000 3365 1090 3438 igitur
1105 3380 1254 3442 proceres,
1270 3367 1351 3424 huno
1365 3367 1492 3440 dignum
1504 3367 1595 3428 laude
1614 3374 1764 3440 senatum,

967 3455 1116 3528 Exiguum
1131 3456 1240 3531 specle,
1257 3455 1393 3516 moribus
1405 3452 1560 3528 eximium,

932 3545 1081 3620 Compare
1095 3545 1239 3622 formicis,
1255 3561 1388 3624 quarum
1403 3543 1540 3606 studiosa
1553 3544 1693 3609 laborum

966 3634 1108 3692 'turmula
1122 3641 1278 3694 convectat
1290 3639 1415 3714 corpore
1432 3639 1531 3712 majus
1545 3657 1633 3698 onus.

932 3728 1003 3792 Quae
1017 3741 1056 3782 nc
1070 3741 1133 3783 non
1147 3728 1265 3802 possint
1274 3745 1469 3787 communem
1481 3727 1591 3791 ducere
1604 3725 1709 3802 vitam,

967 3813 1065 3872 Isdem
1080 3816 1137 3872 sub
1149 3815 1262 3877 laribus
1276 3817 1385 3877 horrea
1396 3836 1492 3895 parva
1502 3815 1612 3878 locant.

931 3905 1080 3977 comparo
1092 3903 1199 3961 divinis
1213 3905 1331 3982 apibus,
1348 3921 1416 3982 quae
1429 3923 1554 3982 corpore
1566 3923 1661 3982 parvo

966 3997 1103 4064 ingentes
1116 3983 1234 4053 animas
1247 3997 1443 4074 egregiasque
1456 3999 1563 4068 gerunt
1576 4015 1583 4054 :

930 4078 1099 4154 flexa'gonis
1114 4083 1194 4142 cellis
1209 4099 1275 4164 que
1284 4085 1375 4164 mella
1389 4081 1533 4161 liquentia
1545 4079 1690 4156 condunt,

884 4173 892 4188 '
966 4173 1039 4231 Utile
1050 4171 1213 4230 mirificum
1226 4191 1294 4249 quae
1306 4175 1491 4234 fabricantur
1502 4193 1590 4252 opus,

930 4265 1002 4331 Quae
1016 4262 1220 4336 disciplinam,
1236 4281 1303 4345 que
1312 4265 1382 4338 jura
1397 4265 1564 4338 domestica
1577 4271 1706 4326 servant.
1732 4309 1734 4312 -

894 4390 917 4448 n
968 4349 1318 4427 Quasquesfmutrefieit
1331 4353 1621 4430 mgmtosammvo.

933 4447 1082 4518 comparo
1097 4441 1259 4519 sideribus,
1271 4446 1383 4520 quibus
1395 4445 1469 4506 ania
1480 4461 1612 4524 sepem
1623 4447 1763 4520 refulget,

965 4536 1045 4596 bers
1052 4549 1121 4608 que
1134 4535 1255 4594 furem
1267 4536 1408 4595 medens
1420 4537 1573 4597 undant.

931 4625 1001 4687 Quae
1012 4622 1105 4679 semel
1116 4622 1290 4704 impositam
1305 4631 1426 4684 servant
1437 4643 1492 4702 per
1518 4619 1632 4684 saeida
1649 4618 1757 4698 legen,

966 4713 1036 4778 Quae
1051 4711 1152 4773 solitos
1167 4729 1272 4774 curares
1286 4703 1316 4772 et
1328 4732 1472 4790 mrmercs
1486 4720 1645 4789 peragunt.

61 4792 132 4858 'Ouid
141 4803 217 4874 quod
229 4803 271 4861 sic
283 4793 436 4884 habitavi,
447 4805 482 4874 pt
495 4799 532 4860 sit
543 4815 628 4861 sacer
639 4799 878 4876 ipsedomorum
930 4803 1080 4876 Compare
1088 4806 1208 4878 mand
1220 4805 1392 4866 solemni&
1406 4805 1619 4864 miscam

100 4888 125 4944 n
136 4889 202 4946 situs
215 4898 245 4950 et
255 4907 413 4963 numerus,
429 4889 642 4965 sufficiensque
654 4891 734 4949 sibi?

74 4973 228 5064 trabeam
242 4981 378 5060 speciem
391 4983 540 5056 martura
561 4973 726 5053 domestica
745 4980 873 5058 prefert.

98 5065 165 5123 Atria
176 5067 220 5125 bis
234 5069 316 5126 binis
328 5070 439 5144 inclyta
452 5069 628 5144 porticibus.

965 4879 1095 4967 iamper
1105 4895 1251 4966 ageliois
1261 4911 1407 4970 comparo
1418 4895 1580 4970 spiritibus

931 4982 990 5049 Qui
1000 4998 1120 5057 semper
1133 4985 1257 5043 Srncrus
1272 4983 1506 5062 triplicatavoce
1519 4975 1679 5052 resultant,

966 5073 1096 5133 interris
1110 5075 1251 5136 monachi
1259 5073 1346 5154 quod.
1355 5069 1550 5136 madidantes!
1563 5073 1653 5130 idem.

74 5149 136 5224 tue,
147 5157 237 5216 tribus
252 5159 379 5226 inclusae
389 5157 546 5236 domibus,
562 5173 640 5234 quas
654 5161 879 5236 corporisusus
931 5162 977 5221 Sic
993 5162 1142 5220 Cherubin
1157 5163 1243 5232 coelo,
1257 5163 1399 5222 monsalv'
1413 5163 1524 5221 tellure
1530 5165 1696 5234 mmmm

98 5243 223 5324 renna,
237 5253 269 5316 aa
281 5253 400 5328 quarte,
412 5265 481 5326 que
492 5247 663 5315 domasset
673 5249 806 5321 neubi.

965 5253 1212 5311 ummmntune
1222 5253 1375 5310 mrvtdsnr
1388 5248 1524 5313 nominor

750 5567 1056 5600 W-
