3996 6178
131 177 200 235 nar
745 201 781 252 .‘
821 168 966 229 icarus
983 168 1040 246 xix
1057 171 1156 230 rare
1207 245 1211 250 ¹
1256 141 1259 146 ’
1781 167 1847 226 rra

129 298 248 375 praelati
259 297 462 374 adieceravel
476 295 625 372 pertinere
635 293 961 371 noscunturqucmad-
977 298 1001 356 A
1051 297 1216 367 †toannes
1230 294 1400 372 episcopus.
1415 308 1689 374 servusiservorum
1705 290 1761 353 lici
1773 291 1848 353 sri-

131 389 259 450 modum
283 386 474 447 beatissimus
501 390 604 445 Petrus
632 387 787 461 apostolus
814 385 887 444 olim
905 401 961 443 suo
1014 383 1142 444 burtinae
1156 385 1304 444 Ecclesiae.

97 527 99 530 .
124 459 279 554 vdiscipulo
290 481 386 536 ldarco
415 476 616 550 evangelistae,
629 477 755 551 eiusque
768 476 890 550 sequaci
902 475 962 532 ele·
1409 509 1451 568 lx·

132 568 214 639 genti
236 566 301 624 viro
315 567 507 640 Hermagora
522 567 713 624 contradidit.
729 568 895 638 statuentes
909 565 963 636 igi-

131 661 179 714 tur
202 655 368 730 apostolica
394 671 521 714 censura
535 656 592 714 snb
607 655 700 715 divini
711 655 815 729 judicii
835 655 963 712 obteste-
1015 639 1147 696 *70072'208
1160 639 1235 696 ΧῙΧ
1246 638 1276 694 ῑη
1305 637 1419 710 ⁸t1²²⁰d⁰
1429 634 1677 708 paltissrt'sffllt‘m
1711 633 1848 691 Gratim·
1950 650 1951 678 t

130 744 211 802 tione
234 747 264 802 et
292 744 492 802 anathematis
518 744 676 803 interdictu
703 743 908 802 interdicimus
931 745 965 800 ut
1051 732 1311 798 sem,pctestotem
1322 723 1848 797 POPPttttt'timl’i'sst'cMAdm'ltfffl·
1950 803 1951 808 η

130 833 232 892 nullus
244 848 380 908 unquam
403 837 575 892 nostrorum
599 850 806 892 successorum
818 832 962 908 pontifex,
1052 817 1091 873 ⁵²¹⁵
1105 818 1273 889 wlfwini
1287 815 1574 917 ssstdutsedatwms
1594 813 1847 884 Ut'wm'pssfflsst·

130 923 293 998 nullusque
312 923 484 999 episcopus,
507 923 651 998 nullaque
674 939 788 996 magna
808 938 963 998 parvaque
1051 908 1115 964 05²2
1128 907 1278 965 Gradtntl'
1288 906 1427 962 restitisti·

131 1027 263 1087 persona
276 1013 307 1070 in
324 1013 391 1071 totis
409 1013 520 1071 finibus
546 1013 640 1072 vestri
670 1014 889 1088 patriarchatus
915 1011 964 1070 vel
1330 1037 1428 1104 (Anno
1446 1033 1534 1105 1029),

131 1101 343 1176 episcoporum
355 1105 524 1159 vestrorum
539 1100 674 1160 dominio
686 1101 908 1176 pertinentium,
918 1117 964 1158 or·
1225 1142 1324 1213 [MANSI
1352 1139 1457 1197 concil
1484 1138 1545 1196 xlx
1566 1139 1628 1210 49¹]

133 1189 319 1248 dinationem
333 1191 501 1264 quamlibet
522 1192 619 1250 iacere
634 1196 829 1266 praesumant,
845 1191 902 1249 nisi
915 1206 965 1248 ve·
1328 1183 1334 1208 ¹
1460 1181 1466 1195 '
1548 1182 1555 1209 '
1632 1183 1639 1196 '
1713 1261 1721 1274 .

132 1285 194 1338 stro
221 1284 448 1354 vestrorumque
476 1297 688 1339 successorum
700 1281 788 1338 inerit
802 1296 962 1350 consensu,
1052 1268 1174 1323 J⁰tttltsss
1190 1281 1361 1340 episcopus,
1377 1281 1482 1322 servus
1496 1279 1652 1322 ⁵0PV⁰P1¹¹¹1
1666 1262 1733 1320 ⁰0¹·

131 1372 280 1442 quatenus
294 1368 492 1426 Ecclesiarum
523 1370 645 1426 ordines
659 1387 729 1428 cum
749 1370 799 1427 bei
814 1368 964 1442 adjutorio
1054 1373 1083 1432 si
1096 1373 1272 1432 mortalibus
1292 1372 1501 1430 inevitabiliter
1514 1389 1577 1430 non
1590 1372 1765 1430 immineret
1778 1371 1846 1428 acci-

131 1458 234 1516 sedule
249 1463 429 1516 accrescant.
448 1459 476 1517 Si
491 1459 558 1532 quis
573 1466 685 1528 autem,
712 1460 795 1534 qnod
807 1475 868 1518 non
881 1463 965 1533 opta·
1017 1461 1093 1520 dens
1107 1478 1144 1520 cx
1167 1462 1344 1536 protoplasti
1365 1461 1498 1537 parentis
1521 1461 1592 1518 viiio
1610 1460 1755 1532 deficere,
1770 1462 1844 1518 nulla

131 1563 210 1613 mus,
239 1547 396 1604 temerario
412 1563 490 1604 ausu
508 1549 600 1620 hujus
615 1549 708 1605 nostri
736 1548 890 1623 apostolici
903 1547 964 1623 pri·
1017 1552 1136 1627 penitus
1148 1553 1224 1610 ratio
1240 1558 1358 1624 cogeret
1372 1552 1624 1611 actacorumdcm
1638 1551 1792 1609 servanda
1804 1551 1844 1608 tu·

131 1637 224 1709 viligii
249 1643 454 1710 transgressor
483 1638 618 1709 extiterit,
645 1638 720 1696 sciat
743 1655 774 1694 sc
789 1638 963 1696 auctoritate
978 1657 999 1712 Β
1018 1640 1092 1698 turis
1108 1641 1226 1698 saeculis
1242 1641 1325 1698 bona
1340 1640 1379 1699 ad
1393 1640 1577 1715 exemplum,
1596 1639 1798 1714 velimproba
1810 1641 1844 1696 ad

132 1727 183 1786 liei
197 1727 421 1800 omnipotentis,
442 1732 470 1784 et
485 1727 690 1802 apostolorum
719 1728 862 1802 principis
875 1728 962 1798 Petri,
1017 1729 1166 1788 cautelam
1182 1729 1259 1804 stylo
1278 1729 1475 1788 inextricabili
1491 1730 1720 1800 commendare,
1736 1729 1784 1786 illa
1797 1730 1844 1786 mi·

131 1821 161 1876 et
174 1816 265 1875 Pauli.
283 1821 425 1874 ctncstra
440 1816 492 1891 qui
516 1832 621 1873 eorum
630 1815 785 1888 fungimur
796 1818 871 1887 vice,
893 1833 964 1874 nna·
1017 1834 1075 1875 nus
1088 1819 1233 1877 idoneum
1244 1818 1320 1876 toret
1346 1823 1483 1876 auctores
1510 1825 1676 1893 praesentes
1693 1818 1841 1894 inspicere,

132 1906 271 1966 thematis
284 1905 404 1963 vinculo
433 1922 499 1965 esse
511 1905 700 1976 innodatum,
730 1912 790 1963 eta
807 1922 900 1978 regno
912 1906 964 1963 Dei
1017 1913 1045 1966 et
1059 1910 1132 1966 Acta
1148 1909 1255 1981 exequi
1281 1897 1414 1965 exarata.
1431 1908 1488 1966 Sed
1503 1909 1586 1982 quia,
1602 1913 1634 1965 ut
1654 1907 1843 1982 premissum

131 2011 196 2054 csse
217 1994 368 2064 alienum;
384 1995 436 2069 qui
452 2011 522 2052 varo
536 1995 627 2067 huius
644 1999 753 2052 nostrie
766 1995 903 2070 Epistulae
916 1995 962 2052 in·
1018 1997 1166 2073 est,prirni
1180 1997 1312 2071 parentis
1327 1997 1446 2071 piaculo
1461 1997 1601 2054 instantia
1615 2003 1792 2056 caeterorum
1801 1997 1843 2056 de

132 2084 291 2144 stitutionis
305 2084 336 2140 in
350 2083 491 2141 omnibus
504 2084 679 2141 observator
691 2085 826 2149 extiterit.
842 2084 964 2142 benedi·
1017 2086 1105 2144 ficere
1120 2087 1218 2161 coepit,
1231 2086 1354 2160 provide
1370 2101 1476 2144 eornm
1488 2086 1601 2144 invenit
1613 2087 1797 2151 humanitas.
1809 2105 1842 2144 ne

132 2173 238 2234 ctionis
252 2174 391 2245 gratiam,
408 2173 562 2248 vitamque
587 2181 741 2244 aeternam,
757 2175 963 2254 etstalrsolutio·
1020 2193 1122 2234 secum
1137 2175 1307 2250 deperirent
1321 2177 1408 2232 Gesta
1421 2175 1544 2248 propria
1556 2174 1595 2232 ad
1606 2174 1840 2233 informationem

132 2280 203 2322 nem
219 2266 355 2322 omnium
386 2269 578 2339 peccatorum
595 2279 718 2320 suorum
745 2265 888 2337 consequi
902 2280 964 2320 me·
1020 2264 1210 2338 sequentium
1227 2263 1416 2335 saeculorum,
1429 2264 1477 2321 vel
1492 2263 1531 2320 ad
1544 2262 1750 2334 evitationem,
1763 2265 1785 2320 si
1797 2265 1840 2321 oh

132 2359 262 2412 rectura
276 2355 346 2421 Deo,
362 2353 413 2428 qni
430 2353 501 2410 vivit
515 2360 543 2410 et
555 2360 662 2424 regnat
673 2353 704 2410 in
718 2353 825 2412 saecula
842 2354 964 2412 seculo·
1020 2371 1108 2410 scura
1124 2355 1243 2424 tuerint,
1274 2353 1383 2410 dehere
1399 2353 1546 2418 adnotari,
1563 2357 1596 2410 nt
1613 2353 1684 2427 ipsa
1700 2353 1839 2412 adnotatio

132 2459 211 2501 rum.
227 2445 333 2500 Amen.
424 2465 426 2468 ’
1019 2443 1211 2500 immemores
1226 2447 1327 2498 aetates
1338 2457 1484 2517 superans
1493 2441 1675 2514 significaret
1686 2442 1761 2516 quid
1769 2443 1838 2510 utile,

171 2531 319 2606 Scriptum
331 2548 386 2606 per
400 2549 510 2590 manus
523 2532 647 2590 ioannis
662 2533 832 2602 cardinalis,
849 2537 878 2592 et
892 2549 964 2592 can·
1019 2532 1131 2608 quidve
1146 2537 1264 2604 gestum
1275 2531 1380 2590 luisset
1394 2529 1646 2605 inutile‚etlucida
1657 2530 1838 2604 indagatione

134 2622 255 2691 cellarii,
271 2623 333 2680 vice
349 2623 423 2682 Petri
438 2623 568 2695 diaconi,
585 2637 687 2680 mense
703 2623 898 2697 septembris,
918 2624 965 2681 in·
1019 2638 1156 2680 verume
1170 2621 1246 2680 laiso
1271 2621 1301 2678 in
1328 2627 1461 2695 ternpore
1486 2626 1659 2695 opportuno
1675 2624 1837 2678 secerneret

136 2709 265 2771 dictione
280 2711 458 2786 decimati).
1020 2711 1109 2780 Quod
1120 2711 1144 2768 si
1157 2716 1202 2770 est
1215 2712 1246 2768 in
1262 2711 1457 2768 saecularibus
1470 2710 1598 2782 negotiis
1609 2710 1642 2768 id
1655 2709 1767 2768 servari
1780 2725 1837 2766 san·

170 2804 342 2876 batumper
356 2801 615 2859 manusBossonis
632 2801 765 2876 episcopi
775 2800 967 2859 etbibliothe·
1020 2802 1122 2872 citum,
1139 2800 1265 2867 cantius,
1294 2805 1324 2858 et
1342 2799 1512 2871 dihgcntius
1534 2799 1567 2856 in
1583 2797 1786 2858 ecclesiasticis
1798 2801 1837 2854 est

134 2890 206 2948 carii
222 2892 250 2948 S.
266 2893 298 2946 li.
315 2891 346 2946 E.
358 2889 390 2946 in
402 2904 516 2959 mense,
530 2895 558 2946 et
571 2889 732 2947 indictione
748 2891 964 2964 suprascripta,
1020 2891 1253 2958 observandum,
1282 2890 1335 2964 qui
1346 2894 1429 2948 tanto
1443 2894 1651 2963 tempestatem
1671 2889 1768 2947 saeculi
1779 2890 1836 2946 hor

133 2977 165 3034 in
180 2977 382 3036 sacratissima
395 2976 465 3034 sede
479 2977 559 3035 beati
579 2979 654 3035 Petri
668 2977 807 3051 apostoli,
833 2994 913 3036 anno
926 2996 965 3044 iv,
983 3015 1003 3071 C
1019 2985 1086 3038 rent
1097 2985 1211 3055 quanto
1225 2979 1323 3054 quieta
1344 2983 1490 3053 perpetua
1505 2979 1620 3049 ardent,
1639 2983 1723 3036 tento
1735 2977 1833 3052 inquie-

134 3068 195 3123 Deo
209 3065 349 3141 propitio,
365 3065 555 3139 pontificatus
577 3070 609 3124 [t.
625 3068 749 3126 ioannis
764 3069 877 3127 summi
889 3085 966 3143 pon·
1020 3069 1156 3126 tudinem
1174 3069 1326 3139 refugiunt
1352 3067 1524 3127 mortalium
1543 3073 1658 3143 quanto
1674 3067 1728 3125 soli
1740 3066 1833 3123 viventi

134 3153 222 3214 tiliois
236 3160 266 3213 et
278 3155 454 3214 universalis
466 3159 520 3216 liiii
535 3173 634 3233 papae.
1021 3160 1082 3215 lieo
1096 3157 1126 3215 in
1135 3157 1244 3216 secula
1254 3156 1432 3214 seculorum
1444 3156 1562 3231 placere
1572 3155 1828 3226 desiderantiujus

512 3247 584 3305 vui.
1019 3247 1171 3319 rcigratia
1185 3245 1421 3304 omnibussner
1436 3245 1573 3302 Ecclesia
1586 3245 1654 3304 tiliis
1668 3251 1765 3303 notum
1774 3259 1827 3300 esse

168 3335 297 3394 Jocnaes
313 3336 388 3395 XIX
397 3338 539 3396 necteria
553 3339 719 3397 Tiburtinae
731 3339 809 3397 bona
818 3342 965 3412 juraque,
1020 3335 1161 3394 volumus
1169 3335 1253 3410 quod
1266 3335 1341 3393 inter
1351 3338 1497 3393 Ursonem
1507 3335 1708 3409 patriarcham
1719 3333 1825 3391 Graden-

227 3427 522 3496 pcteatcBenedictc
536 3429 683 3499 episcopo,
698 3430 867 3500 confirmat.
1020 3443 1096 3496 sem,
1125 3430 1154 3484 et
1178 3429 1353 3500 Popponem
1381 3425 1616 3500 Forojuliensem
1637 3424 1816 3500 parandam.

202 3585 205 3592 γ
360 3515 487 3587 (Fragm.
503 3526 637 3574 -enno
654 3519 743 3589 1029).
1020 3516 1096 3590 proh
1112 3515 1214 3573 dolori
1240 3515 1351 3573 nostris
1367 3515 1554 3589 temporibus
1569 3516 1668 3574 zabulo
1682 3511 1813 3571 sentiente

294 3604 438 3676 [densim
453 3603 546 3660 ltalia
560 3617 660 3674 sacra,
675 3606 696 3660 l.
715 3606 804 3676 lidii
1021 3609 1207 3662 commotum
1218 3608 1271 3670 est,
1284 3609 1312 3662 et
1324 3605 1365 3662 ad
1377 3605 1460 3679 qnod
1475 3621 1571 3679 usque
1587 3601 1814 3680 perducuntu-

170 3690 280 3749 Dilecto
292 3691 323 3748 in
346 3689 460 3748 Christo
474 3706 510 3748 ac
523 3695 627 3748 nostro
641 3691 788 3765 spirituali
798 3690 860 3749 filio
877 3695 966 3750 Besr-
1022 3693 1153 3768 spirante
1166 3709 1300 3768 namque
1324 3693 1531 3753 veneticorum
1553 3694 1666 3769 poprdo
1681 3696 1769 3752 contra
1778 3688 1821 3746 do·

134 3797 214 3839 nicro
229 3781 257 3840 S.
285 3779 442 3838 Tiburtinas
468 3779 605 3840 Ecclesia
633 3780 763 3839 anobis
790 3788 966 3841 consecrato
1021 3782 1138 3839 minum
1153 3773 1243 3838 suurn
1256 3781 1375 3851 ducem,
1402 3786 1431 3839 et
1445 3783 1636 3856 praelibatum
1650 3780 1825 3858 patriarcham

134 3870 322 3952 episcopo...
348 3873 411 3928 imo
435 3871 526 3928 etiam
546 3868 697 3942 ecclesias,
717 3886 795 3944 quas
814 3873 890 3929 Boso
902 3875 966 3949 epi·
1021 3872 1145 3930 tratrem
1159 3888 1259 3943 sunm,
1274 3876 1399 3946 uterque
1415 3872 1594 3945 posthabitis
1614 3872 1793 3944 dignitatibus
1804 3872 1828 3926 et

134 3976 244 4035 scopus
259 3965 328 4019 tuus
341 3963 513 4018 antecessor
536 3958 593 4017 istc
607 3965 756 4033 presente
769 3976 850 4018 anno
864 3977 967 4020 conse·
1022 3959 1113 4027 ensis,
1129 3977 1197 4035 qnae
1208 3960 1248 4018 ad
1261 3976 1293 4018 sc
1307 3959 1506 4034 pertinebant,
1523 3961 1596 4019 alias
1608 3979 1640 4020 se
1652 3961 1829 4036 receptarunt,

134 4049 237 4118 crevit,
249 4048 386 4106 videlicet
400 4047 565 4121 spoannis
577 4053 607 4106 et
618 4050 648 4104 B.
663 4048 825 4108 iuvenalis.
1022 4052 1118 4109 donec
1135 4049 1240 4124 sopitis
1255 4048 1450 4107 secularibus
1462 4049 1627 4108 insolentiis
1643 4051 1684 4109 ad
1698 4067 1750 4109 sua
1762 4063 1831 4122 repe·

171 4141 205 4192 ln
230 4137 353 4194 nomine
356 4174 410 4193 .....
435 4137 627 4196 rondficarus
649 4139 681 4194 l).
707 4140 831 4197 ioannis
855 4139 910 4198 lllll
934 4139 967 4198 in
1022 4142 1094 4199 dare
1107 4141 1281 4214 quivissent,
1296 4140 1381 4197 sicuti
1395 4145 1500 4214 postea
1508 4141 1551 4198 rei
1564 4141 1706 4216 probavit
1719 4143 1832 4200 eventus.

133 4223 337 4282 sacratissima
351 4224 433 4298 sede,
463 4231 531 4296 ete,
548 4243 629 4285 anno
642 4243 690 4298 vn,
720 4228 883 4287 indictione
904 4245 965 4298 xiv,
1022 4236 1137 4289 interea
1151 4246 1221 4287 vero
1235 4229 1359 4304 antiquo
1381 4230 1443 4287 zelo
1458 4247 1605 4288 accensus
1620 4231 1716 4290 hostis
1729 4229 1834 4300 Foroiu-

133 4329 238 4372 mcnse
251 4313 384 4371 ianuarii
402 4313 450 4372 die
464 4331 524 4371 vni.
548 4318 677 4374 ioannes
701 4317 863 4394 episcopus
879 4320 907 4377 S.
920 4319 966 4376 Ti·
1023 4320 1124 4378 liensis
1134 4319 1303 4394 patriarcha
1313 4322 1395 4394 Pcpo
1420 4319 1601 4378 Gradensem
1617 4321 1763 4380 civitatem
1776 4317 1835 4384 act

134 4402 262 4461 hurtinoe
275 4402 421 4472 Ecclesioe,
447 4404 649 4464 consentiente
666 4413 774 4466 cuncta
802 4424 967 4482 congrega·
1022 4415 1127 4486 petens
1142 4427 1173 4466 se
1187 4409 1280 4483 recipi
1293 4425 1312 4466 a
1324 4409 1438 4468 civibus
1451 4409 1619 4482 adjutorem
1635 4410 1786 4469 confratris
1799 4405 1835 4464 sni

134 4493 214 4552 tione
226 4492 371 4568 episcopii
383 4495 412 4551 S.
428 4493 577 4552 Laurentii
593 4497 733 4568 martyris
744 4497 860 4566 Christi,
875 4497 970 4554 donat
1023 4499 1202 4576 patriarche
1219 4497 1391 4568 Gradcnsis‚
1405 4503 1434 4556 et
1447 4499 1536 4557 amici
1548 4500 1595 4557 sui
1607 4499 1705 4558 ducis.
1720 4499 1768 4561 cui
1779 4513 1837 4556 cum

135 4587 244 4642 cuncto
260 4581 340 4641 clero
353 4582 496 4640 venerab.
513 4582 681 4658 presbyter.
692 4600 816 4642 omnem
829 4585 971 4644 medieta-
1024 4589 1138 4646 nollent
1152 4587 1340 4662 acquiescere
1366 4603 1420 4661 per
1433 4589 1527 4646 Deum
1542 4592 1571 4646 et
1583 4593 1652 4647 octo
1666 4605 1787 4648 suorum
1799 4603 1839 4643 sa-

136 4676 196 4730 tem
209 4671 437 4730 demortuorum
465 4671 592 4730 civitatis
604 4671 763 4730 tiburtinae
790 4673 830 4730 ad
842 4691 873 4731 se
885 4675 972 4749 perti·
1024 4681 1179 4740 eramenta
1192 4675 1332 4744 firmavit,
1349 4675 1424 4733 sicut
1444 4676 1588 4735 referente
1604 4681 1719 4736 Ursone
1730 4676 1839 4754 patriar-

135 4767 268 4830 nentcm,
298 4759 329 4817 in
354 4761 430 4833 juga
455 4760 705 4834 presbyterorum
730 4762 822 4834 jnrat,
851 4765 884 4820 ut
902 4779 969 4836 sup.
1024 4766 1091 4834 cha,
1108 4770 1137 4823 et
1147 4764 1378 4838 quamplurimis
1406 4765 1611 4824 veneticorum
1629 4767 1787 4834 nobilibus,
1800 4779 1840 4821 ac-

135 4866 227 4926 poena
241 4849 307 4907 auri
322 4849 437 4908 obritiae
454 4852 549 4908 unciae
564 4853 636 4908 tres.
658 4851 868 4910 Tedemandus
882 4851 929 4910 vir
943 4857 971 4910 et
1025 4858 1091 4912 tum
1104 4852 1336 4929 provincialium
1360 4853 1508 4929 episcopis
1528 4854 1701 4926 didicimus,
1717 4853 1794 4932 qnod
1806 4851 1840 4910 ad

136 4939 256 4997 tabellio
269 4939 394 4997 civitatis
407 4940 538 5016 scripsit.
1026 4944 1139 5001 salvam
1151 4942 1321 5008 taciendam
1335 4942 1406 4999 duci
1419 4947 1447 5000 et
1461 4943 1543 5002 fratri
1556 4961 1612 5002 sno
1624 4946 1794 5020 patriarche
1808 4941 1840 4998 ci-

173 5084 211 5168 (ι)
228 5083 278 5142 llic
292 5083 359 5142 loco
369 5083 539 5144 indictionis
553 5084 676 5144 decimas
684 5087 859 5170 reponenda
872 5091 918 5146 cst
927 5089 971 5146 in·
1025 5089 1205 5146 autumatis
1220 5088 1251 5144 in
1266 5087 1468 5145 saeratissimo
1493 5087 1561 5146 sede
1577 5089 1614 5146 B.
1627 5089 1714 5146 Petra·
1725 5085 1842 5166 apostati

138 5155 228 5238 dicho
244 5156 439 5238 xrgdghellns
454 5158 534 5215 enim
552 5161 624 5215 tom.
639 5163 660 5226 l,
671 5163 774 5216 recitat
786 5159 868 5217 aliud
880 5161 969 5244 privi-
1028 5161 1128 5226 tertio,
1142 5175 1241 5217 merare
1254 5159 1418 5226 Decerndri,
1432 5159 1495 5216 iad.
1506 5176 1536 5242 x,
1553 5174 1634 5218 anno
1648 5161 1757 5219 scilicet
1768 5159 1839 5215 Chn-

138 5225 251 5298 legrum
267 5227 353 5285 Silvae
369 5227 510 5286 Candidas
534 5229 678 5303 episcopo
693 5229 810 5298 datum,
823 5237 969 5303 serapium
1027 5231 1064 5288 sti
1080 5235 1158 5288 icat.
1175 5233 1249 5288 Cum
1261 5229 1362 5304 itaque
1378 5247 1414 5286 eo
1429 5229 1535 5287 Cirish
1549 5247 1630 5289 anno
1645 5231 1692 5289 die
1710 5238 1740 5290 Π
1754 5243 1839 5288 mens.

135 5313 329 5369 permenam
355 5300 475 5371 Georqii
487 5301 602 5358 notarii
615 5302 781 5372 repioaars'i
793 5310 882 5374 atque
896 5305 970 5361 scri·
1024 5301 1164 5359 decemb.
1179 5301 1299 5359 tertium
1314 5300 1392 5358 sedis
1408 5315 1521 5358 annum
1534 5302 1689 5374 attigisset,
1701 5301 1730 5360 in
1743 5315 1840 5376 pracc-

136 5370 235 5439 ptoris
253 5371 284 5427 S.
308 5373 343 5428 li.
359 5371 396 5428 Ε.
420 5373 451 5428 in
470 5387 568 5429 mense
591 5373 756 5441 Decerndri,
777 5374 840 5430 iad.
857 5391 886 5441 x,
903 5378 972 5449 post
1026 5373 1107 5430 denti
1120 5371 1339 5446 subscriptione
1351 5372 1417 5430 loco
1432 5371 1533 5429 indict.
1547 5389 1576 5440 x,
1590 5373 1762 5449 reponenda
1772 5369 1839 5429 indr-

142 5440 370 5514 suscriptionem
394 5457 466 5499 vero
487 5443 651 5516 praesulum
669 5461 689 5500 x
702 5443 731 5500 in
745 5459 781 5500 eo
800 5445 971 5502 nominato-
1027 5446 1084 5502 ctio
1097 5461 1137 5512 xv,
1155 5443 1287 5517 alioquin
1301 5460 1350 5500 an.
1370 5445 1446 5512 1026,
1463 5459 1568 5502 mense
1584 5446 1838 5518 Septembannum

140 5526 225 5568 rum:
241 5514 352 5570 Datum
379 5514 441 5570 XII
448 5514 521 5570 Kal.
534 5516 679 5573 dcccciii
684 5531 742 5587 per
756 5532 863 5573 manus
874 5517 970 5575 Bene·
1025 5532 1055 5572 rv
1068 5514 1271 5589 pontificatus,
1287 5519 1316 5572 ct
1333 5531 1437 5572 mense
1451 5515 1588 5572 decemb.
1616 5517 1752 5589 ejusdem
1777 5509 1839 5569 anni

142 5583 218 5639 dicti
230 5584 362 5654 episcopi
381 5587 569 5657 Portuensts,
600 5592 628 5644 et
643 5588 706 5644 cicc
719 5587 886 5660 Pereqrint
903 5593 969 5658 etc,
1025 5603 1074 5645 an.
1089 5589 1326 5657 annumeraret.
1341 5588 1455 5659 Papius
1469 5587 1502 5644 ia
1515 5587 1630 5646 Aeaei.
1646 5589 1757 5646 Barca.
1776 5591 1837 5643 tca-

75 5675 79 5684 ’
143 5669 224 5713 anno
232 5656 426 5727 pontificatus
442 5657 478 5715 D.
505 5657 543 5714 N.
558 5659 685 5716 decanis
698 5661 807 5717 summi
814 5661 926 5732 pontis.
942 5665 971 5718 ct
1027 5659 1071 5728 lV,
1083 5672 1117 5729 p.
1134 5656 1194 5717 lna.
