3996 6186
134 195 181 250 tta
370 197 417 254 DE
437 197 558 257 cussis
576 172 791 258 nominata
811 201 932 260 ababli
951 203 1041 260 LIBRI
1059 204 1157 262 TRES.
1178 235 1213 248 -·
1232 205 1297 261 ΗΒ.
1319 205 1364 262 lli.
1383 201 1598 260 wliiulnus.
1791 204 1845 260 bid

133 339 147 367 u
162 320 283 376 Terram
299 335 392 393 quam
406 337 425 378 a
439 337 487 380 me
502 323 629 397 requiris
642 340 705 381 non
717 341 842 400 possum
857 325 996 397 largiriA
1051 329 1143 400 liuius
1170 329 1318 402 pestiferae
1346 327 1561 385 exhortationis
1597 325 1689 384 verbo
1714 327 1844 384 exercitu

130 407 224 478 vobis,
240 425 363 466 omnem
378 414 495 469 tuntum
510 413 724 488 supellectilem
748 432 841 489 quam
864 416 960 491 possi·
1013 417 1204 488 conglobato,
1220 422 1440 475 transmeantes
1455 416 1533 473 clam
1549 416 1695 490 &manae
1711 415 1842 484 alveum,

130 497 188 554 deo
198 498 363 557 concedam
379 500 505 559 libenter
517 504 627 561 vobis:
652 504 788 563 videlicet
815 506 959 577 armillas,
1011 506 1097 576 juxta
1120 508 1391 578 liothomagansem
1418 505 1525 562 urbem
1553 505 1585 561 in
1608 503 1744 578 quodam
1759 511 1844 577 prato

128 589 158 644 ct
171 587 294 660 balteos,
309 588 428 660 loricas,
459 595 488 647 et
515 592 629 665 galeas,
654 598 745 668 atque
768 596 960 666 cambitores,
1013 600 1110 652 castra
1124 596 1224 652 metati
1244 599 1322 654 sunt.
1352 598 1433 652 Tunc
1457 592 1632 651 Gnillelmua
1655 591 1843 666 repentinum

127 691 232 749 equos,
248 695 377 752 secures,
392 696 539 755 ensesque
551 683 722 757 praecipuos
741 701 815 742 auro
841 683 961 742 mirabi-
1013 699 1160 758 perversae
1175 685 1372 742 multitudinis
1382 688 1519 741 metuens
1534 683 1692 756 impetum,
1713 681 1794 738 misit
1806 682 1844 738 ad

126 764 194 822 liter
207 772 337 825 ornatos.
352 770 450 828 Gratia
464 787 532 829 mea
545 773 697 844 continua,
708 774 881 848 militiaeque
897 774 961 848 pal·
1014 788 1065 830 eos
1079 773 1254 831 humillimis
1268 774 1367 831 verbis
1380 773 1513 844 legatum
1527 788 1596 847 quer
1611 771 1704 828 modo
1717 769 1844 827 audietis

126 855 223 914 main
239 856 330 914 domo
345 874 413 916 mea
432 859 583 930 fruemini,
612 861 636 918 si
661 862 870 921 incumbentes
891 879 960 921 meo
1013 861 1165 918 dicturum
1181 879 1188 917 :
1203 881 1218 916 ι
1234 866 1336 920 Noster
1363 862 1461 919 senior
1488 859 1672 931 Grrillelmus,
1694 859 1844 931 iuvenalis

126 945 246 1002 servilio
261 946 426 1006 voluntarie
442 949 564 1008 fueritis.
582 952 745 1009 Consilium
754 969 829 1010 mem
840 953 960 1010 ditionis
1014 950 1107 1007 atatis
1121 949 1194 1006 flore
1209 950 1330 1022 nitidus,
1345 950 1407 1007 vult
1417 948 1503 1006 vobis
1517 964 1581 1006 esse
1596 963 1650 1022 per
1668 948 1773 1005 omnia
1791 962 1845 1021 pa·

125 1033 245 1091 mittam
257 1035 288 1092 in
301 1052 351 1093 ore
361 1042 469 1105 vestro,
486 1043 514 1096 et
526 1039 675 1114 quidquid
688 1041 840 1099 volueritis
863 1047 960 1100 vestro
1014 1039 1117 1096 cificus
1134 1043 1162 1096 et
1175 1039 1347 1096 benevolus.
1363 1037 1481 1095 llandat
1493 1052 1565 1094 vero
1577 1037 1663 1095 vobis
1692 1039 1726 1092 ut
1748 1035 1843 1092 bono-

122 1122 213 1193 jussu
224 1123 360 1198 explebo.
378 1128 471 1193 Quem
487 1129 658 1202 opprimere
670 1129 834 1201 volueritis,
860 1131 960 1205 oppri-
1013 1144 1077 1185 rem
1092 1131 1181 1187 totius
1193 1128 1297 1202 patriae
1313 1143 1416 1184 secum
1430 1127 1664 1194 communicetis,
1680 1141 1795 1198 auoque
1810 1125 1841 1182 in

123 1213 348 1283 memoriter,
361 1231 514 1290 quemque
526 1217 666 1288 abjicere,
675 1219 795 1292 penitus
806 1219 959 1293 abjiciam.
1014 1218 1139 1276 consilio
1152 1219 1250 1292 primi,
1266 1222 1295 1275 et
1307 1216 1504 1292 praemaximi.
1520 1215 1634 1272 cunctis
1655 1214 1840 1289 praecellatis.

123 1301 198 1368 Quae
224 1306 422 1378 praeceperitis
451 1307 603 1377 exaltare,
631 1313 768 1384 potenter
795 1310 933 1368 exaltabo
951 1329 958 1379 ;
1013 1310 1133 1364 Terram
1148 1313 1258 1376 autem,
1274 1323 1369 1381 quem
1381 1306 1448 1362 dari
1460 1305 1544 1362 vobis
1556 1303 1733 1377 petitis,non
1744 1302 1842 1359 solum

122 1405 277 1465 quemque
304 1393 467 1467 humiliari,
492 1397 631 1455 atrociter
651 1399 831 1457 humiliabo.
858 1402 960 1457 Vestro
1015 1396 1292 1472 usqueadnissnm
1308 1412 1414 1453 verum
1430 1394 1519 1451 etiam
1540 1407 1637 1465 usque
1664 1391 1703 1447 ed
1732 1393 1843 1464 Sequa·

123 1479 248 1538 consilio
277 1483 340 1540 haec
367 1485 465 1558 patria
488 1491 608 1559 regetur
633 1492 662 1545 et
680 1488 885 1546 dominabitur
899 1508 906 1556 ;
932 1501 962 1555 et
1014 1504 1086 1545 nam
1099 1487 1226 1545 libenter
1239 1486 1383 1544 concedet
1391 1484 1488 1542 vobis.
1503 1482 1631 1542 confidit
1643 1480 1723 1538 enim
1738 1495 1769 1536 se
1783 1485 1845 1536 tue-

122 1568 192 1626 ideo
205 1575 304 1630 vestra
318 1577 450 1646 potestas
464 1575 494 1632 in
508 1577 592 1633 omni
606 1577 775 1634 excelletur.
804 1581 901 1636 ileum
913 1579 957 1636 vi·
1012 1579 1037 1635 ri
1049 1581 1145 1635 vestro
1158 1577 1308 1649 adjutorio
1324 1593 1331 1632 ι
1345 1592 1400 1632 vos
1422 1578 1524 1632 autem
1549 1588 1611 1629 non
1634 1567 1778 1626 diffidatis
1799 1567 1843 1624 fo-

121 1675 203 1728 vere,
219 1676 383 1737 meumque
396 1681 511 1738 sapere,
528 1665 565 1722 sit
580 1667 689 1724 abhinc
703 1668 735 1724 in
756 1671 857 1724 vestra
877 1673 960 1743 pote-
975 1679 995 1734 Β
1011 1665 1075 1722 veri
1088 1665 1260 1740 munirique
1271 1682 1327 1721 sno
1337 1663 1514 1738 patrocinio.
1538 1659 1689 1734 Quidquid
1703 1657 1844 1731 concupi-

122 1751 209 1806 εἴδω.
227 1773 241 1800 »
257 1754 393 1826 Cumque
407 1755 530 1811 nuntius
543 1756 634 1828 hujus
657 1756 832 1815 humilitatis
855 1773 958 1832 parve·
1013 1753 1091 1811 scitis
1104 1754 1249 1823 babeatis,
1263 1753 1411 1829 quidquid
1425 1767 1526 1809 rerum
1542 1749 1628 1807 vultis
1637 1749 1845 1805 incunctanter

120 1837 219 1894 nisset
232 1838 273 1895 ad
285 1839 415 1897 Riulfum
443 1842 531 1900 totins
557 1845 814 1918 praesumptionis,
840 1861 959 1902 narras·
1011 1843 1199 1916 possideatis.
1215 1845 1249 1900 Ut
1262 1843 1301 1900 ad
1311 1857 1381 1899 eum
1394 1839 1544 1897 humiliter
1557 1843 1697 1913 precatur
1717 1835 1843 1909 pacifice

123 1931 231 2000 setque
259 1927 284 1984 ei
313 1927 491 2000 legationem
519 1936 608 1989 tantae
633 1933 809 1992 humilitatis
824 1939 852 1992 et
871 1951 957 1992 man·
1012 1932 1148 1999 veniatis,
1164 1933 1289 2006 ejusque
1310 1928 1505 1988 amicabiliter
1533 1925 1683 1999 colloquio
1710 1927 1841 1993 ruentes,

122 2015 315 2086 suetudinis;
343 2017 456 2076 illectus
479 2021 651 2092 arrogantia
678 2040 741 2080 suas
768 2024 956 2094 temeritatis,
1012 2037 1115 2078 secum
1140 2019 1288 2077 habitetis.
1311 2041 1325 2071 u
1356 2021 1436 2076 Tunc
1461 2015 1574 2073 ltiullus
1592 2013 1726 2071 incentor
1749 2011 1842 2082 hujus

120 2103 406 2180 parvipendensque
421 2109 565 2166 mandata
579 2110 756 2168 humillimae
769 2112 956 2186 deprecatio·
1011 2109 1083 2166 maii
1097 2109 1310 2182 nequissimus,
1321 2107 1495 2179 fraudisque
1510 2103 1666 2162 diabolicae
1679 2100 1762 2157 iuriis
1772 2099 1843 2156 bac-

120 2191 170 2246 nis
185 2193 331 2250 Guiiielmi
345 2195 441 2268 ducis,
457 2199 629 2256 convocatis
643 2201 831 2275 principibus
852 2217 958 2276 sequa-
1011 2199 1129 2268 ebalus,
1155 2197 1253 2271 inquit
1266 2195 1364 2267 legato
1387 2211 1449 2270 prae
1475 2192 1617 2250 omnibus
1633 2209 1640 2248 :
1658 2213 1672 2240 a
1688 2192 1842 2248 Revertare

119 2279 207 2336 cibus
232 2298 293 2339 suae
319 2287 541 2359 presumptive
564 2287 737 2359 voluntatis,
767 2291 866 2349 retulit
887 2308 956 2365 quae
1010 2287 1145 2356 celerius,
1161 2287 1209 2343 dic
1223 2285 1377 2343 Guillolmo
1392 2289 1421 2341 et
1434 2283 1496 2340 suia
1511 2281 1666 2351 omnibus,
1681 2283 1713 2336 ut
1723 2281 1843 2336 exeata

119 2369 258 2427 audierat
268 2379 428 2445 perorante
442 2374 550 2447 legato,
576 2393 627 2435 ore
654 2379 852 2438 fraudulentae
878 2381 957 2439 calli·
1010 2377 1162 2434 maenibus
1177 2375 1303 2432 civitatis
1316 2374 1418 2446 hujus,
1446 2374 1587 2445 petatque
1617 2372 1744 2426 Francos
1770 2381 1842 2422 suos

118 2457 230 2515 ditatis.
243 2462 325 2518 Tunc
339 2465 601 2539 venenoperfidiae
622 2467 767 2537 suffusus,
795 2475 956 2544 menteque
1010 2465 1256 2540 parentescitius.
1273 2464 1337 2520 Non
1351 2461 1432 2519 enim
1455 2460 1510 2516 erit
1533 2460 1630 2515 hares
1656 2455 1734 2513 ultra
1756 2459 1842 2512 terrra

118 2551 291 2606 contumaci
306 2553 454 2623 turgibus,
467 2556 626 2614 temerario
640 2573 691 2614 ore
719 2559 810 2630 garrit
838 2561 903 2616 haec
925 2560 956 2616 in
1010 2557 1111 2628 hujus,
1128 2571 1183 2612 nec
1198 2553 1291 2610 nostri
1306 2551 1436 2626 amplius
1452 2547 1677 2614 dominabitur;
1692 2544 1765 2617 quia
1786 2559 1841 2600 no-

119 2637 294 2713 principum
318 2641 464 2700 auribus:
490 2667 504 2696 «
529 2645 625 2702 Verbo
651 2651 741 2704 tantm
767 2648 954 2718 humilitatis,
1010 2644 1058 2702 bis
1073 2650 1118 2700 est
1130 2644 1314 2712 incongruus
1330 2645 1359 2697 et
1372 2637 1531 2696 obnoxius.
1543 2639 1631 2692 Terra
1645 2647 1725 2698 varo.
1748 2647 1842 2704 quam

118 2743 215 2800 quam
231 2729 368 2800 audistis,
384 2733 525 2806 praesagit
537 2749 594 2790 nos
606 2736 798 2809 acquiescere
822 2742 852 2794 et
866 2755 955 2811 sopo-
1010 2733 1189 2808 repromittit
1217 2731 1314 2799 nobis,
1342 2729 1423 2786 dono
1448 2727 1512 2799 ejus
1526 2739 1588 2782 non
1611 2721 1742 2789 dabitur,
1770 2721 1843 2793 quia

118 2817 200 2882 rari;
217 2817 319 2891 sicque
333 2820 502 2893 prolixitate
521 2827 611 2881 tautae
633 2824 816 2883 dilatationis
839 2827 957 2884 Franci·
1010 2825 1150 2882 darinon
1165 2825 1263 2896 potest
1276 2819 1359 2894 quod
1372 2834 1435 2875 non
1456 2816 1593 2873 habetur.
1616 2813 1645 2869 Si
1658 2826 1730 2868 vero
1746 2809 1845 2867 civita·

118 2921 232 2992 genam
256 2910 443 2981 parentelam
468 2928 530 2968 suae
557 2914 763 2983 generositatis
791 2917 954 2988 conjuratis
1010 2918 1070 2970 tem
1085 2928 1148 2969 non
1161 2912 1298 2968 deserere
1310 2908 1458 2976 maluerit,
1473 2922 1530 2963 nos
1545 2919 1665 2978 semper
1679 2917 1746 2960 eam
1760 2900 1844 2957 inva-

116 2995 307 3070 principibus
321 3002 349 3055 et
364 2999 475 3072 ascitis,
504 3017 595 3075 super
610 3018 667 3058 nos
682 3003 785 3060 nititur
799 3004 954 3062 coaduna·
970 3029 992 3086 C
1010 3003 1128 3068 demus,
1143 3017 1239 3074 eaque
1252 3003 1351 3074 capta,
1379 2996 1568 3056 Guillelmum
1593 2998 1622 3050 et
1644 3008 1716 3050 suos
1741 2989 1843 3062 gladio

115 3084 152 3140 ri.
168 3085 453 3145 Animadvertamus
467 3089 567 3163 igitur,
590 3107 628 3148 ne
653 3090 850 3166 decipiamur,
879 3110 955 3152 neve
1010 3097 1242 3152 conteremus.»
1262 3095 1397 3163 Cumque
1409 3086 1609 3144 internuntius
1628 3100 1697 3159 qua
1711 3082 1844 3140 audisset

117 3176 285 3232 franciscis
299 3178 438 3248 gentibus
453 3184 654 3238 conteramur.
671 3185 736 3240 Non
756 3200 812 3240 nos
825 3189 957 3257 proterat
1011 3177 1166 3235 Guillelmo
1181 3177 1250 3234 duci
1263 3177 1437 3233 festinanter
1456 3174 1616 3243 retulisset,
1644 3171 1773 3229 novimte
1800 3167 1842 3224 rei

116 3264 278 3323 calliditate
293 3283 355 3322 suae
366 3271 633 3340 argumentationis
648 3271 772 3336 diutius.
788 3289 895 3330 verum
907 3290 955 3330 oc·
1011 3273 1135 3340 stupens
1150 3265 1282 3336 diriguit,
1297 3263 1529 3335 convocatisque
1542 3258 1738 3334 principibus,
1761 3271 1843 3314 exer-

117 3369 277 3411 curramus
286 3354 313 3411 ei
324 3355 504 3427 conglobato
514 3358 554 3415 ad
565 3361 839 3431 Rothomagonsem
848 3363 955 3420 urbem
1011 3355 1130 3429 citnque
1146 3353 1329 3424 coadunato,
1343 3353 1418 3409 urbe
1433 3350 1511 3417 exiit,
1528 3347 1698 3419 montisque
1709 3342 1844 3419 procliva

117 3443 252 3501 exercitu
265 3444 363 3516 citius,
379 3450 413 3502 ut
426 3446 474 3520 ipe
488 3451 517 3504 et
529 3449 690 3506 consiliarii
715 3451 780 3523 ejus
806 3452 954 3510 Rothomo
1010 3443 1120 3501 civitati
1145 3442 1376 3500 imminentioris
1404 3439 1495 3496 subiit
1512 3455 1518 3495 τ
1535 3437 1659 3512 cupiens
1680 3433 1844 3492 exercitum

117 3531 286 3590 tradantur.
314 3533 447 3609 ilinrque
474 3537 583 3609 majori
607 3555 660 3612 spe
690 3539 862 3614 fiduciaque
890 3547 955 3598 tue·
1009 3533 1201 3592 inimicorum
1217 3549 1342 3590 suorum
1356 3529 1474 3598 intueri,
1491 3529 1515 3586 si
1530 3529 1604 3585 forte
1618 3525 1762 3583 dimicare
1776 3538 1844 3597 pos-

118 3621 233 3692 bimur,
261 3623 418 3698 securique
447 3626 629 3684 seditionum
655 3628 717 3684 sine
742 3634 880 3703 respectu
901 3632 955 3688 eri·
1011 3629 1056 3680 set
1069 3639 1139 3680 cum
1154 3621 1337 3679 iilisvidens
1358 3626 1459 3678 antem
1474 3618 1637 3675 exercitum
1652 3614 1844 3672 inimicorum

120 3726 200 3767 ¹11⁰&
222 3733 238 3762 u
1011 3729 1135 3770 suorum
1157 3714 1305 3784 majorem
1332 3728 1397 3780 suo,
1422 3715 1451 3768 et
1471 3710 1682 3783 copiosiorem,
1709 3703 1784 3761 dixit
1803 3701 1844 3760 ad

92 3792 95 3797 ’
345 3817 528 3860 troarnensi
549 3819 584 3859 ln
603 3821 734 3861 nrunrun.
1011 3801 1196 3859 Bernardum
1210 3800 1392 3870 Dacigenam
1408 3798 1532 3855 militem
1550 3815 1556 3851 ι
1573 3818 1587 3845 κ
1602 3795 1655 3851 lbo
1667 3793 1706 3850 ad
1721 3793 1845 3848 Bernar-

120 3888 251 3960 Viribus,
262 3889 322 3946 ahl
339 3892 456 3959 nocuis,
467 3892 661 3950 meditatibus
676 3898 766 3967 atque
781 3894 920 3953 nefandis
1011 3891 1085 3946 dum
1100 3890 1353 3948 Silvanectcnsem
1368 3903 1471 3944 meum
1481 3883 1676 3949 avunculum,
1690 3879 1846 3937 morabor-

120 3977 257 4034 Pcrfidioe
272 3978 451 4053 invidiaeque
462 3981 526 4038 lues
538 3997 630 4055 quem
643 3983 736 4040 foedat
749 3984 858 4041 acerba
870 3985 884 4041 ‘l
1012 3995 1070 4052 que
1083 3979 1200 4035 tamdiu
1214 3977 1297 4050 apud
1312 3976 1406 4043 iilum,
1421 3975 1519 4031 donec
1534 3975 1653 4045 proestet
1676 3967 1764 4024 nobis
1790 3965 1844 4022 ali·

121 4065 250 4123 Crimine
263 4067 329 4139 jam
342 4068 404 4124 vibi
419 4075 583 4137 crassante,
599 4069 693 4127 itiulfe
706 4071 848 4144 superbe,
1012 4068 1093 4140 quod
1109 4066 1265 4123 auxilium.
1283 4065 1352 4135 Ejus
1367 4063 1491 4119 consilio
1504 4065 1532 4117 et
1545 4057 1694 4130 adjutorio
1704 4058 1783 4112 hanc
1797 4069 1844 4111 re-

120 4156 179 4211 Cur
194 4171 256 4212 non
269 4155 426 4213 baccharis
443 4157 561 4226 frustra,
577 4175 631 4215 cur
642 4158 756 4232 perfide
771 4160 884 4216 saevis?
1011 4156 1129 4213 vocabo
1145 4159 1264 4220 terram,
1281 4167 1448 4224 omnesque
1476 4152 1533 4207 hos
1555 4146 1700 4205 exercitus
1720 4148 1847 4202 Franco·

121 4242 250 4300 inlectus
263 4243 351 4315 vitiis,
367 4245 476 4301 menda
486 4262 577 4303 curru
586 4246 722 4315 falerato,
1012 4261 1080 4302 rum
1095 4242 1239 4300 hostiliter
1254 4246 1417 4299 conteram.
1443 4239 1554 4297 Delebo
1581 4238 1648 4310 bos,
1675 4236 1844 4308 horumque

120 4331 239 4388 Viribus
254 4334 434 4390 exhaustum
449 4351 502 4390 cur
517 4339 545 4392 te
557 4336 655 4407 jactas
666 4336 809 4394 bonitatis
823 4338 837 4394 l
1013 4333 1224 4406 cogitationem
1238 4331 1358 4405 penitus
1371 4330 1476 4388 alacie
1490 4333 1585 4399 terra,
1599 4333 1627 4384 et
1637 4342 1699 4384 non
1708 4341 1845 4384 remane·

121 4423 183 4478 Cur
195 4420 301 4478 timido
316 4421 394 4479 fastu
408 4422 536 4480 nimium
550 4430 715 4498 pompante
731 4426 894 4500 superbis?
1013 4423 1056 4479 bit
1070 4424 1179 4482 harum
1194 4435 1406 4494 progenierum
1418 4419 1497 4475 ullus
1511 4418 1542 4474 in
1557 4422 1619 4474 toto
1633 4417 1715 4474 orbe.
1733 4437 1747 4466 u
1762 4417 1843 4470 lieno

121 4511 242 4583 curque
255 4510 401 4569 voluntati
416 4513 533 4570 Domini
547 4529 638 4587 super
652 4518 734 4570 astra
746 4515 898 4572 manentis
1013 4510 1162 4581 Dacigena
1176 4508 1346 4565 Bernardus
1361 4506 1553 4582 respondisse
1567 4503 1659 4561 fertur
1674 4521 1681 4558 :
1704 4525 1719 4552 «ι
1734 4505 1844 4557 Tecum

124 4599 232 4656 sistere
246 4599 364 4657 conaris
374 4616 472 4657 vacuo
486 4602 645 4659 conamine
661 4602 802 4660 sudans?
1014 4597 1163 4672 usquead
1187 4600 1267 4671 Eptse
1295 4595 1452 4653 fluviolum
1479 4592 1710 4667 properabimus
1737 4602 1843 4642 varum

123 4685 175 4742 iiic
189 4684 289 4756 sodes,
302 4686 421 4744 inimice
433 4687 496 4760 Dei,
514 4705 660 4762 quorsum
676 4691 881 4764 properabis?
1013 4687 1170 4745 Franciam
1182 4702 1243 4744 non
1259 4685 1503 4760 penetrabimus;
1518 4682 1591 4756 quia
1603 4678 1759 4753 quondam
1773 4690 1843 4730 cum

124 4774 957 4853 Quorsumcastraferes,gressumquorsumquocitabisl
1012 4780 1096 4849 patre
1111 4781 1162 4832 tuo
1175 4791 1244 4832 eam
1259 4790 1339 4847 saepe
1349 4772 1435 4830 bellis
1452 4768 1653 4844 repetivimus,
1670 4763 1843 4834 multosque

124 4865 243 4933 Agmen
256 4862 423 4934 seductum,
434 4865 578 4940 vafroque
593 4868 779 4941 sophismate
793 4874 890 4926 totum
1012 4865 1142 4939 inooeptc
1153 4864 1255 4938 praeiio
1270 4857 1583 4936 prostravimusouin
1598 4855 1687 4912 etiam
1703 4851 1843 4924 supersti-

124 4953 170 5008 Ire
184 4967 291 5009 mones
304 4969 451 5027 quorsum
467 4955 550 5012 furiis
563 4955 729 5014 bacchatus
743 4959 887 5016 acerbis?
1013 4960 1072 5013 tem
1086 4955 1186 5011 adbuc
1200 4970 1274 5010 avos
1287 4956 1316 5009 et
1330 4950 1507 5018 avunculos,
1532 4950 1632 5020 patres
1655 4947 1683 5000 et
1706 4945 1842 5016 patruos,

125 5043 220 5100 Casus
233 5041 409 5101 innumeros
425 5048 471 5101 ast
484 5043 647 5102 infortunia
660 5062 784 5121 passus,
1013 5049 1188 5102 materteras
1203 5048 1232 5099 et
1246 5041 1376 5111 amittas,
1390 5036 1586 5095 consobrinos
1613 5037 1640 5089 et
1662 5030 1843 5102 consangui-

123 5130 303 5204 Judioioque
318 5131 369 5188 Dei
383 5131 539 5206 perculsus
553 5133 674 5208 pestifer
685 5135 802 5210 ingens,
1012 5148 1096 5198 neos,
1108 5138 1161 5188 aut
1173 5129 1388 5195 interemimus,
1404 5131 1456 5182 aut
1467 5121 1694 5198 captivavimus.
1716 5123 1749 5177 Et
1766 5135 1843 5195 quo-

124 5221 234 5274 Vereor
247 5218 327 5276 exitii
336 5218 431 5289 fluidi,
443 5236 637 5295 praecepsque
653 5224 815 5298 carybdim
1013 5219 1106 5276 modo
1129 5217 1314 5292 quiverimus
1341 5219 1492 5273 tantorum
1518 5209 1709 5268 inimicorum
1734 5209 1842 5267 faciem
1953 5227 1959 5236 ·

125 5311 248 5367 [ncessu
262 5309 412 5368 acceleras
427 5312 542 5369 tumido
555 5328 675 5382 gressus
686 5313 827 5372 ruituros,
1013 5307 1198 5368 subsisteret
1212 5304 1317 5361 Aliena
1330 5303 1427 5360 mavis
1441 5302 1560 5376 quadra
1573 5300 1649 5371 vilis,
1670 5299 1842 5373 nulliusque

125 5401 201 5456 Nam
216 5399 373 5472 proprium
388 5399 472 5456 elatis
487 5417 551 5458 sese
564 5403 729 5472 praetollere
743 5403 839 5472 valde,
1013 5395 1144 5454 utilitatis
1152 5396 1355 5467 vivere,qnam
1366 5408 1493 5463 regnum
1508 5406 1609 5462 regere
1624 5395 1651 5448 et
1663 5388 1842 5464 protegere?

126 5487 263 5560 iiincqne
277 5488 434 5561 repentino
448 5505 520 5546 casu
535 5490 663 5546 nimium
678 5490 813 5547 cruciari.
1013 5490 1074 5559 Ego
1088 5489 1117 5542 et
1128 5487 1281 5542 consortes
1295 5483 1353 5539 mei
1367 5486 1395 5538 te
1410 5497 1472 5539 nou
1484 5497 1655 5555 sequemur,
1670 5493 1767 5551 neque
1780 5493 1842 5551 quo

124 5573 229 5632 Ardua
240 5574 323 5632 frons
337 5577 497 5652 teriturque
512 5577 671 5652 supercilio
686 5582 824 5646 vacuato,
1012 5581 1057 5633 vis
1071 5574 1305 5650 proficiscemur.
1318 5572 1441 5643 Navigio
1455 5587 1527 5643 erga
1538 5571 1659 5628 Daciam
1670 5573 1779 5624 nostres
1789 5582 1841 5622 na-

124 5665 180 5719 Aat
193 5661 316 5720 humilis
331 5664 459 5722 nitidam
473 5669 570 5736 gestat
578 5664 716 5724 redimita
729 5681 883 5724 eoronam.
1012 5665 1133 5725 tivitatis
1145 5670 1256 5723 terram
1269 5667 1448 5739 repetemus,
1472 5661 1545 5736 quia
1557 5659 1636 5716 duce
1654 5662 1684 5715 et
1696 5655 1842 5714 advocato
