3998 6182
105 155 158 218 aas
629 165 631 168 ·
870 156 1056 224 miscete.
1156 172 1160 180 ¹
1764 177 1817 242 ce

101 291 208 334 meum
221 291 296 344 esso,
314 279 342 332 et
355 291 455 336 rerum
471 295 607 342 mearum
623 297 728 340 curam
747 279 932 349 habiturum,
953 284 973 338 t
990 283 1209 350 siconsuetudo
1223 291 1310 352 tuerit
1325 294 1399 359 illud
1413 296 1470 358 texi
1486 297 1570 370 apud
1583 303 1740 358 nostrates.
1757 302 1814 360 uec

102 365 128 420 si
144 379 223 436 opus
237 368 323 419 esset.
340 365 400 420 Hoc
412 366 511 425 scitote
525 368 596 440 quia
615 369 640 424 si
667 369 775 427 nostris
799 367 935 441 partibus
990 386 1045 442 pro
1061 374 1105 432 bis
1118 394 1221 451 quaro
1239 382 1409 440 mercedem
1419 383 1502 448 illam
1512 401 1605 457 quarn
1613 385 1768 462 polliceris,
1783 392 1816 450 ut

100 453 246 520 laveritis,
272 469 429 528 nunquam
441 455 556 515 vidistis
569 462 631 516 mm
644 459 743 519 bonos
756 459 819 518 dies
842 474 936 542 quam
991 459 1086 520 dones
1101 466 1174 526 mibi
1189 483 1378 546 quaecunque
1392 473 1537 542 voluero;
1558 475 1641 548 quod
1666 474 1727 541 lieri
1753 492 1814 534 non

100 542 364 615 illosquibusnos
379 543 409 599 in
424 544 508 601 illum
533 547 681 605 honorem
706 549 836 608 mittetis.
862 551 936 606 Nam
990 557 1097 623 potest.
1114 557 1182 613 Peto
1198 563 1298 616 autem
1314 564 1346 616 ut
1372 562 1490 628 etiamsi
1517 563 1591 622 nihil
1614 563 1725 626 dedero
1752 566 1814 630 tibi,

100 632 209 690 omnia
221 633 540 710 nostraproculdubio
563 638 663 694 vestra
686 639 782 692 erunt.
809 635 936 690 Renran-
990 656 1109 698 memor
1123 643 1162 700 sis
1176 645 1235 710 mei
1249 647 1476 712 lucrationibus
1493 651 1561 720 tuis,
1577 657 1607 710 et
1618 668 1685 710 ores
1698 669 1753 726 pro
1768 669 1817 718 me

102 721 175 776 date
191 720 370 795 mihiquem
385 721 596 801 benepossum
617 725 767 784 confidere
789 725 936 782 inaniore
991 733 1024 786 ut
1041 729 1205 798 inhabitent
1227 735 1257 792 in
1285 736 1377 796 dome
1404 739 1520 801 Domini
1546 741 1688 798 omnibus
1708 741 1817 808 diebus

100 816 204 866 vestro
215 813 244 867 et
257 808 417 888 adjutorio.
432 813 541 873 valete.
990 817 1056 877 vitre
1072 836 1157 893 meae,
1172 827 1205 880 ut
1214 823 1330 885 videam
1344 827 1528 888 volunlatem
1545 830 1673 896 homiui,
1696 835 1724 888 et
1748 847 1818 906 pro·

412 939 580 996 epistota
598 943 631 996 m
991 912 1074 976 tegar
1088 925 1107 969 a
1121 912 1233 986 templo
1248 921 1352 976 saneto
1365 917 1439 991 ejus.
1452 921 1485 974 Et
1498 919 1569 976 illud
1585 920 1733 1002 optimum
1746 937 1817 981 con-

991 995 1100 1070 silium,
1116 1001 1199 1072 quod
1213 1003 1286 1060 mihi
1298 1006 1438 1080 spondes,
1454 1023 1492 1068 ne
1516 1007 1649 1076 differas,
1680 1010 1811 1070 Promis-

990 1085 1090 1150 siones
1106 1093 1163 1148 tue
1174 1092 1304 1154 excitant
1318 1111 1367 1166 me
1379 1095 1490 1160 habere
1500 1097 1572 1159 inte
1591 1099 1716 1159 multam
1739 1099 1814 1165 fidu·

141 1167 269 1224 Domino
284 1169 446 1226 Gormcsuo
458 1169 538 1240 duci,
555 1170 644 1231 irater
656 1175 711 1230 bro
727 1172 889 1228 servitium.
990 1178 1078 1244 ciam,
1090 1178 1162 1260 quia
1172 1196 1275 1248 meum
1288 1187 1331 1240 est
1346 1184 1443 1243 amieo
1457 1187 1586 1255 credere,
1598 1193 1626 1244 et
1639 1188 1677 1252 dc
1691 1189 1816 1269 promis-

141 1261 181 1313 Ne
198 1256 329 1328 tristeris,
344 1259 439 1316 amice
454 1259 640 1331 charissime,
654 1261 679 1318 si
699 1260 888 1333 longobardi
908 1266 935 1317 te
990 1265 1030 1320 sis
1046 1267 1111 1336 ejus
1126 1282 1187 1324 non
1200 1269 1335 1330 diffidere
1348 1290 1354 1340 ;
1371 1279 1400 1330 et
1413 1290 1515 1330 meum
1527 1281 1582 1343 est,
1595 1279 1647 1335 aut
1658 1291 1816 1350 nunquam

101 1346 296 1419 deceperunt.
314 1351 375 1418 Ego
389 1354 467 1406 certe
479 1350 626 1423 optimum
650 1351 701 1411 tibi
730 1351 811 1408 dabo
837 1350 935 1407 consi·
989 1356 1172 1427 promittere,
1189 1362 1401 1432 autpromissa
1416 1363 1590 1436 adimplere.
1607 1365 1748 1437 Superius
1760 1381 1817 1422 scr·

101 1435 190 1505 lium,
204 1436 228 1492 si
243 1437 317 1492 mibi
328 1439 449 1494 credere
464 1440 673 1501 volueris,Esto
687 1441 731 1496 vir
745 1440 837 1507 fortis,
854 1443 882 1496 et
896 1441 934 1496 de
989 1459 1080 1499 mone
1095 1451 1197 1502 nostro
1212 1447 1329 1512 lusinus
1358 1455 1468 1518 tecum,
1496 1452 1608 1520 domne
1638 1455 1705 1522 teo,
1730 1454 1819 1510 trater

101 1525 259 1606 praeteritis
271 1543 309 1582 ne
324 1543 420 1594 cures,
437 1527 474 1582 de
489 1527 596 1584 bituris
625 1545 739 1592 caveas,
770 1531 822 1586 Por
848 1532 933 1584 tuom
989 1533 1163 1592 charissimo
1177 1553 1183 1604 ;
1198 1551 1278 1602 nunc
1294 1538 1371 1597 seria
1384 1540 1476 1599 verbe
1490 1541 1634 1608 dicemus.
1647 1541 1818 1612 Longohar.

101 1612 314 1670 fidelissimum
329 1615 484 1671 bominem
501 1617 573 1672 mihi
584 1617 696 1676 manda
709 1618 783 1694 quid
797 1618 871 1674 velis
894 1617 935 1674 la·
988 1621 1120 1686 descen
1136 1639 1230 1695 arguo
1241 1626 1435 1702 deceptionis,
1451 1645 1544 1703 quem
1556 1631 1587 1688 in
1606 1646 1654 1686 me
1682 1646 1818 1688 exercere

102 1718 182 1774 cere,
205 1707 234 1760 et
258 1719 316 1774 ego
340 1705 489 1778 optimum
503 1705 829 1763 tibidaboconsilium.
860 1705 934 1764 htitte
989 1709 1258 1784 vellentquantum
1278 1713 1308 1770 ln
1323 1715 1396 1788 ipsis
1423 1717 1484 1773 luit.
1509 1721 1631 1774 Portum
1655 1723 1718 1776 erat
1746 1719 1819 1784 mihi

102 1791 310 1849 mihimulam
325 1793 505 1862 mirabilem,
521 1799 549 1852 et
565 1795 682 1852 frenum
703 1795 877 1874 pretiosum,
907 1799 935 1852 et
989 1816 1117 1870 regnum
1128 1801 1227 1870 ltaliae,
1244 1804 1269 1862 si
1295 1821 1391 1862 unum
1421 1805 1518 1862 lacere
1544 1808 1707 1866 voluissem
1735 1807 1818 1882 quod

102 1885 241 1956 tapetum
255 1881 401 1950 mirabile,
418 1899 473 1956 pro
492 1901 552 1958 quo
568 1889 595 1942 te
607 1887 710 1954 rogavi
725 1890 793 1943 ante
808 1902 859 1942 sex
884 1901 935 1941 an·
989 1887 1350 1962 nelasjudleavi,seilicet
1365 1893 1685 1955 exvoluntatecorum
1700 1897 1817 1968 cpisco-

102 1985 172 2026 nos.
187 1975 282 2026 Amen
299 1971 367 2027 dico
383 1971 443 2037 tibi,
457 1988 517 2030 non
533 1973 640 2047 perdes
657 1975 825 2030 mercedem
839 1981 932 2042 tuam,
989 1993 1045 2050 pos
1060 1978 1223 2052 quiessent
1235 1980 1322 2038 ltaliae
1337 1981 1530 2056 deponerem,
1547 1987 1576 2048 et
1596 1983 1670 2042 alios
1696 2001 1816 2044 rursum

105 2062 136 2115 et
150 2059 301 2133 quidquid
317 2060 445 2116 volueris
460 2060 540 2118 debe
557 2062 617 2130 tibi,
632 2063 710 2120 Vale.
989 2067 1109 2124 illorum
1122 2068 1244 2129 arbitrio
1259 2070 1414 2129 elevarem.
1430 2072 1487 2128 Sed
1502 2072 1611 2130 absita
1625 2089 1750 2132 merem
1764 2075 1817 2132 hu·

411 2187 581 2244 EP'STOLA
601 2191 634 2244 W
988 2156 1123 2231 jusmodi
1132 2156 1239 2226 lacere,
1253 2163 1286 2217 ut
1296 2165 1431 2234 pastores
1446 2160 1593 2228 Ecclesia,
1620 2161 1730 2235 quibus
1758 2162 1817 2230 mei

990 2249 1090 2318 patres
1105 2261 1223 2320 semper
1238 2247 1382 2308 honorem
1398 2248 1607 2320 exhibuerunt,
1621 2254 1648 2306 et
1658 2267 1736 2325 quos
1755 2251 1818 2326 ipse

990 2337 1139 2407 quantum
1156 2334 1237 2390 valui
1252 2351 1371 2408 semper
1385 2335 1524 2406 exaltavi,
1535 2336 1599 2406 sinc
1627 2338 1749 2404 crimine
1772 2337 1818 2394 in-

142 2411 268 2469 llominc
284 2416 367 2470 Leoni
382 2415 613 2474 vercellensium
635 2418 777 2492 episcopo
807 2421 937 2476 Gt'tbttee·
990 2421 1147 2476 honorem.
1165 2421 1225 2478 Sub
1240 2422 1297 2478 hac
1313 2423 1482 2488 conditione
1497 2423 1606 2482 vellent
1618 2426 1744 2498 quidam
1759 2425 1817 2499 pri-

104 2517 161 2556 ui's
177 2502 368 2574 Pictavensis,
382 2505 499 2561 amicus
514 2509 580 2577 ejus
595 2507 789 2578 clarissimus,
810 2507 936 2564 salutem
991 2527 1112 2572 morum
1126 2510 1216 2567 ltaliae
1232 2528 1280 2566 me
1292 2528 1344 2566 seu
1358 2511 1455 2568 filium
1470 2529 1570 2578 meum
1594 2530 1695 2584 regem
1710 2515 1816 2572 lacere.

104 2597 133 2645 et
149 2592 313 2648 servitium.
992 2599 1056 2651 Non
1070 2596 1202 2653 laudavit
1223 2598 1296 2654 mihi
1317 2599 1396 2654 hanc
1420 2600 1647 2674 vituperabilem
1674 2601 1818 2657 conditio-

142 2679 259 2736 ltinime
269 2681 379 2751 tristor,
395 2681 580 2749 charissime,
608 2699 698 2756 super
723 2683 937 2752 Longobardo-
991 2700 1062 2740 nem
1074 2685 1208 2759 prudens
1218 2687 1352 2743 marchio
1367 2688 1567 2757 meginfridus,
1585 2705 1640 2745 nec
1650 2689 1740 2744 trater
1753 2689 1819 2759 ejus

103 2785 173 2826 rom
188 2769 375 2844 deceptione.
391 2775 455 2827 Non
470 2772 551 2827 enim
561 2772 743 2846 deceperunt
755 2773 875 2851 me,qui
888 2789 937 2828 ne·
991 2774 1405 2850 hlricusbonusepisccpus,
1426 2794 1556 2851 quorum
1585 2794 1633 2834 me
1658 2776 1818 2834 sanissimo

104 2875 265 2931 quaquam
279 2859 456 2916 habuissem
476 2860 567 2918 tidem
589 2861 744 2934 promissis
765 2878 879 2928 eorum.
897 2865 936 2920 [le
991 2864 1169 2939 plerumque
1183 2865 1224 2924 uti
1239 2866 1362 2922 consilio
1376 2883 1533 2940 nunquam
1562 2868 1709 2941 poenituit.
1736 2869 1818 2934 Quos

104 2948 262 3023 praeteritis
274 2964 380 3005 eorum
395 2948 519 3006 lallaeils
532 2965 588 3020 ego
603 2967 664 3006 non
675 2967 759 3021 curo,
778 2951 815 3006 de
830 2950 936 3008 tuturis
993 2969 1084 3026 supra
1104 2969 1209 3010 omnes
1241 2953 1327 3010 ltelos
1352 2955 1565 3028 praestantioris
1588 2956 1708 3027 ingenii,
1737 2955 1817 3026 lidei,

104 3053 159 3110 per
174 3037 224 3093 liei
237 3035 364 3107 gratiam
379 3037 453 3092 mibi
468 3038 591 3094 cavebo.
608 3041 673 3094 Non
699 3055 808 3112 perum
836 3043 936 3096 autem
956 3009 976 3065 C
991 3041 1132 3099 bonitatis
1146 3059 1212 3100 esse
1226 3060 1345 3100 censeo.
1361 3045 1389 3101 Si
1403 3045 1477 3118 quid
1489 3062 1589 3103 rerum
1603 3061 1742 3103 mearum
1766 3045 1818 3102 tibi

103 3125 291 3182 minordete
307 3126 360 3198 qui
386 3130 414 3182 et
437 3126 565 3184 multam
594 3127 809 3200 praeteritorum
842 3127 936 3183 habes
991 3147 1046 3204 pro
1061 3135 1141 3187 certo
1156 3131 1310 3204 placuerit,
1325 3133 1408 3204 quod
1422 3134 1537 3190 mittere
1553 3134 1677 3206 possim,
1694 3138 1747 3190 aut
1763 3134 1816 3189 de-

106 3215 297 3286 memoriam,
313 3219 342 3271 et
358 3231 420 3272 non
431 3215 532 3272 minus
548 3216 715 3277 futurorum
741 3217 863 3292 jactaris
886 3217 938 3273 be·
991 3219 1091 3286 boam,
1108 3234 1168 3281 non
1184 3224 1210 3279 te
1225 3219 1415 3281 frustrabitur
1428 3237 1497 3296 spes
1516 3225 1577 3280 tua.
1593 3225 1719 3296 AEquem
1745 3221 1817 3276 mihi

105 3307 177 3362 bere
216 3303 444 3377 providentiam,
473 3305 557 3377 quod
582 3305 659 3362 illius
687 3304 817 3362 Cononis
841 3306 937 3382 pcrti-
991 3324 1095 3384 quaeso
1109 3307 1240 3380 repende
1254 3308 1362 3376 vicem,
1377 3309 1524 3381 utetipsc
1538 3309 1616 3364 votis
1633 3310 1707 3365 meis
1721 3309 1819 3380 impa-

108 3397 168 3452 bus
183 3394 372 3464 consensisti,
387 3395 439 3468 qui
454 3397 551 3451 necin
568 3412 624 3452 sua
641 3399 718 3452 terra
743 3395 855 3468 aliquid
885 3397 937 3454 tibi
990 3412 1055 3452 rem
1068 3401 1095 3452 te
1107 3412 1169 3452 non
1185 3393 1308 3452 efficias.
1324 3401 1355 3452 ln
1370 3397 1509 3470 proxima
1523 3400 1650 3454 ventura
1664 3395 1819 3453 testivitate

108 3499 244 3557 unquam
260 3482 394 3553 donavit,
408 3501 506 3557 neque
519 3500 609 3557 posse
622 3485 736 3541 donare
765 3484 865 3554 lertur,
880 3502 936 3550 nec
990 3490 1101 3548 uncta
1115 3485 1166 3540 Dei
1182 3483 1334 3541 Genitricis
1348 3485 1443 3543 Mariae
1466 3485 1577 3542 litteras
1604 3489 1670 3542 tuas
1692 3484 1819 3559 optovi-

106 3573 221 3646 aliquid
250 3572 366 3630 auferre
395 3574 426 3629 in
448 3589 541 3643 regno
556 3574 654 3631 ltalia.
681 3573 737 3632 Sed
752 3575 935 3647 quemvisin
989 3573 1194 3647 dere,quibus
1208 3573 1299 3631 animi
1314 3575 1355 3630 tui
1369 3579 1483 3632 secreta
1498 3574 1658 3632 amicotuo
1672 3574 1819 3631 fidissimo

105 3665 162 3720 hac
178 3678 270 3719 causa
284 3678 345 3718 non
360 3663 436 3720 bene
450 3663 566 3720 tibimet
581 3663 767 3723 consuluisse
794 3665 933 3733 videaris,
988 3665 1214 3739 pesdemonte
1228 3663 1343 3722 Christo
1357 3665 1451 3738 vivae,
1472 3665 1582 3736 valeas,
1602 3665 1740 3732 vivendo,
1768 3680 1820 3721 ve·

106 3760 135 3810 et
150 3751 224 3809 mihi
239 3752 355 3808 amicos
368 3769 451 3809 meos
465 3753 605 3827 probanti
616 3753 793 3823 suffragium
818 3753 934 3810 nullum
989 3756 1088 3814 leudo.

106 3842 281 3912 prrebueris,
294 3841 475 3915 exspectabo
485 3845 587 3898 tamen
599 3841 672 3898 illud
687 3842 836 3914 optimum
862 3859 935 3898 con·
1299 3844 1468 3902 EPISTOLA
1486 3846 1508 3896 v

105 3932 205 3998 silium
221 3929 304 4003 quod
317 3929 390 3986 mihi
404 3935 431 3988 te
445 3931 587 3990 daturum
601 3931 759 4006 promittis,
776 3932 799 3989 si
810 3931 861 3988 tibi
874 3947 935 3988 cre·
1009 3947 1154 3992 curemur
1174 3949 1210 3990 so
1230 3947 1388 3992 rruseuruu
1408 3945 1604 3994 otenornnscir
1623 3945 1790 3988 criscoruu.

105 4020 176 4078 dere
192 4019 322 4080 voluero.
338 4019 444 4078 Mende
460 4035 531 4090 ergo
547 4019 620 4076 mihi
642 4035 696 4093 per
724 4019 836 4077 litteras
864 4035 937 4094 quo
1027 4019 1153 4084 Domino
1165 4021 1310 4080 Funerum
1324 4018 1488 4076 venerabili
1503 4016 1731 4077 carnotensium
1757 4016 1819 4092 epi-

104 4109 198 4176 modo
214 4125 260 4166 vis
276 4113 308 4166 ut
323 4108 375 4165 tibi
388 4109 521 4172 credam,
542 4114 570 4166 et
600 4125 666 4182 quae
691 4108 838 4166 beneticia
863 4108 938 4164 mibi
991 4124 1093 4182 scopo.
1110 4105 1534 4176 Goreicrrcsbetgratiadux
1552 4104 1717 4179 Aquitania
1743 4105 1821 4166 selu·

105 4198 283 4272 provenient
294 4213 350 4273 per
361 4201 447 4253 tuum
464 4197 633 4268 eonsilium,
649 4214 684 4254 ex
699 4198 780 4254 dono
795 4198 937 4256 illiusCu-
991 4200 1051 4258 tem
1065 4199 1093 4252 et
1103 4196 1209 4252 charas
1224 4194 1379 4252 amicitias.

106 4287 206 4358 nonis,
223 4286 247 4342 si
263 4300 390 4360 reguum
402 4285 500 4358 italie,
514 4285 597 4360 quod
612 4286 685 4344 mihi
705 4287 894 4361 promittitur,
910 4290 939 4342 et
1028 4285 1244 4364 cumprimum
1256 4284 1295 4340 ad
1310 4301 1367 4341 nos
1379 4284 1556 4354 Pictavium,
1571 4285 1681 4358 prresul
1695 4284 1819 4362 optimc,

105 4375 191 4450 quod
206 4375 333 4450 adipisci
348 4391 481 4451 possem,
494 4379 553 4431 tleo
566 4375 692 4444 volente,
707 4375 732 4431 si
743 4376 871 4434 multum
886 4392 937 4432 cu·
993 4376 1092 4438 venire
1103 4375 1245 4445 dignatus
1257 4389 1299 4444 es,
1315 4379 1344 4431 et
1370 4379 1480 4432 nostre
1509 4375 1642 4448 petitioni
1664 4380 1697 4435 ut
1716 4393 1820 4438 curem

108 4479 365 4542 sarem,quaerere
379 4463 739 4538 desiderollulamquam
752 4465 862 4535 rogasti
877 4480 939 4523 non
991 4465 1049 4523 loci
1066 4465 1165 4522 Sancti
1181 4463 1279 4521 Hilarii
1307 4479 1424 4535 gereres
1447 4465 1647 4539 acquiescere,
1675 4465 1820 4535 gaudium

107 4569 233 4628 possum
246 4553 286 4610 ad
301 4568 433 4630 presens
448 4553 499 4610 tibi
510 4553 635 4620 mittere,
652 4553 725 4626 quia
754 4569 815 4610 non
839 4554 938 4612 babeo
992 4570 1139 4624 magnum
1150 4553 1205 4610 luit
1219 4553 1316 4611 nobis.
1334 4554 1389 4612 Sed
1403 4553 1473 4617 huic
1488 4554 1600 4624 gaudio
1612 4553 1707 4612 multe
1735 4553 1822 4607 inter-

106 4641 197 4698 talem
205 4640 325 4714 qualern
339 4641 378 4698 ad
392 4657 471 4713 opus
488 4646 574 4700 tuum
588 4641 706 4714 vellem,
725 4657 778 4697 nec
793 4642 939 4722 reperitur
993 4644 1071 4700 cedit
1083 4643 1240 4716 agritudo,
1254 4643 1337 4716 quod
1366 4642 1406 4698 ad
1432 4659 1488 4700 nos
1513 4642 1609 4704 redire
1634 4639 1819 4702 dissimulas.

106 4735 138 4790 in
159 4730 268 4788 nostris
284 4730 516 4804 partibusmula
541 4736 677 4798 cornuta,
708 4731 755 4788 vel
786 4747 854 4806 quie
880 4737 939 4793 tres
993 4733 1076 4794 Unde
1101 4738 1184 4790 tuam
1213 4749 1372 4810 precamur
1398 4731 1536 4800 gratiam,
1576 4729 1640 4788 noli
1675 4727 1821 4792 dimittere

106 4819 222 4878 caudas
237 4819 358 4890 habeat,
374 4818 419 4876 vel
434 4819 568 4893 quinque
580 4820 682 4893 pedes,
699 4819 746 4877 vel
761 4820 820 4876 alie
833 4821 938 4896 hujus·
992 4821 1066 4896 quin
1079 4822 1190 4890 venias,
1203 4822 1226 4876 si
1237 4819 1301 4876 lieri
1315 4825 1413 4893 potest
1428 4819 1458 4876 in
1474 4818 1590 4875 octavis
1619 4817 1819 4882 Pentecosten.

105 4908 201 4980 modi,
231 4913 263 4968 ut
291 4925 422 4976 congrue
450 4908 548 4982 possis
559 4909 657 4966 dicere
676 4927 743 4967 eam
759 4909 937 4970 mirabilem.
994 4907 1230 4982 sinautem,vel
1245 4907 1515 4968 octodiehusante
1530 4903 1822 4968 naddtetemsaucti

105 5000 218 5064 Mittam
232 5014 304 5060 vero
319 4997 490 5072 libionem
505 4998 590 5059 citius
604 5006 719 5075 potero,
745 5016 837 5058 unam
863 4999 939 5074 opti·
992 5000 1114 5060 loannis
1129 4997 1266 5075 baptiste
1282 5002 1380 5055 tutum
1392 4997 1447 5054 iter
1460 4994 1642 5071 paciscimur
1654 4992 1706 5063 tibi
1717 4991 1823 5053 ambu-

105 5105 189 5155 mam
204 5104 241 5144 ex
253 5087 428 5156 melioribus
441 5103 518 5160 quas
539 5089 668 5164 reperire
684 5090 799 5164 possim
824 5089 856 5154 in
884 5105 939 5146 no·
994 5088 1066 5152 lenti
1086 5104 1155 5143 cum
1172 5084 1283 5143 clericis
1298 5083 1540 5150 etdomesticicis
1559 5081 1626 5139 tuis.
1655 5080 1744 5164 Apud
1766 5096 1822 5136 nos

105 5182 167 5232 stra
182 5175 289 5248 petris,
306 5193 376 5233 cum
389 5175 473 5232 trono
487 5177 627 5252 pretioso.
645 5179 789 5236 Ceterum
804 5182 939 5251 tapetum
994 5175 1065 5238 salis
1080 5175 1208 5242 utilitum
1223 5172 1360 5238 habebis·
1375 5170 1477 5231 Sinon
1493 5170 1638 5238 manseris
1662 5170 1821 5227 nobiscum

106 5264 160 5323 tihi
175 5279 298 5337 possem
312 5265 440 5330 mittere,
456 5265 512 5322 nisi
527 5263 652 5330 inissem
682 5264 790 5322 oblitus
819 5271 939 5339 quanta
992 5262 1163 5340 plusquam
1179 5258 1288 5331 tridu0,
1305 5259 1333 5324 iu
1349 5259 1442 5335 ipsius
1457 5258 1599 5331 temporis
1615 5257 1740 5322 articuli>
1755 5257 1821 5335 Plu·

105 5354 302 5422 longitudinis
315 5359 345 5412 et
357 5354 522 5412 latitudinis
539 5357 671 5429 tapetum
684 5355 877 5425 jamdudum
892 5371 938 5412 re·
993 5351 1104 5408 rimum
1119 5365 1177 5406 nos
1191 5347 1351 5407 recreabis.
1369 5349 1390 5405 0
1421 5347 1446 5402 si
1473 5347 1605 5408 venisses
1628 5349 1659 5404 in
1686 5347 1822 5420 proxime

106 5443 236 5516 quisisti.
254 5445 432 5510 Rememora
450 5459 532 5512 ergo,
558 5457 673 5514 precor,
697 5458 791 5516 quam
814 5442 938 5512 longum
993 5439 1148 5520 praeteritis
1164 5436 1387 5509 Rogationibns,
1410 5441 1555 5510 quantem
1584 5437 1681 5506 nobis,
1710 5436 1822 5512 episco-

106 5539 135 5590 et
149 5533 246 5594 latum
256 5549 321 5594 esse
333 5533 416 5604 velis,
433 5537 462 5594 et
478 5531 608 5596 mittetur
621 5529 681 5599 tibi,
699 5530 722 5588 si
737 5531 869 5590 invenire
884 5548 939 5608 po·
992 5532 1039 5610 pls
1051 5528 1170 5598 uostris,
1189 5533 1218 5586 ct
1231 5526 1427 5609 optimatibus
1443 5527 1680 5594 consolationem
1695 5528 1723 5592 et
1750 5523 1822 5589 ireti-

106 5627 203 5680 tuero.
221 5625 269 5687 Sin
285 5626 397 5692 eutem,
410 5619 525 5696 jubebo
538 5619 591 5681 tibi
602 5619 666 5683 fieri
683 5635 777 5700 quere
796 5620 936 5692 volueris,
992 5621 1065 5689 barn
1079 5617 1217 5690 lecissest
1234 5615 1409 5694 tempestive
1429 5615 1452 5672 si
1479 5615 1570 5684 velles
1595 5616 1757 5683 Ceuclum
1783 5613 1822 5682 cd

103 1058 205 1098 Lnortts
225 1057 423 1099 vercellensis
443 1061 566 1101 eriscort
589 1063 625 1102 ht)
646 1063 820 1102 detinebitur!
835 1062 934 1102 DUGBH.

149 2303 295 2344 cottum
314 2307 350 2345 Ab
369 2307 477 2348 [130an
496 2309 649 2350 srtscortitt
668 2311 886 2352 succumbenti.
