4044 6184
176 182 214 245 QG
299 225 311 238 .
759 183 916 241 nnunnltl
938 181 966 238 S.
987 183 1128 237 crearent
1147 183 1319 240 MONACHl.
1853 182 1890 238 24

175 311 288 368 multos
312 325 407 368 annos
435 309 638 368 arsurumne
663 309 700 365 de
722 308 813 379 regali
841 306 924 381 prole
939 305 1007 362 insi·
1025 311 1047 361 Α
1096 310 1140 362 58.
1163 305 1490 377 (fiscamnensem).
1507 349 1513 362 .
1529 303 1746 360 etrerertendo
1762 317 1816 375 per
1836 304 1888 358 be-

176 401 292 475 pientes
306 400 393 464 viros,
408 398 566 455 volnernnt
579 398 694 455 elevare
708 398 738 453 in
754 413 855 468 regem
871 395 1006 462 Pipinurn
1062 394 1195 450 movicus
1207 394 1331 450 contulit
1342 398 1445 450 sancto
1454 392 1581 450 llaroiali
1591 395 1612 428 ’ἵ
1621 396 1887 448 hannumaureum

176 490 273 547 Pium.
290 487 345 555 Oai
360 486 433 543 nolit
449 485 658 561 adquiescere,
681 487 744 552 sed,
766 485 907 542 adunatis
934 499 1007 539 cun-
1062 482 1142 554 quod
1153 488 1284 556 creperet
1297 483 1328 538 in
1340 481 1442 556 praeho
1456 481 1592 552 waiferii,
1609 480 1757 555 simulque
1765 477 1889 536 [tonavit

175 577 230 636 ctis
245 575 426 650 primoribus
444 577 636 644 Francorum,
662 580 793 648 exparte
809 590 913 630 eorum
929 571 1007 627 misit
1063 571 1162 628 villam
1182 573 1219 629 de
1232 577 1337 629 sancto
1346 571 1477 628 valerico
1497 570 1648 628 canonicis
1663 569 1758 626 sancti
1770 567 1887 626 Marcia·

176 669 311 723 homa...
1060 660 1105 716 lis.
1121 665 1153 718 Et
1168 661 1320 718 canonicis
1334 661 1428 717 sancti
1445 660 1586 734 Stephani
1601 658 1682 716 dedit
1701 657 1803 716 villam
1829 671 1887 730 quc

210 758 254 810 ⁵7.
269 751 359 826 (Ano.
381 754 475 809 Laar.
489 754 567 819 753.)
584 794 614 810 ..
641 753 869 810 carlomannus.
889 795 895 806 .
918 753 1005 805 Fran·
1060 749 1167 806 dicitur
1183 750 1433 816 solanniacensis,
1446 755 1474 806 et
1489 748 1671 806 remeavitiu
1687 746 1851 804 Franciam.

174 841 252 899 clam
266 841 357 914 venit,
371 845 404 898 ut
418 843 623 915 reportarem
639 841 794 898 cassinum
808 855 919 912 corpus
939 853 1006 894 san-
1096 845 1138 897 59.
1157 885 1163 896 .
1181 884 1187 898 .
1204 841 1443 914 planxeruntque
1451 855 1521 896 aum
1533 839 1570 910 (t)
1581 836 1683 895 Franci
1693 836 1814 910 planctu
1822 850 1885 892 ma·

175 930 213 988 cli
228 929 377 988 Benedicti
380 973 435 988 .....
1054 937 1130 998 ‘gno
1146 935 1174 986 ct
1183 930 1316 1000 regnant
1330 929 1452 987 Carolus
1465 931 1590 999 ldagnus
1603 926 1681 984 tilius
1691 927 1756 998 ejus
1770 941 1826 999 pro
1839 941 1884 980 eo.

792 1049 960 1138 LIBER
1001 1051 1278 1139 SlicllNlle

210 1183 237 1236 l.
251 1181 277 1234 Α
289 1178 391 1252 primo
402 1191 472 1249 rege
488 1180 670 1235 Francorum
684 1177 820 1233 dicemus
832 1175 1007 1250 prosapiam
1027 1179 1168 1236 llinlnlas
1185 1179 1313 1235 tenebat.
1338 1179 1402 1245 Quo
1420 1184 1552 1252 tempore
1567 1175 1714 1248 regnabat
1729 1192 1800 1232 cum
1811 1173 1885 1232 cbil-

173 1268 290 1327 demini
312 1267 438 1341 precelsi
462 1268 542 1338 regis
570 1267 666 1338 lltagni
693 1266 801 1334 liaroli,
815 1281 907 1339 quem
929 1269 1005 1320 bens
1058 1267 1181 1324 doberto
1195 1267 1416 1324 theodebertus
1430 1283 1525 1340 nepos
1540 1267 1615 1338 cjns,
1636 1265 1716 1321 lilius
1729 1262 1886 1322 Theoderi-

173 1357 288 1416 mavit
300 1361 330 1414 et
342 1356 484 1414 exaltavit
495 1361 524 1412 et
537 1369 684 1426 magnum
696 1355 862 1428 principem
882 1359 910 1410 et
924 1370 1005 1410 ama·
1059 1357 1095 1413 ci.
1123 1359 1187 1424 Quo
1216 1363 1349 1430 tempore
1377 1356 1547 1412 claruerunt
1575 1359 1697 1411 sanctus
1731 1353 1887 1424 Gregorius

173 1444 265 1502 bilem
279 1461 298 1502 a
311 1449 419 1501 cuncto
434 1442 548 1517 populo
565 1443 730 1500 Christiano
754 1459 807 1516 per
832 1442 1005 1498 universum
1058 1461 1138 1519 papa
1153 1446 1281 1519 primas,
1295 1449 1323 1502 ct
1342 1445 1500 1516 Gregorius
1525 1443 1683 1517 episcopus
1697 1439 1885 1507 Turonensis,

173 1533 324 1590 mnndum
336 1532 415 1590 senil.
431 1532 521 1602 lssilnr
535 1537 573 1599 (5)
583 1531 615 1588 in
630 1535 763 1604 innipnnn
775 1530 971 1587 Valentiniani
982 1532 1004 1565 ¹⁸
1059 1539 1088 1593 et
1100 1539 1222 1592 sanctus
1236 1534 1362 1590 aredius
1383 1534 1489 1600 mrbus,
1519 1538 1548 1589 et
1569 1532 1702 1589 Nicecius
1728 1531 1885 1604 episcopus

172 1621 374 1696 imperatoris,
389 1621 442 1694 qui
457 1619 601 1693 septimus
626 1624 777 1690 Augustus
804 1619 859 1676 luit
882 1637 900 1676 a
915 1623 1004 1677 cons·
1060 1622 1276 1694 Lugdunensis.
1290 1625 1358 1679 Post
1367 1622 1589 1678 childebertum
1601 1620 1736 1690 regnavit
1744 1617 1886 1676 clotarius

174 1711 289 1769 lantino
299 1711 406 1780 llagno
418 1709 489 1765 divo
500 1711 646 1779 Augusto,
662 1724 752 1780 quern
776 1713 897 1764 sanctus
923 1723 1004 1782 papa
1058 1713 1233 1784 hetereius,
1246 1711 1298 1784 qui
1316 1716 1452 1768 sanctam
1466 1710 1680 1780 Radegundem
1695 1709 1726 1766 in
1736 1707 1886 1766 matrimo-

174 1801 312 1860 Silrestcr
326 1797 498 1872 baptizavit,
514 1797 571 1853 snb
586 1813 648 1870 quo
663 1802 796 1871 tempore
811 1802 932 1854 sanctus
943 1797 1005 1854 llie-
1059 1803 1108 1860 nio
1124 1801 1237 1858 habuit.
1264 1803 1335 1857 Post
1364 1799 1524 1857 clotarium
1551 1799 1688 1871 regnavit
1706 1797 1886 1870 chilpericus

172 1889 308 1946 ronimus
323 1886 438 1954 claruit,
456 1886 559 1942 Franci
573 1886 673 1942 adhuc
689 1887 801 1958 pagani
815 1886 948 1960 primum
961 1902 1004 1942 re·
1058 1889 1136 1946 lilius
1160 1890 1225 1962 ejus
1251 1905 1320 1944 cum
1347 1887 1441 1944 tribus
1468 1887 1608 1945 tratribus
1632 1885 1704 1954 suis,
1725 1884 1885 1955 cariberto,

172 1991 225 2049 ges
237 1976 350 2034 habere
363 1975 565 2050 cmperuntde
579 1975 766 2048 semetipsis.
779 1975 1004 2048 Primus-itaque
1059 1981 1244 2036 cuntramno
1258 1983 1287 2034 et
1302 1977 1464 2048 sigeberto,
1480 1977 1533 2050 qni
1550 1977 1657 2034 hahuit
1669 1973 1886 2032 urunichildem

172 2079 224 2124 rex
249 2068 431 2122 Francorum
455 2063 511 2120 luit
535 2063 657 2120 nominc
683 2063 900 2131 Famrnundus,
926 2064 1003 2120 illius
1058 2067 1088 2123 in
1104 2067 1305 2124 matrimonio.
1325 2068 1393 2121 Post
1419 2065 1616 2138 chilpericum
1644 2061 1886 2136 regnavitclota·

171 2154 353 2214 ldarcomiris
367 2153 502 2226 ejusdcm
516 2152 613 2224 gentis
625 2152 757 2209 inlustris
776 2153 841 2210 viri.
872 2155 939 2209 Post
954 2156 1004 2210 Fa·
1058 2155 1119 2214 rius
1133 2155 1211 2212 filius
1226 2156 1302 2226 ejus.
1315 2153 1480 2212 clotharius
1497 2153 1551 2210 iste
1566 2152 1669 2225 genuit
1685 2151 1886 2224 llagohcrtum

171 2243 358 2302 ratmundum
374 2241 512 2314 regnavit
529 2242 631 2300 clodio
661 2241 739 2298 lilius
755 2243 830 2314 ejus.
857 2243 928 2297 Post
943 2242 1005 2299 clo·
1057 2249 1087 2300 ct
1100 2243 1192 2298 filiam
1209 2259 1301 2300 terram
1316 2241 1439 2298 nomine
1465 2242 1607 2298 lllitildem
1623 2242 1662 2313 (6)
1680 2260 1686 2310 ;
1702 2240 1741 2298 de
1755 2257 1817 2313 qna
1832 2237 1885 2295 Bli-

171 2332 294 2392 dionem
305 2330 443 2403 regnavit
460 2334 611 2388 llerovcus
633 2331 711 2387 lilius
733 2331 807 2402 ojus.
834 2332 904 2387 Post
915 2333 1005 2388 liero-
1060 2333 1127 2388 tilde
1143 2331 1197 2390 luit
1212 2331 1362 2402 generatio
1376 2331 1480 2388 domni
1510 2330 1614 2388 Caroli.
1644 2326 1887 2388 Namistallhtil-

170 2435 262 2478 num
273 2419 411 2492 regnavit
429 2418 610 2478 childericus
623 2419 703 2475 iilius
717 2420 793 2491 ejus.
811 2423 875 2486 Quo
890 2425 1003 2493 tempo·
1058 2421 1117 2486 dis,
1130 2437 1214 2476 soror·
1231 2419 1388 2492 [tagoberti
1402 2420 1491 2492 regie,
1505 2419 1611 2476 habuit
1627 2419 1722 2476 virum
1735 2417 1766 2474 in
1781 2415 1885 2488 conju-

170 2513 336 2566 reexortos
351 2507 691 2579 estbeatuscparchius
706 2523 742 2563 ex
767 2508 882 2565 civitate
902 2510 1002 2565 l'etru·
1022 2534 1041 2588 ᾗ
1058 2510 1107 2580 glo
1132 2509 1264 2566 nobilem
1293 2508 1368 2566 inter
1390 2511 1519 2566 Francos
1550 2509 1671 2565 nomine
1694 2503 1885 2578 ansbertum,

171 2595 283 2668 gerice,
298 2599 382 2669 patre
397 2593 489 2652 Felice
504 2593 643 2664 Aureolo,
659 2594 768 2651 comite
781 2595 915 2668 ejusdem
932 2595 1002 2652 civi·
1058 2599 1094 2653 dc
1110 2613 1171 2670 quo
1186 2597 1289 2665 genuit
1301 2596 1397 2652 filium
1412 2596 1534 2652 nomine
1547 2595 1722 2651 arnaldum.
1738 2593 1886 2650 arnaldus

170 2681 249 2738 tatis.
264 2685 331 2738 Post
360 2681 558 2740 cbildericurn
583 2681 718 2752 regnavit
744 2681 909 2739 clodovens
925 2681 1003 2738 lilius
1058 2685 1159 2757 genuit
1185 2684 1352 2752 Annalium,
1388 2684 1441 2760 qui
1463 2689 1577 2757 postea,
1603 2683 1742 2742 derelicto
1773 2681 1884 2750 secula,

170 2768 245 2840 ejus,
257 2769 309 2844 qui
322 2769 437 2844 primus
452 2769 489 2826 dc
502 2770 623 2842 regibus
638 2773 817 2826 Francorum
834 2770 958 2827 credidit
972 2770 1002 2826 iu
1058 2775 1153 2830 iactus
1164 2777 1207 2830 est
1221 2773 1380 2846 episcopus
1402 2772 1480 2831 idetis
1496 2771 1630 2830 civitatis
1659 2767 1810 2840 arnulfus,
1836 2785 1886 2826 an·

171 2859 332 2930 Christum,
344 2863 373 2916 et
386 2858 555 2934 baptizatus
565 2864 642 2916 esta
662 2863 766 2916 sancto
782 2859 914 2930 Remigio
924 2860 1002 2934 epis·
1058 2867 1178 2936 tequam
1211 2867 1288 2920 esset
1315 2861 1449 2932 clericae,
1478 2861 1584 2918 habuit
1608 2877 1733 2918 uxorem
1764 2857 1886 2916 nomine

101 3007 102 3014 ,
171 2963 248 3020 copo
260 2963 330 3004 oum
346 2948 428 3005 omni
444 2948 576 3006 exercitu
598 2964 655 3006 suo
672 2953 701 3005 et
729 2949 869 3006 universo
888 2949 1002 3022 populo
1057 2954 1178 3022 Bagam.
1194 2950 1287 3008 filiam
1312 2949 1406 3026 tilpini
1420 2949 1543 3022 majoris
1559 2949 1681 3020 domus,
1694 2954 1722 3006 et
1735 2947 1837 3020 genuit
1850 2963 1887 3004 ex

170 3039 363 3095 Francorum.
380 3037 450 3094 Post
475 3037 659 3096 clodoveum
674 3036 812 3107 regnavit
832 3037 1002 3096 childeber-
1057 3056 1094 3097 ca
1117 3039 1326 3110 ansegisilum.
1354 3037 1537 3110 ansegisilus
1566 3039 1589 3074 ¹⁹
1615 3037 1717 3110 genuit
1750 3037 1886 3112 Pipinum

171 3125 309 3183 tretilius
321 3126 387 3198 ejus
400 3142 469 3182 cum
485 3126 580 3184 tribus
592 3126 733 3184 tratribus
761 3125 832 3195 suis,
848 3126 1003 3186 Theoderi-
1057 3124 1193 3182 vetulum
1220 3127 1352 3192 Brevem,
1369 3123 1421 3198 qui
1450 3121 1505 3180 luit
1529 3123 1646 3182 abavus
1662 3119 1767 3180 domni
1789 3121 1887 3180 Karoli

170 3227 217 3288 ec,
232 3215 400 3274 Glodomire
413 3220 442 3272 et
465 3215 602 3274 (lotario.
624 3217 689 3283 Quo
716 3221 852 3290 tempore
881 3222 1002 3274 sanctus
1057 3213 1145 3284 regis.
1180 3211 1301 3284 Pipinus
1337 3211 1454 3268 vetulus
1489 3211 1551 3268 dux
1578 3215 1760 3270 Francorum
1786 3211 1887 3283 genuit

171 3302 381 3378 Eparchiusin
403 3304 556 3376 Egohsma
571 3304 730 3362 virtutibus
749 3304 865 3372 claruit,
881 3308 919 3376 et,
935 3306 1002 3378 ipso
1058 3301 1200 3360 liarolum
1213 3299 1386 3358 Martcllum.
1401 3299 1685 3360 llarolusllartellus
1700 3299 1887 3373 genuitPipi-

171 3390 360 3450 Ghildeberto
370 3396 524 3462 regnante,
537 3397 608 3464 post
619 3390 1002 3464 septuagesimumannum
1058 3405 1129 3446 num
1146 3388 1243 3460 Pium,
1258 3387 1312 3462 qui
1326 3387 1363 3446 de
1379 3387 1428 3446 illa
1451 3387 1530 3446 linea
1545 3390 1744 3461 generationis
1756 3387 1887 3446 elevatus

172 3479 265 3538 aetatis
280 3497 342 3536 suae
356 3479 388 3536 in
417 3495 491 3553 pace
519 3479 558 3537 ad
584 3479 744 3536 bominum
765 3479 912 3550 migravit.
939 3483 1002 3546 (luo
1057 3477 1259 3552 estprimusa
1288 3479 1407 3535 Francis
1432 3479 1462 3536 in
1475 3493 1587 3551 regem,
1603 3485 1749 3538 evacuata
1763 3476 1886 3535 omnino

172 3571 305 3641 tempore
322 3570 495 3624 Anastasius
522 3566 685 3640 imperator
710 3571 862 3637 Augustus
886 3567 1003 3642 imperii
1056 3569 1136 3625 linea
1150 3568 1187 3624 de
1202 3583 1310 3638 genere
1325 3569 1516 3628 Faramundi.
1541 3570 1662 3644 Pipinus
1687 3569 1757 3626 Pius
1785 3567 1887 3640 genuit

175 3709 215 3764 In
229 3709 293 3766 cod.
308 3710 324 3765 i
337 3723 366 3764 a.
382 3709 433 3765 755
448 3707 510 3766 hac
522 3707 680 3765 addantur·
697 3725 703 3764 :
720 3709 807 3764 Anno
823 3725 894 3766 vero
921 3711 1186 3793 septingentesimo
1205 3715 1249 3778 55,
1266 3712 1524 3784 sepenominatus
1539 3729 1621 3787 papa
1633 3714 1800 3787 Stephanus
1815 3727 1886 3767 cnm

207 3777 258 3864 pio
276 3793 345 3851 rcge
357 3777 471 3854 Plpino,
472 3784 555 3908 tpost
565 3779 784 3836 dedicationem
800 3780 929 3838 Parisios
953 3798 981 3838 rn
1010 3782 1144 3841 aeclesia
1158 3782 1236 3838 beati
1259 3783 1380 3839 lliouisii
1410 3783 1530 3853 iactam,
1555 3786 1610 3840 iter
1633 3784 1663 3840 in
1685 3783 1879 3857 Aquitaniam

208 3849 330 3932 taciens,
346 3865 471 3932 usquea
506 3851 607 3934 locum
621 3852 674 3925 qui
688 3851 838 3934 i'iss,0¹1⁸(‚7l
857 3854 1031 3913 nominatur
1043 3857 1066 3891 ²⁰
1079 3855 1272 3912 devenerunt.
1289 3854 1333 3912 lbi
1347 3854 1428 3910 enim
1454 3855 1607 3928 piissimus
1619 3870 1671 3914 rex
1690 3854 1822 3930 Pipinus,
1839 3853 1881 3910 di·

209 3937 281 3979 vmo
295 3927 427 3979 monitus
442 3937 564 3988 nuncio,
579 3929 795 3980 monasterium
808 3939 839 3979 m
854 3924 968 3981 honore
997 3926 1103 3982 mundi
1120 3925 1279 3982 Salvatoris
1294 3930 1511 3998 construxerat,
1527 3927 1566 3984 ad
1579 3925 1665 3998 cujus
1686 3924 1885 3982 consecratio·

208 4009 279 4051 nem
294 3993 395 4068 ipsum
407 4010 520 4067 papam
536 4010 639 4050 secum
654 3993 838 4060 adduxerat,
857 3995 908 4050 sed
923 3995 1025 4053 divino
1040 4000 1201 4070 preventus
1216 4000 1260 4052 est
1275 3996 1430 4052 miracula.
1448 3999 1531 4067 Nam,
1557 4002 1643 4054 nocte
1654 3995 1886 4054 consecrationis

209 4065 289 4121 diem
300 4065 488 4138 precedente,
505 4065 674 4121 anennulis
690 4081 778 4121 voces
792 4065 987 4138 psallentium
1002 4067 1032 4124 in
1061 4067 1197 4123 eccclesia
1209 4067 1316 4124 eadem
1331 4068 1441 4124 auditoe
1455 4071 1534 4140 sunt,
1550 4072 1587 4136 et,
1616 4069 1664 4126 die
1684 4068 1883 4134 illucescente,

210 4137 309 4191 subito
324 4135 421 4191 nubes
435 4135 614 4192 densissima
639 4137 820 4192 suavissimo
836 4138 1021 4208 l'ragrante²¹
1052 4139 1155 4208 odore,
1172 4143 1265 4195 totam
1297 4138 1507 4212 ipsiustempli
1530 4139 1718 4210 superficiem
1733 4139 1774 4194 ite
1798 4137 1887 4194 coho·

208 4206 314 4286 paruit,
331 4210 362 4263 ut
377 4208 501 4262 omnino
516 4177 632 4278 ingredi
648 4206 818 4264 volentibus
834 4207 949 4266 aditum
964 4209 1136 4280 denegaret.
1153 4209 1237 4266 circa
1256 4225 1328 4266 vero
1354 4209 1432 4266 illius
1466 4208 1582 4264 tertiam
1597 4208 1657 4266 diei
1671 4208 1778 4265 horam
1804 4207 1885 4264 nube

209 4275 390 4346 discedente,
406 4275 536 4334 domnus
549 4291 631 4350 papa
647 4278 816 4351 Stephanus
827 4295 898 4336 cum
912 4281 1099 4354 coepiscopis
1114 4296 1150 4336 ac
1165 4279 1277 4336 clericis
1293 4283 1322 4335 et
1337 4295 1387 4335 rex
1411 4278 1620 4335 serenissimus
1649 4278 1676 4334 Pi
1700 4278 1768 4334 inus
1785 4277 1886 4334 mocle-

209 4347 286 4404 siam
300 4346 511 4430 ingredientes,
525 4347 653 4420 parietes
668 4353 698 4406 et
712 4349 816 4405 tellaria
831 4365 917 4406 sacra
933 4351 1074 4407 unctione
1087 4349 1229 4405 divinitus
1244 4351 1654 4420 consecrataconspexerunt.
1687 4349 1745 4405 nde
1757 4348 1885 4405 nimium

209 4410 349 4475 admirati
364 4418 556 4491 maximoque
570 4418 682 4489 gaudio
703 4417 816 4492 repleti,
837 4421 1027 4492 supradictus
1042 4419 1176 4493 pontifex
1198 4423 1227 4474 et
1241 4433 1290 4475 rer
1312 4419 1561 4475 clementissimus
1577 4419 1885 4492 Pipinusinnumeras

210 4488 270 4546 Deo
285 4487 396 4561 gratias
411 4488 570 4546 reddentes
584 4491 618 4557 ²²,
634 4489 732 4546 eidem
747 4490 888 4545 aecclesim
903 4491 1041 4546 diversos
1057 4491 1195 4556 honores,
1213 4489 1307 4558 villas,
1322 4491 1538 4563 possessiones,
1555 4490 1678 4548 castella
1692 4506 1728 4548 ac
1754 4490 1885 4564 plurimu

209 4559 276 4617 lota
289 4559 478 4617 contulerunt
489 4561 538 4632 (8),
554 4559 690 4616 videlicet
705 4560 920 4616 monasterium
935 4559 973 4617 de
991 4563 1098 4618 luante
1112 4560 1161 4633 (9),
1175 4559 1247 4616 olim
1274 4578 1292 4617 a
1313 4561 1522 4688 potentissimo
1542 4563 1724 4618 Francorum
1742 4577 1811 4632 rege
1823 4561 1885 4618 clo·

209 4631 307 4689 doveo
320 4635 534 4702 constructum,
546 4647 581 4689 ac
596 4635 665 4705 post
678 4630 841 4687 multorum
855 4631 1003 4693 curricula
1015 4647 1165 4688 annorum
1178 4631 1277 4688 nimiis
1292 4647 1312 4704 p
1325 4631 1462 4688 uriarum
1474 4649 1509 4690 ac
1520 4631 1680 4689 fluviorum
1692 4631 1884 4689 innundatio-

209 4701 300 4758 nibus
307 4701 442 4758 funditus
454 4717 603 4772 eversum,
618 4707 647 4759 ct
661 4703 876 4758 monasterium
890 4703 985 4760 sancti
1001 4702 1132 4770 Quintini
1156 4701 1193 4758 de
1208 4702 1337 4759 Galliaco
1353 4706 1410 4775 (10)
1426 4707 1455 4758 et
1475 4704 1688 4760 heremitarum
1712 4703 1884 4760 conchense

210 4767 371 4830 cenobium
385 4773 440 4846 (Η)
456 4773 591 4846 aliasque
612 4772 808 4846 quamplures
839 4773 988 4837 ecclesias.
1016 4791 1052 4832 ac
1075 4773 1241 4831 maximam
1267 4779 1383 4847 partem
1396 4773 1712 4846 circumadJacentium
1727 4774 1885 4844 regionum

211 4860 276 4900 esse
289 4843 345 4900 sub
357 4844 425 4915 jure
439 4843 687 4918 ipsiusaecclesiae
706 4844 931 4904 constituerunt.
959 4859 995 4902 ac
1022 4846 1061 4902 ab
1082 4845 1166 4902 omni
1195 4845 1330 4902 humano
1352 4845 1471 4902 servitio
1494 4845 1619 4902 liberam
1647 4846 1710 4904 fleri
1735 4846 1793 4904 nisi
1821 4845 1886 4904 sola

209 4915 335 4972 Romani
345 4915 495 4990 pontilicis
509 4915 632 4972 tuitione
645 4914 774 4989 propriis
788 4915 947 4996 privilegiis
976 4921 1148 4986 sanxerunt.
1166 4915 1215 4972 llis
1243 4915 1343 4990 itaque
1370 4916 1541 4974 solemniter
1553 4918 1691 4991 peractis,
1717 4917 1885 4992 Stephanus

213 5001 296 5061 papa
307 5003 378 5044 cum
393 5002 463 5058 rege
476 4986 507 5044 in
519 4985 676 5044 Franciam
685 5001 795 5044 reversi
806 4991 886 5044 sunt.

861 5057 981 5115 VhltlAE
1002 5059 1203 5115 LECTlONES.

176 5127 633 5271 glgpprprtiphrpdpppelpapnum
647 5159 681 5168 —
694 5126 818 5184 waiferii
837 5130 953 5188 derant.
972 5131 994 5164 ¹⁸
1011 5127 1171 5186 valentiani
1187 5133 1212 5186 l.
1241 5129 1264 5164 ¹⁹
1279 5130 1431 5203 ansegilus
1463 5135 1487 5186 l.
1519 5131 1544 5164 ²⁰
1558 5129 1747 5188 norniaturc.
1790 5133 1811 5166 ²¹
1827 5129 1884 5185 lra-

872 5321 875 5328 .
975 5272 1087 5328 NOFAE.

210 5340 251 5485 (lp
265 5339 437 5422 Pippiuuna
1094 5341 1132 5424 (8)
1146 5340 1283 5414 hiploma
1309 5340 1426 5416 Pippini
1451 5339 1570 5424 falsum.
1587 5345 1619 5428 y.
1637 5341 1769 5469 [lacherp
1784 5339 1882 5415 Spicil.

213 5414 361 5494 (tflctram
406 5427 451 5467 ue
474 5415 641 5486 sequuntur
663 5425 808 5481 magnam
829 5414 944 5484 partem
968 5428 1005 5468 ex
1059 5412 1128 5470 edri.
1141 5417 1168 5481 2,
1184 5415 1230 5484 lll,
1243 5429 1273 5539 p
1290 5417 1351 5469 319.
1369 5413 1510 5487 Stepham
1526 5413 1617 5472 Galba
1628 5415 1731 5472 christ.
1762 5415 1830 5482 ‚la

177 5485 270 5542 Gestis
281 5497 387 5552 regum
436 5497 582 5539 aneorum
590 5482 749 5538 fluxerunt.
1096 5484 1131 5556 (9)
1148 5483 1245 5539 haral
1258 5482 1484 5540 eedeZunault.

213 5554 250 5628 (6)
267 5553 308 5611 cl.
332 5552 543 5624 Genealogiam
572 5554 600 5611 S.
626 5552 739 5610 Arnulii
755 5555 885 5610 honum.
906 5554 955 5612 SS.
970 5557 1003 5624 ll,
1095 5555 1149 5700 (wi
1165 5559 1196 5610 ln
1211 5569 1292 5626 pago
1308 5559 1336 5636 et
1348 5553 1426 5636 dice.
1440 5555 1619 5613 caturcensi.
1638 5624 1644 5636 ι

177 5629 240 5700 ³08,
255 5629 318 5683 31³.
1093 5629 1139 5697 (lt
1163 5625 1655 5702 conques,mdroc.lluthensnn.

212 5696 251 5770 (7)
268 5695 372 5768 tigeac
385 5695 417 5754 in
430 5693 543 5754 diocesi
555 5694 735 5754 caturcensi.
