3998 6176
147 187 197 241 aas
296 123 301 144 ¹
420 147 431 232 Ϊ
470 184 472 188 ·
730 181 932 240 reimerus
956 183 1095 244 caurus
1112 185 1266 247 iuncos,
1805 203 1856 259 am

146 309 196 375 ita,
211 323 279 364 eum
292 306 885 382 1111111111]1111111111111111111111111.
899 308 974 362 Nam
992 309 1209 378 aspectatores
1222 311 1316 380 plebis
1328 315 1506 374 laccorum
1524 318 1689 393 crimmum·
1709 323 1781 396 quia
1795 325 1857 382 sive

145 395 665 471 eousquenecesseestutnobiseum
676 401 782 470 pergat
791 415 797 466 ;
807 394 977 470 quiaetiam
1029 396 1153 468 maligni
1166 399 1295 472 spiritus,
1311 402 1372 460 sive
1385 405 1518 477 perversi
1529 406 1679 479 homines,
1694 411 1746 484 qui
1761 412 1858 470 bono-

144 486 254 558 egressi
268 486 305 542 tic
320 501 438 544 carcere
452 485 537 542 citius
547 500 727 555 erraremus,
740 485 796 543 uisi
810 501 865 560 per
891 480 976 541 illum
1028 500 1096 542 rum
1111 485 1304 546 afflictionem
1319 491 1468 550 inhianter
1483 501 1667 569 exspectant,
1687 501 1796 558 nosbis
1810 517 1860 560 ca-

143 574 233 632 nobis
249 575 304 632 iter
324 591 386 649 quo
403 574 582 632 deberemus
607 573 725 646 ingredi
747 577 974 632 monstraretur.
1029 573 1185 648 sibusjam
1196 578 1339 654 deinceps
1354 595 1417 638 non
1431 582 1585 642 insultant.
1602 589 1659 644 Nec
1671 605 1743 647 sane
1769 591 1862 664 negli-

144 667 220 722 Cum
233 669 334 722 autem
345 663 447 721 vicum
457 679 553 721 unum
562 663 764 737 procedimus,
773 662 916 721 contirmo
924 677 976 720 an·
1029 667 1134 735 genter
1146 669 1400 738 praeterenmdum
1426 670 1546 728 videtur
1574 675 1659 748 quod
1685 693 1747 735 non
1761 680 1802 736 ait
1825 682 1861 738 de

143 754 229 825 gelus
244 771 263 811 a
276 753 364 811 nobis
379 753 522 824 discedit;
537 752 610 827 quia
622 768 691 809 oum
706 753 773 828 ipso
788 754 839 826 [an
850 752 973 826 ipsum),
1029 757 1257 826 exspectatione,
1275 757 1329 814 sed
1351 759 1387 816 de
1399 761 1483 816 omni
1509 768 1737 832 exspectatione.
1752 768 1862 826 Adver-

141 843 195 918 qui
210 843 272 915 ria,
284 844 403 912 ventas,
417 847 446 900 et
457 842 517 899 vita
538 846 593 913 est,
610 841 753 912 vidimus,
763 841 829 916 iam
852 842 975 899 ductore
1030 842 1114 899 seriis
1127 844 1207 902 enim
1217 848 1328 904 nostris
1339 847 1425 904 toties
1440 847 1480 905 ad
1496 853 1702 923 spectaculum
1717 855 1861 914 irridendi

140 933 266 990 ulterius
278 948 483 1004 nonagemus.
1029 933 1235 1006 producimur,
1261 936 1379 1010 quoties
1391 936 1434 994 eis
1461 937 1556 995 risum
1570 940 1608 996 de
1636 943 1737 1016 nobis,
1756 961 1862 1020 perpe·

176 1025 244 1079 11111.
263 1023 401 1096 Sequitur
418 1023 478 1080 :lit
492 1025 601 1082 Petras
614 1026 655 1083 ad
668 1039 699 1081 se
724 1037 859 1080 reversas
871 1021 949 1078 dicit
965 1039 973 1078 :
1029 1024 1106 1079 trata
1116 1022 1251 1095 quolibet
1265 1023 1400 1096 crimine,
1416 1025 1594 1084 exhibemus
1608 1048 1614 1099 ;
1628 1030 1701 1104 quia
1715 1031 1797 1089 aliud
1818 1037 1863 1090 est

139 1113 233 1169 Nunc
246 1114 307 1170 scio
319 1127 387 1171 vere
398 1115 558 1185 antemisit
568 1115 712 1171 Dominus
722 1113 864 1184 angelum
876 1127 974 1182 suum,
1030 1111 1235 1184 spectaculum
1262 1112 1436 1183 iracundiae,
1452 1113 1535 1171 aliud
1550 1118 1692 1190 avaritiae,
1713 1120 1796 1179 aliud
1811 1135 1862 1193 gu·

139 1208 168 1260 et
183 1203 299 1274 eripuit
313 1203 511 1260 medemena
524 1203 665 1272 Herodis,
681 1207 710 1260 et
732 1203 769 1259 de
780 1203 975 1270 1111111111-
1029 1199 1076 1269 111,
1092 1199 1174 1257 aliud
1186 1201 1321 1270 luxuriae,
1336 1202 1418 1260 aliud
1432 1219 1518 1261 vanae
1533 1206 1645 1277 glorioe,
1662 1209 1745 1266 aliud
1760 1227 1863 1286 super-

139 1293 274 1348 ctatione
297 1291 393 1362 plebis
418 1292 603 1349 iudeorum.
628 1294 717 1348 iuxta
739 1289 866 1348 litteram
895 1292 978 1363 patet
1029 1289 1096 1346 biae.
1114 1292 1217 1347 Hostes
1232 1294 1333 1348 autem
1347 1291 1400 1366 qui
1417 1298 1553 1351 nostram
1563 1295 1731 1355 irrisionem
1743 1299 1861 1358 inhien-

139 1395 252 1436 sensus
266 1380 340 1454 quia
348 1384 451 1438 Petrus
461 1380 501 1438 ab
513 1381 564 1438 illo
574 1381 682 1439 mentis
692 1396 818 1438 excessu
838 1380 869 1437 in
884 1395 976 1454 quem
1030 1384 1074 1436 tec
1088 1384 1271 1454 exspectant,
1286 1385 1402 1454 quanto
1416 1398 1472 1439 nos
1480 1384 1661 1457 profundius
1673 1387 1863 1463 lapsosaspi-

138 1486 204 1544 prce
219 1471 333 1541 gaudio
346 1486 437 1544 super
452 1487 485 1527 se
511 1475 614 1545 raptus
637 1470 743 1539 fueret,
761 1470 800 1527 ad
824 1469 977 1527 haeredit
1031 1469 1230 1540 cincticulo,
1258 1470 1377 1528 sibimet
1405 1472 1635 1546 applaudentes,
1661 1477 1861 1535 insultationis

138 1559 226 1634 quod
255 1559 407 1617 intellectu
437 1561 590 1618 communi
617 1565 646 1618 et
658 1560 742 1633 prius
770 1559 833 1617 fuit.
860 1559 919 1617 Sed
940 1558 974 1628 si,
1030 1561 1195 1617 cachinnos
1221 1559 1309 1618 altius
1332 1562 1478 1620 attollunt.
1494 1565 1634 1631 Quandiu
1659 1581 1730 1624 vero
1744 1568 1775 1626 in
1803 1568 1861 1626 hac

138 1649 404 1723 quemadmodum
425 1649 583 1723 coepimus,
598 1650 662 1706 hoec
686 1665 809 1724 quoque
822 1647 916 1705 verba
936 1647 978 1704 ad
996 1663 1016 1716 Β
1031 1649 1101 1718 vita,
1117 1666 1185 1723 qua
1200 1653 1262 1708 tota
1276 1651 1398 1708 tentatio
1411 1657 1465 1725 est,
1482 1654 1685 1726 consistimus,
1699 1657 1753 1713 etsi
1777 1672 1860 1731 quae-

139 1738 294 1795 internam
308 1737 535 1811 intelligentiam
542 1738 710 1808 referimus,
722 1753 868 1809 magnam
888 1737 919 1794 in
934 1737 977 1794 eis
1030 1739 1103 1796 dam
1116 1738 1259 1796 irrisionis
1274 1755 1381 1797 eorum
1402 1742 1573 1814 spectacula
1587 1743 1766 1819 devitamus,
1782 1745 1861 1802 diffi-

139 1827 252 1884 iuturae
263 1831 374 1884 nostrae
387 1827 547 1900 ereptionis
574 1826 740 1898 imaginem
764 1826 975 1900 praevidemus,
1030 1827 1084 1886 cile
1095 1832 1195 1886 11111111
1211 1833 1255 1886 est
1270 1833 1376 1886 utnon
1391 1829 1423 1886 in
1435 1829 1559 1904 aliquod
1583 1832 1764 1904 incidamus,
1780 1836 1861 1894 unde

141 1933 289 1989 magnam
305 1922 333 1975 et
348 1918 379 1975 in
391 1918 533 1992 praesenti
545 1918 651 1974 suturae
672 1921 781 1975 1111111
808 1916 977 1974 exsultatio-
1030 1921 1142 1986 tamen,
1158 1934 1212 1991 per
1226 1918 1277 1975 Dei
1292 1917 1419 1989 gratiam
1435 1918 1475 1976 ad
1498 1919 1678 1993 peanitentiae
1693 1923 1860 1981 remedium

144 2007 192 2063 nis
205 2007 396 2064 dulcedinem
409 2013 641 2082 praegustamus.
671 2011 728 2064 Nos
743 2006 864 2077 etenim,
879 2021 975 2079 quan·
1029 2011 1224 2076 recurrentes
1248 2007 1381 2081 quotidie
1404 2007 1578 2066 liberamur.
1593 2012 1668 2066 Cum
1686 2026 1758 2069 vero
1773 2012 1813 2070 ad
1824 2013 1860 2069 il-

123 2087 194 2153 'dio
209 2097 345 2169 inhujus
360 2097 454 2154 exsilii
482 2097 656 2167 religatione
681 2095 859 2167 detinemur,
875 2095 976 2153 uobis·
1028 2097 1089 2154 lam
1103 2097 1293 2155 securitatem
1308 2097 1489 2170 venerimus,
1506 2103 1577 2156 tunc
1603 2101 1647 2156 De
1662 2103 1744 2158 111111
1758 2116 1860 2172 exspe-

139 2203 211 2243 11111
227 2203 296 2243 esse
309 2187 438 2261 perlecta
453 2203 515 2245 non
529 2202 710 2261 possumus,
725 2185 798 2260 quia
810 2185 974 2257 imaginem
1029 2189 1159 2245 clatione
1167 2187 1266 2258 pletis
1279 2187 1452 2244 iudaeorum
1461 2189 1595 2259 perfecte
1602 2189 1750 2261 eripimur
1755 2191 1857 2264 ;quia,

137 2277 226 2334 illam
239 2281 269 2334 et
280 2277 505 2334 similitudinem
533 2293 626 2350 quam
642 2293 660 2334 a
680 2276 833 2334 conditore
862 2276 976 2349 accepi·
1028 2283 1124 2336 morte
1137 2276 1168 2333 in
1183 2277 1306 2334 victoria
1319 2277 1543 2334 resurrectionis
1555 2278 1710 2353 absorpta,
1721 2295 1776 2336 nec
1788 2295 1859 2337 caro

138 2383 222 2434 mus,
238 2367 406 2424 immunem
421 2370 573 2440 apeccato
596 2382 726 2436 servare,
750 2365 826 2422 sicut
853 2364 975 2422 condita
1028 2373 1134 2424 nostra
1160 2365 1212 2422 ulli
1236 2366 1419 2441 corruptioni
1441 2367 1569 2425 exterius
1601 2367 1780 2441 subjacebit,
1803 2385 1858 2427 nec

139 2461 197 2524 est,
213 2471 277 2514 uon
292 2457 438 2513 valemus.
455 2460 531 2514 Nam
545 2456 662 2530 quoties
690 2471 862 2530 peccamus,
877 2459 906 2512 et
918 2471 974 2512 nos
1028 2461 1160 2514 mentem
1174 2459 1310 2513 nostram
1322 2455 1445 2513 interius
1456 2456 1518 2513 ulla
1533 2457 1776 2532 concupiscentia
1790 2458 1857 2516 titil-

139 2563 262 2615 sumus,
279 2550 308 2603 11
318 2546 477 2603 nobiscum
490 2563 614 2616 sumus;
640 2545 713 2620 quia
734 2562 789 2620 per
814 2548 974 2618 peccatum
1028 2545 1110 2603 labit.
1120 2545 1299 2618 Tuncplane
1311 2544 1562 2602 veraciterdicere
1572 2547 1737 2620 poterimus
1749 2566 1756 2603 :
1769 2549 1858 2606 Nunc

137 2635 247 2692 subter
259 2651 316 2692 nos
330 2634 419 2708 lapsi,
433 2635 472 2692 ab
494 2635 573 2692 illius
588 2635 782 2694 similitudine
806 2635 858 2708 qui
885 2651 975 2708 super
1028 2635 1087 2690 scio
1102 2648 1171 2690 vere
1183 2635 1256 2705 qaia
1269 2633 1350 2690 misit
1375 2627 1521 2689 Dominus
1535 2635 1676 2705 auectam
1690 2651 1789 2704 111111,
1800 2641 1855 2694 eto.

137 2741 197 2782 nos
219 2727 265 2780 est
298 2723 527 2794 degeneramus.
556 2724 613 2782 Sed
642 2741 722 2791 cum,
751 2724 808 2780 illis
838 2723 974 2798 superius
1028 2721 1182 2794 Magnifice
1196 2719 1401 2778 enimdicium
1415 2711 1461 2778 est
1473 2722 1563 2778 Nunc
1576 2723 1636 2779 scio
1650 2737 1727 2792 vere,
1739 2725 1857 2797 nequis

136 2813 382 2886 dictispericulis
395 2813 536 2871 omnibus
549 2815 675 2885 evitatis,
689 2814 729 2872 ad
759 2830 829 2871 eum
843 2813 896 2888 qui
917 2830 974 2871 nos
1027 2811 1241 2870 uidelicetvere
1254 2826 1285 2868 se
1293 2813 1447 2883 receptum
1459 2815 1632 2884 praesumat,
1648 2826 1807 2886 quousque
1817 2813 1858 2870 ad

136 2903 209 2960 fecit
218 2903 401 2972 venerimus,
412 2908 482 2960 tunc
494 2904 584 2960 etiam
596 2904 636 2961 ad
657 2920 714 2961 nos
738 2904 822 2978 ipsos
845 2903 973 2976 perfecte
1027 2901 1111 2958 illam
1135 2900 1303 2957 libertatem
1330 2898 1431 2970 gioria
1453 2897 1584 2956 filiorum
1605 2899 1656 2957 Dei
1681 2901 1855 2974 perveniat;

134 2991 327 3062 revertimur,
340 2993 424 3066 quia,
434 2994 718 3067 peccatumnullum
728 2993 883 3064 habentes,
897 3009 972 3066 qua-
991 2999 1012 3075 (j
1027 2991 1108 3066 qiua,
1123 2991 1177 3048 etsi
1189 2991 1254 3062 Jam
1268 2988 1430 3064 perfidem
1442 3004 1498 3046 nos
1512 2988 1654 3047 liberatos
1664 2990 1788 3060 scimus,
1805 2991 1858 3048 ad-

136 3083 183 3139 111
198 3097 257 3138 nos
272 3082 415 3151 condidit,
431 3082 504 3140 tales
520 3099 636 3140 sumus.
651 3083 804 3156 Tuncjam
818 3083 856 3139 de
870 3087 975 3140 nostra
1027 3081 1086 3138 huc
1102 3084 1202 3137 11111111
1217 3095 1271 3154 per
1285 3077 1416 3152 speciem
1431 3093 1499 3135 vere
1518 3077 1660 3136 liberatos
1675 3075 1742 3136 nos*
1761 3079 1856 3136 nesci-

135 3171 294 3245 ereptione
308 3171 415 3240 securi,
430 3171 579 3228 invocem
605 3171 811 3229 exsultationis
836 3187 974 3246 erumpe·
1028 3187 1106 3238 mus,
1123 3168 1219 3224 donec
1230 3166 1288 3240 ipsi
1315 3165 1458 3224 libertatis
1483 3171 1592 3224 nostrae
1617 3167 1731 3226 auctori
1746 3169 1858 3225 aetertia

136 3277 222 3329 mus,
238 3259 392 3318 dicemm:
1028 3258 1168 3315 societate
1196 3257 1372 3328 jungamur.
1398 3255 1444 3312 Ad
1467 3271 1561 3329 quam
1588 3272 1666 3312 verae
1696 3257 1857 3329 ereptionis

173 3353 253 3407 111111.
270 3351 359 3407 Nunc
372 3351 432 3408 scio
451 3365 519 3409 uere
533 3351 605 3423 qaia
621 3352 699 3408 misit
729 3352 808 3408 Dens
832 3352 972 3422 angelum
1028 3347 1184 3404 scientiam
1202 3345 1434 3421 nosperducere
1448 3344 1588 3416 dignetur
1607 3344 1655 3402 ille
1666 3345 1770 3416 magni
1784 3361 1857 3402 con-

136 3455 238 3508 saum,
252 3443 281 3495 ct
292 3440 402 3509 eripuit
418 3455 464 3495 me
475 3439 512 3495 cie
531 3453 624 3496 mann
638 3439 777 3507 Herodis,
789 3443 816 3495 et
829 3437 866 3494 11
892 3437 974 3493 omni
1028 3436 1083 3494 silii
1097 3435 1238 3506 Angelus,
1249 3435 1302 3508 qui
1316 3450 1372 3491 nos
1384 3436 1412 3491 et
1423 3433 1508 3508 prius
1523 3446 1577 3507 per
1587 3433 1764 3509 seipsumde
1777 3438 1858 3492 tene·

137 3528 463 3598 exspectationeptetir
478 3527 819 3584 1111111111111111111
833 3526 972 3596 Herodis,
1029 3527 1088 3584 bris
1100 3529 1129 3584 et
1142 3525 1253 3582 umbra
1267 3523 1371 3581 mortis
1386 3523 1503 3597 eripuit,
1519 3527 1548 3580 et
1559 3523 1693 3597 quotidie
1705 3540 1761 3598 per
1785 3539 1857 3580 snos

137 3615 166 3672 ie
179 3619 236 3687 ast,
250 3615 288 3672 de
301 3620 449 3688 potestate
461 3616 573 3674 diaboli
597 3621 667 3673 tunc
680 3615 711 3672 in
739 3615 860 3673 veritate
884 3613 972 3688 eripi·
1028 3615 1153 3688 angelos
1176 3615 1273 3688 eripit,
1288 3617 1372 3672 lesus
1402 3613 1535 3672 Christus
1559 3615 1637 3670 Deus
1664 3617 1694 3670 et
1713 3612 1857 3670 Dominus

137 3723 219 3775 mur,
234 3707 370 3780 quando,
383 3707 421 3764 de
436 3707 503 3765 loco
513 3707 683 3764 tentationis
692 3706 851 3782 assumpti,
859 3707 924 3779 ejus
931 3705 973 3761 in-
1027 3709 1139 3776 noster,
1152 3705 1201 3760 oui
1215 3709 1259 3760 est
1271 3719 1341 3760 cum
1354 3706 1438 3761 Patre
1448 3701 1595 3776 etSpiritu
1605 3706 1710 3759 saneto
1721 3701 1819 3759 bonor
1828 3705 1857 3759 11

140 3796 236 3854 sidias
247 3811 310 3854 non
322 3796 445 3855 ulterius
474 3797 624 3855 timemus.
640 3800 684 3855 De
695 3799 778 3855 omni
794 3811 910 3869 qnoque
924 3793 973 3854 eci·
1027 3795 1122 3868 gloria
1135 3795 1167 3851 in
1180 3793 1292 3851 saecula
1303 3792 1494 3851 saeculorum.
1508 3795 1613 3848 Amen.

585 4103 923 4225 SANC'H
958 4099 1406 4222 FU'LBER'H

793 4287 1032 4346 candotensis
1051 4285 1207 4343 EPISOOPI

447 4410 1192 4536 111111111310111111
1234 4405 1545 4532 JUDAEOS.

182 4627 950 4714 111111111111111111111111111111111111Νο11
964 4642 1356 4690 aurnemuasoaprauu
1383 4627 1619 4697 1111111111,
1637 4621 1668 4679 in
1693 4617 1814 4680 Christo

682 4708 754 4770 lesa
778 4708 952 4790 completam
969 4706 1157 4790 probandam
1178 4707 1314 4788 suscipit.

198 4916 307 4988 (Edidit
316 4915 438 4976 Carolus
453 4915 491 4972 de
503 4914 625 4983 Villiars,
641 4914 741 4971 thecle
785 4911 991 4982 sParisiensis,
1007 4909 1202 4968 Bibliotheca
1217 4910 1346 4966 Petrum
1362 4910 1435 4964 tom.
1450 4896 1855 4986 1111111,1113.11,1111)11111111

235 4991 380 5046 sinuosis
396 5001 685 5044 1111111111111.-
701 4986 770 5042 vie
799 4983 937 5044 Notitiam
962 4982 1136 5040 litterariam
1165 4978 1312 5054 Operibus
1327 4980 1356 5036 S.
1386 4976 1515 5035 Fulberti
1538 4985 1739 5048 proemtssam,
1754 4984 1857 5043 supra,

233 5059 290 5116 col.
309 5060 382 5132 161.)

180 5311 201 5366 i.
211 5306 274 5364 Filii
284 5307 457 5366 iudeorum
465 5308 586 5366 dieunt:
604 5312 668 5367 Non
678 5306 973 5366 estmirumsimcda
992 5289 1015 5344 Ῑ)
1031 5302 1194 5360 habuimus
1210 5315 1296 5370 reges
1310 5301 1339 5354 et
1352 5295 1513 5372 principes.
1539 5296 1607 5351 11111
1622 5295 1667 5350 111
1694 5306 1764 5362 ergo
1790 5305 1861 5364 spes

144 5396 255 5472 captivi
271 5413 390 5468 sumus,
410 5399 434 5454 si
445 5398 607 5456 Jerusalem
631 5415 693 5456 non
720 5403 853 5456 tenentes
873 5411 976 5468 regem
1030 5394 1188 5463 nostra‚ut
1202 5389 1301 5447 adhuc
1316 5386 1405 5445 nobis
1418 5385 1552 5442 similiter
1566 5381 1684 5441 eveniet
1703 5397 1773 5439 cum
1798 5379 1885 5454 pla-·

145 5485 378 5560 propriumnon
392 5485 976 5560 habemus;luimusenimsimiliterpro
1032 5482 1125 5540 cuerit
1141 5483 1209 5537 lieo.
1227 5478 1281 5535 1111
1294 5477 1420 5534 dicunt:
1446 5475 1580 5533 Forsitan
1593 5473 1625 5531 in
1650 5472 1752 5546 aliqua
1776 5473 1861 5544 parte

143 5575 277 5651 peccatis
299 5575 449 5633 uostrisin
479 5575 631 5649 Babylone
646 5579 763 5652 captivi,
793 5593 895 5648 regem
911 5592 978 5650 pro·
1031 5570 1138 5630 mundi
1147 5569 1236 5627 nobis
1245 5567 1397 5640 incognita
1409 5569 1580 5640 potestesse
1592 5564 1774 5635 congregata
1787 5557 1863 5616 mul·

144 5666 247 5740 11111]
259 5679 324 5722 non
337 5663 492 5734 habentes,
506 5669 536 5721 et
547 5669 653 5738 postea
676 5666 784 5726 reversi
798 5666 829 5724 in
848 5665 978 5739 patriam
1033 5661 1128 5720 titudo
1150 5659 1333 5728 iudaeorum,
1347 5673 1415 5731 qua
1429 5655 1540 5714 babeat
1564 5652 1722 5727 proprium
1748 5663 1862 5721 regem.
