3990 6184
11 241 17 278 ζ
114 193 179 252 laer
324 160 326 164 ’
575 189 738 284 annueret
756 187 904 250 learns
921 185 1157 250 reenasnusrs
1176 195 1362 254 erismae.
1751 207 1820 266 lese

12 329 17 370 t
113 315 217 376 datum
232 315 493 393 patiaturlrestlle,
519 316 621 392 sicque
650 318 765 392 liquida
796 305 941 391 appareat
958 341 981 394 Α
996 327 1055 390 que
1071 315 1210 374 collatam
1224 318 1281 376 sibi
1294 318 1436 378 divinitas
1450 321 1593 394 pontilicii
1615 324 1821 390 excellentiam

11 451 12 456 1
113 409 202 464 vestri
216 407 461 480 consanguinitas
475 421 547 478 erga
563 423 593 464 se
606 409 712 481 quanti
724 407 831 465 valeat.
850 411 939 464 ttam-
993 422 1048 480 par
1061 411 1106 464 est
1121 407 1259 465 coronari
1271 425 1325 482 per
1338 411 1557 484 compassionis
1566 412 1766 478 clementiam.

488 737 835 826 rerrrlrurau
879 713 1179 824 anniterer
1220 739 1455 828 laneus

646 918 784 990 (marm,
797 919 936 976 Aaatect.
948 932 1017 974 nor.
1031 916 1113 988 edit,
1126 931 1196 992 pag.
1211 921 1286 988 437.)

114 1211 164 1268 llic
180 1209 316 1283 Ellingcri
331 1215 497 1268 noscuntur
511 1212 649 1269 membra
663 1212 766 1283 teneri,
961 1214 981 1268 B
996 1215 1157 1285 Nunquam
1172 1225 1227 1284 pre
1239 1211 1355 1268 Christe
1368 1211 1419 1270 teli
1432 1228 1555 1272 caruere
1569 1214 1716 1286 ministro,

150 1302 205 1369 Qui
220 1317 289 1360 cum
301 1301 416 1374 justitia
430 1305 585 1376 respuerat
597 1302 677 1359 sitia.
1033 1301 1118 1367 Quod
1131 1300 1280 1374 populum
1292 1300 1386 1370 latuit,
1401 1301 1455 1360 sed
1470 1302 1596 1360 Domino
1610 1305 1715 1378 peterit.

11 1429 12 1440 ,
115 1389 242 1450 lloribus
255 1391 401 1450 abbatum
416 1391 528 1449 sanctis
541 1391 689 1448 decorans
705 1391 905 1460 dominatum,
997 1393 1033 1446 Ut
1042 1389 1214 1448 dilexissent
1228 1389 1313 1446 illum
1327 1389 1491 1465 plusquam
1501 1391 1680 1464 timuissent,

150 1483 225 1540 Cum
237 1481 345 1556 pietate
358 1481 452 1556 patrie
464 1481 623 1556 prefuerat
635 1481 804 1538 monachis.
1032 1479 1163 1536 Blandus
1172 1479 1326 1554 discipulis
1346 1481 1390 1538 eic
1401 1480 1457 1540 luit
1465 1497 1501 1540 ac
1514 1481 1645 1542 lamulis.
1768 1475 1772 1482 ’

10 1607 12 1640 ,
114 1569 250 1642 Pervigill
265 1585 337 1628 cura
353 1569 418 1628 tulit
430 1569 553 1628 asseclis
568 1569 704 1627 nocitura
721 1585 728 1626 τ
998 1567 1117 1626 Nullum
1131 1569 1298 1638 damnavit,
1315 1586 1408 1643 quem
1417 1571 1531 1643 judicio
1546 1571 1698 1646 superavit
1713 1591 1721 1632 z

152 1659 342 1717 laetificando
362 1660 475 1734 probos
491 1659 634 1732 corripuit
648 1659 803 1733 reprobos.
1032 1658 1130 1716 solere
1145 1659 1286 1731 masiliis,
1302 1661 1482 1720 commodus
1496 1661 1623 1720 auxiliis.

116 1747 235 1806 instruit
244 1749 388 1822 exemplis
400 1753 525 1807 cunctos
541 1749 703 1824 plusquam
730 1749 918 1806 (iocumentis
935 1767 942 1805 :
998 1746 1117 1816 tlundo,
1127 1747 1203 1804 dum
1218 1747 1300 1816 vixit,
1317 1765 1349 1805 se
1360 1765 1415 1823 pre
1426 1749 1553 1808 Domino
1568 1749 1724 1824 crucifixit,

151 1837 251 1896 Pravis
270 1835 407 1908 difficilis,
419 1837 542 1898 mitibus
556 1843 585 1896 et
599 1837 703 1896 lacllls.
1033 1835 1159 1894 Gestaris
1173 1849 1260 1892 arma
1274 1837 1370 1894 mucis
1383 1838 1449 1896 talis
1464 1853 1567 1896 amere
1581 1839 1677 1897 duds.

10 1965 12 1998 3
115 1928 416 2002 llundumdespexit,
431 1929 504 1986 dum
520 1929 767 2002 carnispondera
783 1929 871 1997 vexit,
999 1924 1255 1982 bocennaium
1269 1925 1403 2000 prudens
1416 1929 1660 2001 pectorevivrun,

152 2017 276 2074 Calceus
289 2034 378 2075 carne
393 2018 501 2090 solum,
518 2023 617 2074 mente
631 2017 759 2090 petendo
774 2017 889 2090 polum.
1034 2012 1097 2069 Hoe
1115 2013 1173 2070 albi
1185 2013 1345 2084 coauguos
1358 2014 1470 2074 tmere
1484 2016 1622 2088 irriguos.

113 2105 181 2178 iugi
196 2107 359 2164 multarum
373 2123 404 2164 se
419 2105 500 2164 lonte
513 2106 600 2162 luens
615 2105 831 2180 lacrymarum,
998 2101 1172 2159 fornicibus
1182 2102 1295 2175 piatam
1307 2103 1359 2178 qui
1371 2105 1503 2176 jusserat
1514 2105 1564 2164 hie
1591 2105 1655 2166 lore
1676 2110 1825 2181 cryptam,

150 2197 214 2252 llox
228 2193 301 2251 tretis
320 2193 414 2252 oculis
427 2195 554 2252 allueret
567 2194 698 2270 populis.
1034 2195 1076 2250 Ac
1092 2193 1150 2248 sibi
1161 2192 1290 2250 dcinam
1305 2194 1451 2252 comburit
1460 2195 1629 2256 eeclesiam.

115 2284 358 2358 Sprevitdivilias
377 2327 383 2340 .
401 2330 407 2342 .
426 2327 433 2341 .
452 2329 458 2341 .
475 2290 578 2360 utpote
592 2285 709 2343 delatas
999 2283 1051 2339 iiie
1064 2297 1181 2338 memor
1195 2282 1344 2356 inprimis
1358 2289 1520 2357 perarante
1532 2284 1653 2356 amede
1661 2283 1740 2356 finis,

148 2373 244 2431 Laetos
253 2373 340 2446 cujus
359 2391 432 2450 opes
445 2375 641 2450 praestiterant
653 2375 768 2448 inopes.
1034 2371 1166 2428 (nimina
1179 2372 1222 2428 sic
1236 2371 1355 2430 domuit
1366 2389 1492 2448 carpere
1507 2373 1581 2436 dum
1595 2374 1700 2446 danii.

114 2463 210 2536 Hujus
225 2463 384 2521 contritam
395 2463 542 2521 dederant
551 2463 668 2536 ieiunia
681 2463 782 2520 uitam.
999 2464 1073 2518 Pace
1088 2465 1266 2518 coronatum
1280 2461 1346 2519 coeli
1361 2464 1548 2536 requiescere
1559 2465 1676 2538 flauam,

150 2553 278 2625 Largam
292 2553 469 2611 muneribus
479 2551 594 2627 oppido
605 2552 799 2626 pauperibus.
1035 2553 1169 2608 Lectoroe
1181 2551 1321 2626 precibus
1336 2553 1449 2626 poscite
1459 2554 1658 2630 supplicibus.

113 2726 1824 2788 &m

791 2907 861 2949 lm
880 2907 985 2949 uetuit
1004 2907 1147 2952 emutuit.

594 3081 1348 3232 UDALRICUS

765 3323 883 3380 ABBAS
901 3322 1170 3380 TEGERNSENSIS.

523 3613 929 3738 UDALRlCl
981 3611 1416 3736 EPISTOLAE.

401 3827 512 3898 (Edidit
533 3831 564 3886 R.
586 3831 613 3884 P.
640 3825 808 3886 Bernardus
826 3829 926 3884 Pezrus
947 3827 1095 3886 Thesauri
1111 3825 1256 3886 Accedet.
1279 3839 1348 3883 aaa.
1369 3827 1402 3894 t,
1425 3839 1445 3894 r,
1468 3825 1543 3896 228.)

522 4143 542 4196 t.
793 4193 801 4212 ,
965 4135 1170 4194 cmiserabile
1181 4151 1216 4192 ac
1230 4131 1438 4208 lacrymabile,
1450 4145 1546 4206 quam
1568 4129 1669 4206 plures
1692 4129 1830 4204 ejusdem

119 4233 168 4290 dd
179 4233 215 4290 Ρ.
231 4233 264 4304 [i.
280 4231 338 4302 leg.
350 4231 387 4288 N.
399 4231 543 4287 nam
554 4243 599 4300 cp.
612 4228 758 4302 Felsina}
769 4228 949 4300 mana,
1000 4225 1108 4302 populi
1120 4224 1228 4284 exhoc
1241 4223 1352 4282 seculo
1373 4221 1519 4296 migrasse
1547 4219 1612 4279 sine
1637 4225 1831 4296 peccatorum

155 4323 295 4395 adquam
307 4321 471 4378 Haterium
486 4319 638 4387 clericam,
659 4320 822 4376 mullorum
852 4318 949 4374 crimi-
1003 4313 1190 4372 confessione
1207 4317 1236 4371 et
1256 4313 1371 4386 absque
1398 4309 1498 4370 viatici
1521 4307 1745 4384 communione,
1774 4327 1831 4369 nec

156 4429 228 4470 eam
243 4427 327 4468 reum
339 4409 448 4480 desert,
460 4411 544 4480 eique
560 4407 594 4464 G.
610 4409 786 4466 coactricem
802 4407 904 4478 suffici
917 4406 949 4464 ie
1002 4404 1164 4464 mactem
1176 4405 1208 4461 in
1219 4401 1391 4478 sepeliendo
1406 4400 1469 4458 sine
1482 4401 1654 4460 animarum
1676 4415 1832 4460 commen·

155 4501 329 4573 parochiali
342 4513 465 4556 manere
478 4503 576 4570 repat.
1003 4495 1133 4552 datione.
1150 4493 1226 4561 Quia
1240 4507 1383 4550 veronen
1397 4491 1496 4548 solum
1508 4491 1550 4548 rei
1565 4495 1635 4548 sunt
1648 4488 1829 4564 quitaciunt,

157 4594 187 4648 P.
199 4594 327 4668 cunctos
351 4587 510 4646 coronanti
533 4585 692 4662 pontificae
718 4589 830 4646 nostre
856 4583 950 4642 etatis
1004 4583 1058 4642 sed
1071 4584 1123 4660 qui
1137 4582 1328 4642 consentiunt
1344 4580 1533 4649 iacientibus,
1555 4583 1645 4651 atque
1672 4577 1712 4634 ad
1737 4575 1833 4649 magi·

122 4679 292 4740 maturitate
306 4677 533 4753 sapientissima
546 4677 675 4752 pietatis,
694 4679 726 4734 V.
753 4675 877 4733 infirnus
897 4675 951 4732 ab·
1005 4675 1099 4734 mum
1114 4671 1235 4748 respicit
1247 4669 1431 4748 quidqnida
1456 4661 1613 4740 discipulis
1638 4665 1830 4739 delinquitur,

122 4771 239 4840 batum,
256 4769 382 4826 coelestis
401 4769 490 4826 curiae
504 4773 652 4826 senatum.
1006 4779 1061 4836 pro
1074 4762 1184 4820 atibus
1199 4760 1338 4818 dolemus
1357 4753 1544 4826 negligentiis
1559 4758 1753 4828 peccatorum
1777 4767 1832 4810 no·

160 4863 271 4918 Nostrae
283 4858 389 4916 ditioni
407 4857 548 4914 clericum
568 4857 727 4915 {laberium
754 4855 951 4928 nselmum,
1005 4851 1052 4908 bia
1063 4849 1246 4910 accumulari
1260 4853 1469 4917 augmentum,
1484 4847 1677 4918 vestramque
1694 4859 1833 4900 veremur

124 4949 226 5008 multis
254 4949 458 5023 comperimus
486 4947 661 5004 criminibus
686 4943 951 5015 commaculatum,
1007 4941 1193 4999 sanctitatem
1209 4934 1332 5010 aliquod
1350 4933 1432 4992 obid
1460 4933 1522 5006 pati
1542 4933 1651 4990 animae
1672 4932 1835 4990 detrimen-

125 5045 228 5098 etnon
239 5037 482 5096 minuslacinore
496 5034 699 5093 fascinationis
715 5031 954 5092 loreexseerabi·
1006 5035 1082 5087 urm.
1099 5026 1243 5096 Quocirca
1255 5039 1318 5091 vos,
1349 5021 1539 5078 dilectissime
1565 5025 1658 5090 Pater,
1686 5019 1835 5094 supplices

122 5130 291 5204 tamquam
309 5124 828 5198 inlamiaadulteriivituperabilem.
842 5125 883 5180 Ex
896 5122 954 5178 hoc
1008 5117 1218 5188 efflagitamus,
1233 5115 1382 5187 quatenus
1404 5112 1502 5167 vestro
1525 5110 1671 5168 canonico
1698 5112 1730 5166 G.
1755 5109 1835 5165 hanc

125 5219 250 5294 quidem
275 5217 357 5275 haud
383 5218 559 5289 ignoramus
590 5213 646 5270 sibi
676 5213 839 5271 commisso
872 5211 956 5283 gregi
1009 5205 1320 5264 ecclesiasticamcum
1341 5203 1445 5258 nostra
1464 5199 1577 5257 lamilia
1600 5197 1836 5256 curaminterim

125 5309 334 5384 exemplorum
349 5307 545 5364 aedificatione
560 5303 634 5362 nihil
647 5303 727 5360 hunc
740 5303 895 5378 prodesse,
907 5317 956 5357 ve·
1010 5293 1238 5366 commendetis,
1265 5291 1368 5366 quoad
1396 5293 1501 5347 vesca
1529 5289 1613 5346 vocis
1640 5287 1837 5346 collocutione

126 5417 194 5456 rum
209 5415 332 5456 suorum
363 5395 500 5454 anfractu
527 5410 662 5452 errorum
678 5393 805 5449 multum
836 5392 955 5460 obesse,
1010 5389 1144 5444 nostram
1159 5381 1351 5458 praesentiam
1364 5378 1527 5450 laetificetis,
1543 5383 1596 5435 aut
1610 5379 1708 5436 donee
1722 5378 1753 5433 in
1774 5393 1839 5432 ves-

128 5489 328 5562 universaque
340 5487 405 5558 lege
421 5483 634 5542 Christianismi
648 5487 737 5556 atque
760 5480 856 5552 gratia
882 5481 956 5553 bep-
976 5481 1057 5554 ptro
1072 5473 1210 5550 synodali
1225 5471 1345 5529 decreto
1356 5468 1524 5542 dijudicetis
1538 5468 1613 5542 quid
1635 5468 1673 5526 de
1705 5467 1763 5526 hoe
1790 5481 1840 5524 ue-

128 5577 218 5650 tismi,
232 5593 287 5636 nec
301 5593 363 5635 non
374 5575 463 5634 etiarn
474 5589 532 5648 pru
545 5575 608 5630 suis
621 5571 825 5648 culpiscarere
836 5569 956 5645 plebem
1012 5566 1093 5638 gotio
1108 5561 1292 5622 certitudinis
1305 5559 1449 5617 statualis.
1462 5561 1597 5632 Namque
1622 5556 1761 5615 institutis
1778 5573 1840 5614 ves·

127 5669 291 5728 missarum
303 5667 482 5725 celebritate.
497 5667 572 5721 Nam
586 5665 643 5721 hoc
656 5663 792 5730 relertm,
807 5660 890 5735 quod
907 5663 954 5717 est
1007 5665 1059 5716 trae
1071 5655 1200 5714 nimium
1222 5649 1402 5712 venerandae
1427 5649 1612 5726 paternitatis
1640 5647 1671 5707 in
1697 5645 1840 5706 omnibus

379 5757 500 5812 Parnon.
521 5753 607 5810 Cliti.
1593 5738 1627 5794 tt
