4002 6174
110 144 150 202 tat
496 188 498 192 ‚
839 127 1080 210 manumetis*
1744 153 1798 212 aaa

112 263 254 340 quamibet
267 259 478 336 symphoniam
490 261 632 336 incipient
641 267 670 320 et
682 262 914 334 decantent,mi-
927 263 952 317 A
972 267 1094 321 acutum
1109 269 1138 322 et
1156 272 1369 340 superacutum
1384 273 1485 328 tamen
1506 271 1633 330 univoce
1656 289 1798 334 resonare

111 354 214 422 raberis,
230 355 254 408 te
268 349 388 408 easdem
403 366 492 408 voces
504 349 627 408 diversis
639 349 913 416 locis,sedminime
969 352 1027 409 hoo
1040 354 1143 412 modo.

108 440 351 509 diversashabere,
374 441 576 514 eumdemque
601 446 725 500 cantum
749 455 873 514 gravem
886 444 914 496 et

256 644 557 752 superacutag:
645 642 804 752 ζεῖ
866 585 976 751 :U
1056 637 1068 666 ⁰
1138 580 1259 756 u:

307 847 406 900 Acutae
482 799 599 902 GU
631 863 659 903 a.

308 999 416 1055 Graves
503 1003 570 1054 ΓΑ.
633 1003 666 1055 A.
720 1003 786 1055 ΓΑ.
839 1003 873 1055 A.
943 1000 975 1054 Β.
1045 996 1066 1050 (1
1137 1002 1165 1055 B.
1235 1007 1259 1058 A
1331 999 1349 1046 Γ
1426 1008 1450 1059 A
1521 1001 1544 1052 A

504 1133 577 1189 Sum
626 1131 694 1218 mig
740 1148 771 1188 re
838 1131 884 1202 gis
942 1147 976 1189 ar
1016 1133 1094 1188 chan
1132 1148 1168 1204 ge
1232 1133 1259 1190 le
1325 1135 1366 1208 uit
1408 1138 1464 1194 cha
1517 1138 1552 1195 cl.

129 1302 194 1355 ltem
205 1298 230 1354 si
244 1299 384 1356 eamdem
413 1300 611 1374 antiphonam
625 1301 745 1375 tpartim
771 1299 914 1372 gravibus
935 1304 955 1358 Β
970 1302 1035 1374 ejus
1052 1317 1110 1358 vox
1123 1307 1253 1376 quatuor
1267 1301 1358 1361 habet
1372 1306 1479 1378 spatia,
1493 1313 1582 1368 acuta
1595 1326 1667 1367 vero
1687 1309 1754 1382 tria,
1769 1317 1802 1367 ut

99 1387 194 1460 partim
209 1387 306 1444 acutis
319 1389 401 1446 sonis
415 1389 591 1457 cantaveris,
617 1395 668 1447 aut
694 1389 915 1463 quantumlibet
969 1393 1034 1449 aii.
1051 1391 1082 1448 in
1097 1393 1128 1447 G.
1158 1393 1214 1447 iias
1242 1395 1301 1448 tres
1327 1394 1441 1466 species
1469 1398 1678 1471 symphonias,
1694 1397 1723 1454 id
1746 1404 1799 1466 est,

99 1475 225 1548 perhanc
241 1475 375 1549 speeiem
389 1478 560 1546 variaveris,
576 1479 801 1536 eademvocum
815 1479 915 1535 unitas
970 1495 1079 1537 suaves
1095 1495 1205 1536 vocum
1220 1482 1426 1556 copulationes
1448 1486 1620 1545 memineris
1635 1503 1699 1544 esse
1714 1503 1802 1545 voca·

100 1565 251 1638 apparebit.
282 1567 365 1624 Unde
387 1573 476 1641 poeta
501 1568 653 1626 verissime
679 1568 775 1626 dixit:
805 1575 914 1640 septem
969 1567 1150 1642 tas,quiain
1165 1567 1311 1642 diapason
1327 1569 1450 1628 diversas
1463 1591 1552 1632 voces
1571 1593 1667 1633 uuum
1682 1579 1800 1634 sonant.

99 1657 485 1730 nordmannorumque
499 1658 552 1716 atsi
567 1659 735 1732 pluressint
760 1658 805 1714 vel
829 1659 913 1730 dant,
969 1657 1110 1730 Diapontc
1125 1673 1197 1714 vero
1220 1664 1249 1715 et
1277 1660 1467 1718 Diatessarou
1496 1662 1679 1740 diaphoniae,
1689 1665 1722 1723 id
1746 1671 1800 1735 est,

99 1759 149 1800 uon
164 1748 206 1801 est
216 1744 346 1802 aliarum
357 1745 495 1818 adjectio,
505 1746 559 1803 sed
570 1747 723 1804 renovatio
738 1747 914 1805 earumdem
969 1747 1074 1816 organi
1085 1746 1154 1816 jura
1168 1747 1333 1821 possident,
1350 1754 1379 1806 et
1404 1767 1491 1807 voces
1516 1755 1679 1827 utcumque
1692 1753 1802 1812 similes

100 1839 122 1889 et
129 1833 266 1906 repetitio.
280 1837 340 1891 Hac
355 1850 411 1891 nos
425 1835 464 1892 de
479 1851 573 1893 causa
585 1853 691 1893 omnes
704 1853 795 1894 sonos
809 1853 914 1894 secun-
969 1833 1109 1891 rcddunt.
1123 1837 1223 1891 ronus
1237 1840 1337 1893 autem
1351 1837 1390 1894 ab
1408 1836 1586 1910 intonando,
1603 1842 1701 1912 idest,
1716 1859 1735 1900 a
1757 1859 1802 1900 so·

100 1922 161 1978 dum
169 1923 302 1980 Boetium
312 1928 341 1980 et
350 1923 489 1997 antiquos
501 1925 634 1982 musicos
647 1929 762 2000 septem
775 1926 876 1984 litteris
884 1927 916 1982 ti-
969 1921 1073 1978 nando
1089 1937 1200 1980 nomeu
1221 1924 1345 1996 accepit,
1370 1925 1423 1998 qui
1451 1927 1559 1999 maj0ri
1586 1929 1651 1986 voci
1679 1945 1798 1998 novem,

101 2011 268 2080 gruerimus,
288 2027 359 2068 eum
375 2012 511 2069 moderni
533 2014 658 2086 quidam
685 2014 774 2070 nimis
797 2016 915 2072 incaute
970 2009 1079 2068 minori
1093 2027 1162 2068 raro
1175 2017 1242 2070 octo
1269 2029 1380 2088 passus
1411 2015 1583 2073 constituit:
1610 2017 1802 2076 semitonium

100 2105 212 2171 quatuor
223 2106 344 2158 tanuun
357 2101 443 2172 signa
457 2108 633 2176 posuerunt,
649 2103 788 2178 quintum
813 2105 915 2162 videti·
970 2105 1070 2156 autem
1084 2104 1114 2156 et
1125 2101 1256 2170 ditonus,
1277 2102 1332 2159 etsi
1352 2119 1441 2160 voces
1455 2105 1484 2160 in
1515 2105 1652 2164 canendo
1678 2108 1802 2181 conjun-

102 2195 247 2246 corsanum
260 2189 373 2247 eodem
399 2191 512 2265 ubique
535 2193 707 2250 charactere
735 2193 915 2264 figurantes;
971 2192 1055 2258 gunt,
1071 2187 1250 2245 divisionem
1267 2193 1368 2246 tamen
1396 2191 1510 2249 nullam
1538 2193 1569 2250 in
1594 2195 1802 2253 monochordo

101 2295 158 2335 curn
170 2280 377 2338 indubitanter
387 2297 491 2338 verum
506 2283 552 2351 sit,
568 2283 790 2356 quodquidam
816 2286 883 2342 soni
899 2303 917 2343 a
970 2279 1126 2351 rccipiunt·

102 2369 151 2424 suis
161 2369 281 2442 quintis,
300 2374 334 2427 ut
347 2373 377 2428 B.
392 2377 421 2428 et
434 2373 463 2428 F.
481 2371 605 2428 omnino
627 2372 808 2442 discordent,
819 2375 916 2431 nullu·
1293 2370 1408 2426 CAPUT
1423 2373 1480 2427 1111.

101 2472 162 2528 sque
183 2475 277 2516 sonus
298 2475 366 2515 cum
382 2475 437 2516 suo
464 2460 570 2534 quinto
595 2462 724 2534 perfecte
745 2463 915 2522 coneordat.
1041 2460 1086 2515 De
1099 2459 1193 2514 modis
1208 2465 1339 2530 quotuor
1352 2465 1379 2516 et
1393 2461 1595 2530 affinitatibus
1614 2479 1728 2522 cocum.

101 2545 171 2601 dulia
184 2547 263 2604 enim
274 2564 337 2604 vox
352 2564 423 2605 cum
436 2547 530 2606 altera
542 2555 649 2624 practer
673 2553 809 2609 octavam
823 2551 918 2626 peria·
1008 2547 1082 2604 Cum
1093 2551 1194 2603 autam
1209 2551 1323 2620 septem
1338 2547 1505 2618 sintvoces‚
1520 2550 1603 2624 quia,
1615 2556 1648 2609 ut
1657 2553 1800 2625 diximus,

102 2637 139 2690 cte
150 2635 322 2693 concordat.
937 2633 1048 2721 calice,
1064 2633 1094 2690 id
1109 2640 1162 2700 est,
1176 2640 1289 2690 octavae
1312 2651 1402 2692 voces
1427 2643 1497 2692 sunt
1517 2639 1635 2710 eadem,
1661 2645 1801 2713 septenas

417 2730 528 2786 CAPUT
546 2731 590 2786 111.
973 2721 1082 2778 sufficit
1095 2721 1253 2794 explicare,
1267 2739 1335 2798 quae
1349 2724 1534 2782 diversorum
1542 2727 1714 2798 modorum,
1724 2727 1802 2785 etdi·

101 2814 917 2889 uediecionioasvocam.etinterpretationtoasecrum.
972 2827 1128 2867 versatum
1142 2815 1212 2867 sunl
1223 2811 1413 2884 qualitatum·
1430 2815 1545 2872 Primus
1556 2815 1665 2874 modus
1691 2831 1801 2874 vocum

130 2905 262 2960 ctaurem
271 2904 314 2960 de
327 2905 716 2964 divisionemonocirordiin
731 2908 920 2980 paucismul-
973 2908 1028 2972 est,
1045 2920 1113 2960 oum
1131 2919 1187 2960 vox
1201 2908 1272 2960 tono
1288 2905 1457 2978 deponitur,
1471 2913 1500 2965 et
1514 2911 1619 2965 tonoet
1634 2909 1801 2979 semitonio,

102 2993 340 3064 taperstringam,
353 3011 472 3070 semper
482 2995 632 3069 Diapason
647 2995 815 3054 duobusad
827 2997 918 3056 tinem
973 2997 1002 3049 et
1016 2992 1137 3050 duobus
1163 2993 1240 3052 tonis
1266 2994 1439 3066 intenditur,
1452 3001 1485 3055 ut
1498 3002 1532 3054 A.
1549 3002 1578 3054 et
1589 3000 1620 3055 n.
1648 2999 1804 3057 Secundus

102 3081 180 3152 equis
189 3083 444 3158 curritpassibus‚
460 3085 601 3157 diapente
610 3085 714 3152 tribus,
731 3088 919 3144 Dratessaron
973 3082 1083 3138 modus
1095 3086 1147 3148 est,
1160 3098 1230 3138 cum
1244 3099 1305 3143 vox
1318 3084 1438 3142 duobus
1450 3086 1526 3142 tonis
1534 3084 1669 3156 remissa,
1686 3087 1804 3144 semito-

101 3175 224 3242 quatuor,
239 3176 334 3229 tonus
349 3189 418 3229 vero
430 3187 549 3236 novem,
564 3173 617 3246 qui
631 3177 746 3246 quanto
770 3179 839 3230 sunt
853 3191 920 3248 pas·
973 3170 1024 3227 nio
1032 3175 1060 3227 et
1069 3168 1191 3226 duobus
1201 3171 1279 3234 tonis
1292 3172 1465 3240 intenditur,
1482 3179 1548 3231 utB.
1563 3181 1591 3233 et
1603 3179 1632 3233 E.
1642 3177 1804 3233 Tertiusest

102 3257 171 3315 sibus
181 3263 417 3330 numerosiores,
429 3266 513 3320 tanto
541 3265 611 3320 sunt
636 3261 732 3336 spatio
758 3263 917 3322 breviores.
973 3258 1094 3328 modus,
1110 3257 1162 3332 qui
1177 3259 1334 3318 semitonio
1349 3265 1377 3317 et
1400 3261 1520 3319 duobus
1536 3263 1613 3319 tonis
1639 3262 1802 3332 descendit,

102 3347 166 3405 Alias
175 3367 244 3408 vero
256 3351 424 3408 divisiones
434 3356 541 3425 praeter
555 3351 611 3409 has
629 3357 759 3425 quatuor
789 3353 920 3410 invenire
973 3347 1095 3405 duobus
1111 3364 1182 3405 vero
1198 3349 1277 3406 tonis
1287 3354 1316 3406 et
1326 3350 1633 3419 semitonioascendit,
1644 3355 1678 3408 ut
1690 3355 1720 3409 C.
1734 3355 1762 3408 et
1773 3355 1802 3408 F.

103 3440 276 3512 conpoteris.
291 3441 552 3515 Diapasonautem
565 3442 922 3515 interpretaturdeomai-
975 3439 1103 3504 Quartus
1121 3451 1193 3494 vcro
1211 3441 1283 3494 tono
1310 3437 1480 3512 deponitur,
1508 3440 1602 3511 surgit
1627 3445 1728 3497 autem
1752 3455 1805 3514 par

105 3525 156 3598 tas,
169 3529 227 3587 sive
253 3531 341 3604 quod
356 3547 461 3588 omnes
475 3530 587 3588 habeat
606 3546 694 3588 voces
709 3531 766 3588 sub
783 3549 827 3604 se,
859 3533 921 3591 sive
975 3526 1185 3584 duostonoset
1198 3527 1401 3596 semitonium,
1413 3532 1445 3584 ut
1456 3529 1511 3602 (13)
1534 3532 1565 3584 G.
1579 3531 1613 3586 Et
1627 3531 1707 3600 nota,
1722 3528 1805 3602 quod

105 3616 164 3688 quia
174 3619 340 3692 antiquitus
356 3619 475 3676 citharae
486 3623 553 3676 octo
572 3634 626 3693 par
640 3635 708 3678 eam
720 3620 923 3678 fiebantchor-
976 3633 1009 3672 se
1023 3631 1077 3690 per
1091 3614 1227 3672 ordinem
1238 3622 1416 3689 sequuntur,
1429 3621 1461 3672 ut
1476 3617 1591 3690 primus
1605 3617 1636 3674 in
1650 3623 1684 3674 A.
1701 3633 1805 3676 secuu-

105 3701 259 3764 diambae
274 3705 402 3780 quidem
416 3707 514 3780 specie
525 3707 659 3782 primaet
669 3707 787 3778 gravior
798 3707 922 3766 roxduo
976 3706 1033 3762 dus
1047 3705 1078 3760 in
1094 3708 1124 3760 B.
1140 3705 1241 3761 tertius
1255 3705 1287 3761 in
1302 3709 1331 3764 G.
1349 3711 1420 3764 item
1435 3707 1550 3780 primus
1565 3707 1594 3766 in
1609 3710 1641 3765 D.
1655 3708 1805 3765 secundus

105 3789 299 3868 habetspatia‚
314 3799 403 3852 acuta
417 3813 475 3852 vox
488 3811 593 3858 unum,
608 3801 641 3852 ut
654 3795 693 3852 ab
703 3803 737 3852 A.
753 3797 793 3854 ad
808 3815 835 3854 a.
859 3797 923 3855 Dia·
976 3795 1008 3852 in
1020 3797 1051 3852 E.
1068 3794 1170 3850 tertius
1181 3794 1211 3849 in
1223 3797 1251 3850 F.
1264 3801 1389 3868 quartus
1401 3796 1432 3852 in
1455 3799 1486 3853 G.
1513 3801 1645 3871 itemque
1656 3801 1728 3854 nota
1750 3798 1805 3854 has

105 3884 296 3950 pentedicitur
310 3885 348 3942 de
361 3887 491 3958 quinque
499 3898 511 3956 ,·
526 3890 596 3941 sunt
608 3885 688 3940 enim
702 3885 733 3941 in
744 3886 809 3956 ejus
826 3887 922 3959 spatio
977 3899 1087 3940 vocum
1103 3882 1263 3940 affinitates
1277 3900 1331 3957 per
1344 3883 1533 3941 diatessaron
1548 3890 1576 3942 et
1590 3885 1729 3959 diapente
1738 3901 1806 3943 oon-

105 3985 178 4028 rores
190 3977 339 4048 quinque,
358 3978 467 4032 utel).
483 3975 514 4032 in
538 3991 566 4031 a.
584 3974 641 4032 Sed
657 3974 755 4046 gravis
779 3976 843 4046 ejus
865 3993 924 4032 vox
978 3977 1128 4030 structas:
1158 3975 1191 4028 A.
1208 3972 1287 4028 enim
1316 3972 1355 4030 ad
1368 3977 1400 4040 D,
1417 3977 1445 4030 et
1459 3977 1489 4029 B.
1502 3973 1540 4030 ad
1554 3977 1584 4045 E,
1596 3979 1625 4030 et
1637 3977 1666 4032 G.
1682 3975 1721 4030 ad
1737 3977 1766 4042 F,
1778 3978 1806 4030 et

104 4059 146 4116 tria
160 4062 246 4121 habet
261 4064 373 4138 spatia,
391 4069 479 4120 acuta
492 4064 563 4120 duo.
579 4063 769 4120 diatessaron
785 4069 872 4122 sonat
887 4066 924 4122 de
978 4066 1010 4120 Ι).
1026 4062 1066 4118 ad
1078 4063 1109 4130 G,
1126 4077 1144 4117 a
1169 4061 1311 4131 gravibus
1339 4062 1536 4133 diatessaron,
1551 4062 1590 4119 ab
1617 4063 1712 4120 acutis
1735 4079 1805 4120 vero

104 4159 216 4218 quotuor
226 4169 237 4220 ,·
252 4171 329 4211 nam
342 4159 370 4210 et
384 4155 475 4212 habet
493 4158 624 4226 quatuor
638 4169 737 4225 voces,
762 4157 790 4210 et
805 4155 923 4224 gravior
977 4154 1118 4227 diapente
1133 4152 1199 4223 conj
1205 4152 1325 4223 ungitur
1335 4153 1393 4209 hoc
1405 4153 1497 4210 modo
1512 4171 1519 4210 :

729 4321 964 4378 diatessaron
1319 4320 1526 4394 Diaponte

442 4589 451 4896 Ι
591 4641 825 4701 Diatessaron
1181 4642 1389 4720 Diaponte

886 4761 891 4873 Ι

455 4967 690 5027 Diatassaron

174 5237 180 5370 i
323 5288 559 5347 Diatessaron

254 5403 626 5547 i÷tti
779 5411 1188 5545 itttttt

176 5587 411 5676 ‘Am-B.
540 5588 571 5642 G.
691 5587 724 5640 D.
849 5587 879 5640 E.
1003 5585 1033 5642 F.
1157 5587 1189 5644 G.
1335 5628 1341 5642 .

130 5699 389 5773 (intumuit).
404 5705 435 5759 et
451 5704 483 5760 G.
499 5716 536 5760 ex
552 5717 636 5776 seqq.
