4002 6174
79 111 123 164 til
412 112 454 167 ET
474 109 647 168 tanaim
665 105 959 168 asceamaaltltc.
979 107 1071 166 PARS
1089 111 1229 168 abraae
1249 113 1415 170 aaudiat.
1719 123 1772 180 tta

515 235 679 292 ANNALES
699 230 1067 302 ouantiussultcausas.
1091 235 1123 290 Α.
1145 239 1311 294 teat-1025.

75 343 160 402 efficio
172 345 337 414 ordinatus,
355 347 483 418 Eghardi
507 347 888 422 Bragensisccclesiuepi·
907 345 1271 422 tsistena,uogi1nuam
1294 353 1445 420 convenit,
1461 359 1667 429 praesenteque
1679 355 1772 430 imps-

74 435 133 508 copi
156 434 216 492 vioe
239 437 391 505 successit,
406 437 517 512 aliique
534 441 733 513 quamplures
754 440 794 498 ud
818 456 890 498 cun-
942 437 1047 494 rutiles
1071 441 1249 512 Cunigunda
1273 442 1437 517 omniaque
1461 443 1502 500 ad
1516 444 1581 502 haee
1596 446 1772 518 pertinentia

73 524 135 582 dam
155 525 282 582 ordinati
311 526 469 596 honorem,
497 529 610 602 quibua
636 535 741 588 saneta
762 530 890 588 ecelesia
942 525 1077 596 honeste,
1103 534 1134 587 ut
1154 529 1263 600 decuit,
1283 531 1522 598 administrante,
1539 533 1696 606 aproelato
1710 534 1772 608 epi·

72 613 141 672 mus
159 614 296 672 hmiutc
319 621 421 674 manet
442 617 591 694 subnixa;
617 635 695 692 quos
710 619 890 678 nominatim
942 629 1035 686 scopo
1050 616 1107 672 sub
1121 617 1216 676 multo
1234 619 1304 678 cleri
1315 623 1497 694 senatusque
1512 621 1773 678 couventubouo-

71 703 258 775 perstringere
270 703 397 776 longum
411 704 538 764 videtur.
941 718 974 760 re
987 705 1071 774 regio
1081 703 1267 764 benedicitur
1277 725 1312 765 ac
1326 713 1495 768 coronatur.
1511 708 1583 765 inde
1594 723 1773 783 progressus

105 795 175 848 loti.
190 795 261 848 Post
274 793 338 850 brec
348 793 512 867 imperator
519 795 644 852 diversis
655 796 810 854 doloribus
825 813 891 854 cru·
942 808 1004 860 rex,
1021 809 1081 850 una
1096 795 1256 854 comitante
1268 798 1381 868 regina.
1395 802 1582 870 Neomagum
1596 798 1771 869 deveniunt,

69 879 166 950 clatus,
194 880 300 938 eodem
328 881 395 939 loco
423 882 528 942 crebra
558 883 730 942 infirmitate
758 885 890 942 diutinas
943 881 1044 954 ibique
1068 882 1245 956 aliquandiu
1272 886 1428 956 demorati,
1447 893 1553 960 postea
1574 885 1771 944 occidentalia

68 969 204 1042 protraxit
219 987 329 1040 moras,
344 973 566 1046 resumptisque
581 973 705 1030 demum
717 979 786 1050 post
803 981 890 1034 tantae
941 976 1136 1044 peragrantes
1155 973 1231 1042 100³,
1247 974 1447 1032 Flt’lhfflssam
1468 975 1643 1050 Plaetlafflm
1669 975 1771 1032 subin·

69 1057 233 1130 gravedinis
261 1059 373 1116 molem
398 1061 491 1118 animi
504 1061 624 1125 viribus,
640 1063 729 1120 citato
749 1079 850 1133 eursu,
866 1061 890 1118 si
943 1063 1037 1128 trant;
1053 1059 1105 1116 ubi
1117 1059 1319 1134 imperaliales
1333 1061 1400 1118 tiliae
1414 1079 1450 1120 ae
1465 1079 1591 1134 sorores,
1605 1064 1715 1138 Sophia
1729 1061 1770 1120 vi·

65 1149 95 1204 id
113 1147 191 1222 quod
207 1153 275 1206 voto
289 1149 383 1206 tenuit
407 1150 514 1207 effectu
530 1151 633 1224 perfici
648 1152 751 1224 possit,
767 1153 889 1208 Parthe-
942 1147 1047 1204 delicet
1061 1152 1089 1204 et
1108 1148 1284 1218 adelheida,
1300 1151 1374 1208 ltetae
1390 1157 1559 1220 occurrunt,
1575 1151 1769 1224 laetioresque,

66 1236 193 1312 nopolim
207 1237 248 1294 ire
263 1237 398 1295 instituit.
412 1238 544 1296 Tandem
557 1245 626 1314 post
638 1240 763 1312 longam
777 1241 889 1298 dclibc-
942 1235 982 1291 uli
992 1236 1042 1306 jus
1053 1237 1315 1308 consanguineum
1324 1243 1471 1310 exegerat,
1481 1239 1589 1296 ambos
1595 1239 1770 1312 suscipiunt.

66 1327 218 1397 rationem,
245 1327 388 1384 laboriosi
415 1327 526 1385 itineris
552 1329 725 1387 difficultate
754 1347 888 1402 emensa,
943 1325 1013 1382 inde
1022 1328 1227 1383 trutmoniam
1238 1327 1712 1400 pervenientes,convenientibus
1722 1325 1775 1383 ibi·

65 1415 142 1470 diem
156 1415 328 1488 palmarum
352 1415 384 1472 in
404 1416 472 1473 loco
488 1417 607 1473 atstede
621 1419 699 1475 dicto
719 1418 821 1475 festive
836 1433 888 1490 pe·
942 1413 1012 1469 dem
1027 1414 1262 1472 occidentalibus
1278 1416 1429 1489 episcopis
1456 1432 1491 1474 ac
1513 1414 1707 1488 primoribus,
1724 1413 1775 1471 ali-

64 1503 154 1574 rcgit;
170 1503 217 1560 die
230 1520 299 1560 vero
315 1505 572 1575 reconciliationis,
588 1506 721 1577 exigente
737 1507 890 1564 iufirmita-
941 1506 1090 1574 quantum
1106 1503 1249 1576 temporis
1268 1509 1426 1576 peragunt.
1442 1504 1514 1560 inde
1528 1504 1713 1562 diddensem
1727 1519 1774 1560 ur-

65 1592 98 1647 tis
117 1591 289 1662 gravedine,
301 1597 416 1650 remota
431 1610 449 1650 a
462 1609 493 1650 se
508 1611 576 1667 quse
598 1600 776 1653 convenerat
790 1596 887 1661 turba,
942 1591 1022 1662 bem,
1038 1591 1148 1650 testum
1171 1593 1315 1651 dominici
1337 1594 1445 1652 naulis
1464 1594 1652 1665 celebraturi,
1667 1609 1775 1652 conve-

64 1680 165 1752 paucis
187 1695 290 1738 secum
313 1682 537 1751 comitantibus,
554 1683 585 1738 in
605 1684 800 1754 nuwanburg
812 1685 889 1757 (till)
905 1693 929 1750 Β
943 1679 1039 1737 aiunt.

63 1784 180 1826 coenam
207 1770 324 1826 bomini
346 1786 401 1828 nec
426 1787 489 1828 non
513 1787 696 1846 parasceven
708 1775 827 1846 egregie
840 1789 888 1832 ce-
980 1773 1060 1826 1025.
1078 1769 1258 1844 Epihaniam
1274 1769 1391 1827 bomini
1404 1771 1486 1844 apud
1499 1771 1775 1830 Patharbumenses

61 1857 196 1916 lebravit.
213 1859 245 1914 ln
266 1859 395 1917 sabbato
420 1877 492 1932 crgo
507 1865 619 1930 sancto,
637 1867 789 1920 contrecto
801 1879 888 1921 sena·
942 1859 1045 1916 festive
1066 1859 1200 1928 ducunt;
1228 1859 1321 1916 multa
1336 1859 1493 1934 disposuit.
1521 1861 1686 1934 Postposita
1700 1875 1772 1931 crgo

61 1951 108 2002 tus
124 1953 285 2019 conventu,
297 1949 453 2006 contectali
477 1967 535 2007 sue
558 1951 737 2023 cunigunda
763 1969 824 2010 una
838 1969 888 2009 co-
941 1947 1026 2006 omni
1054 1947 1196 2006 dilatione
1222 1963 1412 2021 progressus,
1440 1949 1555 2020 insigne
1579 1948 1673 2006 decus
1699 1949 1773 2022 (310)

60 2035 197 2102 mitante,
227 2037 465 2108 Parthenopolim
501 2037 642 2095 adeundo
677 2041 820 2113 pervenit.
855 2045 888 2097 ln
943 2037 1226 2104 sanctimonialium,
1242 2037 1454 2107 Quedlingensi
1480 2037 1648 2110 metropoli,
1672 2036 1773 2094 celeri·

61 2124 249 2196 susceptione
278 2125 469 2198 imperatoria
495 2145 557 2201 qua
582 2129 756 2186 auctoritate
780 2133 889 2186 cuncta
942 2132 986 2185 ter
1001 2131 1152 2200 properat.
1169 2125 1239 2182 lnde
1249 2127 1411 2196 digressus,
1423 2126 1713 2200 parthenopolitanae
1721 2141 1772 2182 ur-

62 2217 130 2268 sunt
143 2212 195 2268 rite
209 2211 368 2286 disposita,
383 2215 544 2274 ordinatim
555 2233 714 2292 exponere,
730 2219 822 2290 longa
843 2223 889 2276 cst
942 2216 990 2274 bis
1006 2216 1156 2273 moenibus
1170 2215 1410 2288 purificationem
1420 2219 1531 2271 sanctu
1541 2215 1638 2272 haria
1653 2230 1775 2272 summa

62 2301 159 2356 series.
174 2303 280 2358 Verum
301 2303 461 2362 redeamus
476 2307 604 2364 adrem.
622 2307 774 2382 Siquidem
791 2308 888 2365 domi-
942 2304 1100 2378 perlicicns
1111 2303 1487 2373 diligentialtersburgum
1497 2302 1582 2359 letus
1590 2303 1772 2373 aggreditur.

61 2390 134 2445 nicae
149 2391 372 2448 resurrectionis
384 2393 497 2464 gaurfio
511 2395 618 2452 celebri
631 2397 745 2453 honore
756 2401 887 2470 peracto,
944 2391 1014 2448 lnde
1028 2407 1082 2464 per
1097 2391 1187 2446 urbes
1200 2395 1230 2446 ct
1243 2387 1309 2446 loca
1324 2389 1549 2464 provinciarum
1560 2390 1712 2462 proiectus
1727 2389 1773 2445 di·

63 2479 224 2550 imperator
236 2485 394 2552 augustus,
404 2482 444 2538 ab
460 2483 595 2556 ejusdcm
610 2485 668 2541 loci
679 2485 809 2542 antistite
824 2485 890 2542 auri
943 2497 1110 2546 versarum,
1125 2479 1263 2548 regiones
1288 2478 1444 2534 nationum
1466 2492 1528 2532 suae
1542 2477 1664 2533 ditionis
1679 2477 1775 2550 impc-

63 2566 285 2640 scricorumque
308 2569 448 2626 varietate
474 2571 638 2644 plurimum
664 2572 806 2640 donatus,
820 2572 889 2630 Hal-
944 2565 1695 2640 randosubjugavcrat.itesadmiraudanostrisque
1703 2570 1777 2622 tem·

62 2655 285 2714 verstadensem
316 2659 507 2732 metropolim
545 2660 587 2717 ire
620 2661 785 2722 contendit.
814 2665 890 2732 Ergo
945 2659 1070 2732 poribus
1095 2658 1285 2714 vehementer
1309 2654 1458 2728 stupenda
1487 2658 1503 2710 2
1528 2658 1603 2710 Nou.
1623 2652 1776 2712 Februarii

63 2743 177 2800 athletae
194 2745 267 2818 (308)
282 2747 377 2803 sancti
397 2749 540 2822 Stephani
554 2748 700 2820 regularis
714 2765 829 2806 normes
843 2766 890 2808 re·
945 2746 1081 2818 contigil;
1106 2745 1257 2819 siquidem
1282 2743 1327 2800 sol
1346 2743 1444 2802 eureis
1459 2741 1774 2816 inleclsssqffldflssll,

61 2831 218 2904 ligiositate
232 2834 340 2892 choros
355 2835 509 2904 ducentes,
522 2855 556 2895 ac
571 2839 637 2911 pari
650 2843 796 2896 concentu
811 2857 891 2913 quae·
945 2834 1019 2892 dum
1033 2834 1166 2892 mediam
1178 2833 1239 2907 poli
1250 2848 1351 2890 arcem
1366 2831 1442 2888 mira
1451 2831 1498 2888 sui
1511 2829 1679 2905 splendoris
1691 2829 1778 2890 eluri-

61 2938 117 2996 que
151 2920 308 2979 dulcisona
335 2925 474 2982 canendo
504 2926 607 2983 caesari
635 2933 774 2996 augusto,
801 2929 890 2999 regiae
945 2929 1004 2982 late
1018 2923 1220 2998 perfunderet,
1237 2921 1406 2980 subitosub
1422 2921 1713 2992 ternaliguravisus
1729 2925 1775 2980 est

62 3009 233 3068 adventanti
250 3011 326 3068 aulea
342 3012 423 3086 quali
443 3018 619 3087 quantoque
645 3016 827 3073 occurrerint
842 3015 890 3072 tri·
910 3040 931 3096 C
946 3012 1174 3086 lulsisse;quod
1184 3011 1319 3068 mirabile
1329 3010 1551 3085 prodigiumrei
1559 3015 1776 3084 eventupostea

59 3099 162 3171 pudio,
187 3098 310 3174 insuper
331 3101 421 3158 etiam
448 3102 583 3175 praeclari
608 3119 747 3176 proceres
772 3104 892 3162 militari
946 3106 1063 3158 constat
1072 3099 1244 3174 probatum.
1261 3101 1321 3155 Rex
1334 3097 1492 3155 dominicae
1504 3098 1727 3154 resurrectionis
1737 3099 1776 3156 le·

56 3189 121 3258 jure
147 3189 361 3263 protomartyri
387 3191 537 3263 Stephano
565 3193 725 3250 servientes
747 3210 810 3266 qua
825 3193 891 3250 dili·
946 3195 991 3248 sta
1003 3191 1034 3247 in
1049 3189 1166 3245 civitate
1183 3191 1316 3258 Augusta
1337 3185 1473 3261 paschali
1488 3185 1600 3258 gaudio
1616 3185 1778 3242 solenniter

58 3279 159 3341 sentia
169 3277 415 3336 victoriosissimo
424 3279 596 3353 imperatori
611 3281 745 3340 Heinrico
755 3284 891 3355 omnige·
945 3285 1009 3336 erat
1023 3277 1237 3334 celebraturus.
1264 3274 1376 3332 Eodem
1400 3289 1483 3332 anuo
1498 3273 1593 3330 fames
1610 3271 1775 3346 prevaluit,

62 3383 170 3442 narum
185 3365 339 3424 affluentia
353 3369 524 3426 divitiarum
537 3370 710 3428 assisterent
722 3372 892 3430 ministran-
946 3375 975 3426 ct
989 3368 1083 3424 multa
1106 3366 1173 3422 loca
1195 3364 1336 3422 incendio
1356 3364 1518 3438 perierunt.
1541 3363 1700 3420 Belidawo
1714 3362 1778 3420 dux

62 3455 116 3524 do;
135 3457 337 3530 quamquain
352 3457 484 3514 donariis
496 3459 559 3514 auri
572 3475 822 3535 gemmarumque
835 3462 891 3518 mi·
945 3455 1085 3527 Polonire,
1098 3455 1182 3511 obitu
1197 3453 1323 3512 Heinrici
1348 3451 1535 3526 imperatoris
1555 3451 1672 3522 augusti
1696 3467 1778 3509 com-

63 3561 91 3600 ra
115 3545 280 3602 baberetm
303 3547 428 3619 species,
444 3562 512 3620 quae
536 3548 728 3623 imperatoria
750 3551 892 3623 dignitate
945 3549 1040 3620 parto,
1056 3543 1151 3600 clatus
1166 3541 1268 3599 animo
1279 3541 1390 3598 viscere
1405 3545 1492 3597 tenus
1507 3540 1645 3614 superbae
1659 3555 1777 3598 veneno

63 3631 175 3689 ibidem
191 3637 308 3690 constat
320 3633 443 3705 donata,
454 3633 485 3690 iu
500 3635 641 3694 humanis
656 3639 806 3695 mentibus
817 3641 892 3714 (300)
947 3632 1143 3708 pertundilnr,
1158 3632 1234 3688 adeo
1246 3633 1280 3688 ut
1300 3633 1392 3686 uncto
1417 3629 1508 3686 etiam
1532 3629 1588 3686 sibi
1602 3628 1719 3702 imponi
1731 3643 1778 3686 co

63 3737 114 3778 uec
144 3721 319 3792 excogitari,
348 3739 403 3780 nec
429 3723 532 3780 litteris
555 3725 635 3782 valet
667 3727 891 3800 comprehendi.
946 3739 1053 3779 ronam
1067 3725 1179 3778 temere
1194 3720 1230 3776 sit
1241 3726 1414 3793 usurpatus.
1426 3719 1524 3784 Quam
1535 3717 1628 3774 animi
1643 3717 1689 3772 sui
1701 3732 1778 3788 prae·

63 3809 139 3874 Quid
151 3809 266 3883 plural
289 3813 413 3868 Remota
432 3813 617 3883 morositate,
633 3813 742 3870 Gosleri
758 3813 893 3885 aggredi·
948 3811 1130 3884 sumptionis
1146 3809 1305 3864 audaciam
1330 3808 1434 3864 divina
1459 3821 1531 3861 mox
1555 3805 1717 3860 subsecuta
1736 3808 1780 3859 est

63 3903 117 3966 tur,
134 3899 325 3973 peractisque
339 3899 412 3956 inibi
428 3901 534 3959 decem
550 3901 668 3969 dicbus,
686 3902 839 3976 quendam
853 3903 895 3958 lo·
948 3899 1029 3955 ultio.
1044 3901 1078 3952 ln
1092 3897 1175 3952 brevi
1190 3909 1323 3967 namque
1344 3895 1460 3949 tristem
1483 3891 1587 3947 mortis
1602 3889 1780 3946 sententiam

62 4005 129 4044 eum
145 3990 244 4045 Gronc
259 3986 373 4046 dictum
388 3989 490 4048 festive
506 3995 698 4064 approperat,
713 3990 816 4064 ibique
831 3991 896 4047 diu·
949 3986 1123 4061 compulsus
1138 3983 1225 4040 subit.
1239 3986 1310 4039 Post
1320 3983 1402 4036 hunc
1414 3979 1494 4035 filius
1506 3979 1572 4051 ejus
1588 3977 1712 4048 liisuka,
1727 3993 1780 4034 na·

62 4081 150 4133 tnrna
172 4076 350 4147 aegrimonia
372 4094 426 4151 per
450 4077 542 4150 longa
565 4083 735 4152 temporum
756 4079 896 4149 fatigatur
949 4081 982 4134 tu
1001 4075 1110 4147 major,
1126 4075 1199 4129 haut
1222 4069 1360 4127 dissimili
1386 4067 1528 4142 superbia
1550 4071 1680 4138 tumens,
1700 4067 1780 4124 virus

61 4165 425 4242 curriculalandcmque
436 4183 548 4225 amarae
559 4168 898 4242 mortisdeebriatuspo-
951 4163 1130 4235 arrogantiae
1144 4162 1233 4230 longe
1259 4160 1376 4232 lateque
1395 4156 1545 4214 diffundit.
1562 4157 1625 4213 ilex
1639 4173 1719 4228 vero,
1734 4155 1781 4214 di·

61 4255 138 4324 culo,
153 4255 241 4329 quod
265 4257 376 4314 summi
394 4257 595 4314 arcitenensis
620 4257 703 4315 dono
729 4263 896 4331 acceperat,
952 4253 1070 4329 spositis
1095 4250 1178 4325 apud
1202 4249 1363 4306 Saxoniam
1387 4248 1429 4306 rei
1451 4247 1579 4322 publiea
1594 4247 1780 4319 necessariis,

61 4345 423 4419 homiuedeposiracoeti
438 4347 536 4404 intulit
549 4347 670 4421 palatio.
682 4348 793 4405 nebim
806 4347 898 4405 llcbili
917 4341 1110 4439 Dlicenciam
1128 4340 1290 4410 ingramus,
1307 4335 1390 4410 allud
1406 4339 1572 4408 Auitum]
1595 4353 1677 4394 ¹1¹0ffl
1696 4336 1782 4407 regio

60 4435 277 4508 quaerimonia,
288 4435 461 4494 incredebili
472 4437 638 4510 frequentia
651 4437 897 4509 comitantejux-
952 4433 1067 4507 pascha
1081 4427 1249 4498 celebravit,
1264 4431 1354 4502 atque
1374 4441 1436 4484 non
1461 4425 1556 4484 mullo
1571 4431 1706 4500 poetpre
1719 4423 1783 4482 adi·

59 4529 87 4582 ta
114 4523 148 4581 id
179 4523 265 4597 quod
289 4524 354 4598 ipse
381 4525 563 4593 decreverat,
587 4524 829 4596 Bavenbergensi
851 4543 900 4583 ca·
952 4519 1098 4597 piscando
1120 4519 1233 4576 honore
1254 4515 1452 4590 imperialiae
1467 4517 1782 4582 Romanorumfflffl

58 4613 147 4670 stello
164 4611 308 4684 defertur,
324 4617 353 4670 et
376 4614 427 4687 qui
442 4614 528 4670 vivus
550 4618 660 4670 sauctae
686 4613 821 4670 Ecclesiae
836 4630 899 4672 ma·
952 4611 1067 4668 ltaliam
1090 4608 1197 4676 iturus,
1225 4606 1392 4665 triburiam
1417 4605 1552 4672 decente
1579 4602 1693 4674 ubique
1722 4598 1783 4656 aab

56 4717 160 4771 gnum
186 4699 321 4757 extiterat
341 4701 491 4773 solatium,
511 4706 655 4774 perpetuo
677 4703 839 4775 lugendus,
854 4703 899 4760 in-
951 4699 1046 4757 mullo
1060 4695 1165 4772 poptdi
1177 4700 1334 4765 conventu,
1344 4693 1490 4752 ordinatis
1504 4689 1726 4766 sapientissime
1736 4702 1784 4744 ra·

56 4789 144 4858 genti
158 4788 287 4858 honore,
303 4789 396 4846 mixto
407 4789 497 4846 edam
518 4787 589 4845 tletu
604 4806 639 4847 ac
657 4807 797 4859 mucrore,
814 4797 899 4849 terrm
952 4788 1020 4854 bus,
1032 4787 1087 4842 iter
1099 4783 1292 4852 destinatum,
1302 4799 1363 4839 una
1373 4781 1535 4837 comitante
1550 4777 1664 4847 regina,
1676 4789 1783 4846 aggre-

54 4877 240 4951 deponitur.
265 4881 352 4934 Facto
377 4884 479 4935 autem
500 4878 531 4934 in
557 4879 641 4936 brevi
666 4881 755 4938 totius
779 4886 900 4938 senalus
953 4877 1051 4944 ditur,
1067 4873 1220 4946 filiamque
1234 4871 1355 4928 unicam
1366 4869 1453 4924 unice
1463 4863 1738 4934 dilectam,dilactae
1749 4877 1785 4918 ac

55 4966 402 5038 conventutlouradus,
412 4965 525 5040 inclyta
540 4983 645 5039 regum
655 4970 900 5042 prosapiaortus‚
955 4965 1103 5038 adoptivae
1116 4963 1236 5018 sibimel
1244 4959 1349 5030 sorori,
1360 4954 1527 5014 adelheidae
1539 4952 1677 5009 videlicet
1688 4951 1786 5009 abba-

55 5057 88 5112 in
103 5071 244 5126 regnum
259 5055 385 5128 eligitur,
402 5061 492 5130 atque
517 5071 535 5114 a
556 5059 755 5128 llonguntinae
771 5058 901 5116 ecclesiia
955 5057 1048 5123 tissa,
1081 5050 1274 5109 nutriendam
1315 5047 1528 5104 transmittunt.
1563 5045 1628 5100 idox
1664 5058 1787 5118 quoque

56 5143 299 5218 archiepiscopo
322 5145 452 5202 aribone
474 5149 594 5219 uacttrs,
619 5152 791 5206 coronatur.
809 5151 902 5206 Parvo
955 5142 1084 5218 probato
1108 5140 1228 5196 domna
1256 5135 1395 5192 Beatricis
1417 5133 1563 5202 adventui
1582 5131 1708 5206 With
1731 5131 1789 5189 ¹⁵³¹·

55 5232 190 5290 &aaut
203 5231 361 5292 intervallo
372 5233 463 5292 affin
477 5233 580 5300 Gisila,
591 5233 735 5294 divinitus
750 5237 814 5310 jam
828 5251 904 5310 pree·
956 5229 1078 5306 periclis
1102 5225 1257 5284 abbatissa
1277 5221 1396 5280 liobae
1420 5221 1496 5294 (tlt)
1520 5237 1591 5278 cum
1609 5221 1673 5278 stris
1685 5235 1790 5278 occur-

55 5322 154 5392 lecta,
169 5323 261 5395 lussu
273 5328 302 5382 et
316 5323 513 5381 advocatione
527 5321 619 5394 regis,
635 5323 702 5398 ipso
716 5325 830 5383 ibidem
838 5341 905 5401 per·
958 5311 1482 5394 rens,laetaQuidelingaburgensem
1489 5312 1789 5388 metropolimsecum

100 5471 172 5532 (307
207 5465 514 5523 stomachatus.
1008 5466 1070 5607 3)οζ
1090 5455 1332 5518 [labricense.

100 5537 175 5608 (308
206 5537 255 5595 lta
269 5539 303 5594 L.
318 5535 358 5594 ad
371 5535 447 5593 tete
460 5551 485 5592 r.
1008 5539 1056 5592 alt
1090 5529 1221 5598 buibke,
1237 5524 1374 5584 llrubecls
1389 5523 1462 5583 citra
1476 5524 1729 5598 wernigerodam.

101 5611 176 5675 (309
197 5607 581 5681 !.needesaat,Leitnttio
591 5607 907 5665 monenteimerendc.
