4044 6184
93 203 116 261 tt
360 199 363 204 ’
582 183 820 253 HISTORIAM
839 183 928 251 liniti
946 187 1044 252 TRES.
1065 215 1099 238 Η-
1124 183 1189 254 llll.
1211 197 1256 254 lll.
1424 253 1428 260 ,
1745 191 1780 254 tt

92 319 203 384 niteam
223 317 387 390 ecclesiam
403 317 456 377 ubl
480 317 612 378 Christus
637 322 726 376 natus
752 321 804 388 est,
825 309 899 374 cum'
913 321 937 375 Α
950 317 1071 389 mentis,
1082 317 1111 377 et
1124 317 1219 378 multa
1233 317 1387 378 affluentia
1400 317 1525 392 argenti,
1542 314 1615 394 qula
1629 313 1660 377 in
1685 333 1780 378 manu

90 415 233 474 niterentur
255 409 415 479 destruere,
433 411 574 485 apparuit
601 409 643 466 eis
665 408 717 466 lux
740 407 896 481 fulgurans
950 423 1005 466 sua
1019 408 1173 467 abbatiam
1189 407 1321 468 habebat
1342 409 1654 485 emptamaWidona,
1669 422 1779 484 prope-

91 505 180 575 subito,
195 507 221 560 et
235 501 332 558 omnis
347 514 453 558 sorum
467 499 628 558 multitudo
642 515 784 558 corruens
797 497 896 572 exspi·
948 496 1026 555 ravit
1036 499 1104 556 anto
1114 497 1381 573 quadragesimam
1396 514 1467 556 cum
1479 495 1624 557 Wlllelmo
1636 499 1713 558 duce
1725 499 1780 557 llo-

90 597 158 665 ravit,
172 597 200 662 et
212 590 334 650 ecclesia
349 591 376 648 l*
390 591 501 648 intacta
514 589 666 649 remansit.
684 589 728 648 Ad
747 591 897 647 monaste·
948 599 1044 661 mam,
1054 591 1083 646 ct
1096 585 1128 646 in
1137 583 1258 647 histiola
1271 583 1438 647 monachos
1451 585 1547 646 sancti
1560 583 1704 647 uarctatis
1713 587 1780 647 rell·

89 687 152 742 dum
165 698 281 757 quoque
295 677 406 738 montis
422 675 655 739 Sinait'decem
665 677 748 736 milia
761 679 896 738 Sarrace-
949 671 1032 750 quid.
1059 673 1124 736 llox
1152 691 1188 735 eo
1211 675 1378 747 recedente,
1406 667 1446 736 ad
1480 675 1672 751 sepulchrum
1697 675 1779 736 beati

90 789 178 832 norrun
192 774 376 828 armatorum
389 769 541 827 venientes
565 769 791 838 destruendum,
806 765 895 839 longe
949 765 1091 824 liarcialis
1105 767 1236 841 plurima
1251 767 1395 842 ceperunt
1418 765 1596 825 choruscare
1622 765 1777 838 miracula,

90 867 199 938 quatuor
210 859 332 917 milibus
343 858 533 934 conspiciunt
541 859 637 916 totum
646 861 781 916 montem
791 857 895 915 ardere
948 871 1016 930 quae
1031 852 1160 914 leticiam
1180 855 1338 916 monachis
1359 859 1388 914 et
1410 859 1525 914 cunctae
1539 855 1705 931 Aquitaniae
1719 857 1780 932 ple·

90 957 110 1010 et
124 952 255 1008 flammas
269 965 366 1023 usque
380 947 412 1005 in
426 948 523 1006 celum
538 948 618 1023 terri,
631 951 660 1006 et
669 951 776 1006 cuncta
787 943 830 1004 lbi
843 961 896 1021 po·
948 961 1022 1002 nam
1031 943 1227 1018 ingesscrtmt.
1239 951 1314 1006 Nam
1329 945 1510 1006 nobilissimi
1522 945 1741 1022 aquitanorum
1751 950 1780 1006 et

89 1041 207 1097 sitarum
226 1039 401 1096 hominibus
416 1053 538 1096 manere
553 1037 645 1096 illesa.
667 1037 754 1105 Quod
768 1051 839 1094 cum
852 1051 896 1092 re·
949 1039 1131 1094 Francorum
1154 1035 1325 1111 principum
1351 1039 1441 1112 atque
1465 1035 1608 1096 italorum
1636 1050 1672 1092 eo
1697 1049 1779 1093 anno

88 1127 260 1184 nunciassent
273 1126 337 1199 regi
353 1125 517 1201 babilonio,
532 1125 695 1203 penitentia
709 1127 817 1183 ductus
832 1125 895 1182 tam
949 1122 1109 1182 Lemovicae
1123 1125 1239 1200 pascha
1254 1141 1324 1184 cum
1342 1123 1510 1200 frequentia
1524 1119 1620 1182 sancti
1634 1121 1780 1182 ldarcialis

86 1215 137 1288 ipse
152 1231 240 1290 quam
266 1215 397 1291 populus
421 1217 612 1287 sarracenus,
627 1215 713 1275 valde
736 1215 896 1273 doluerunt
949 1213 1076 1286 gloriose
1088 1213 1322 1273 celebraverunt.
1339 1215 1485 1273 Reversus
1499 1213 1661 1289 episcopus
1676 1209 1778 1271 basili-

87 1305 115 1362 de
125 1305 164 1361 his
174 1321 237 1380 quae
250 1309 355 1362 contra
368 1305 546 1364 christianos
557 1307 697 1379 egissent,
705 1309 733 1364 et
740 1303 812 1363 data
823 1319 896 1379 pree·
949 1317 1017 1361 cam
1027 1301 1106 1361 sedis
1121 1301 1216 1362 sancti
1230 1303 1382 1380 Stephani,
1393 1319 1488 1379 quam
1501 1307 1622 1361 sanctus
1634 1301 1779 1361 Marcialio

86 1395 209 1468 ceptione,
236 1394 330 1468 jussit
355 1395 528 1454 reaedificari
560 1396 718 1456 basilicam
745 1393 895 1469 sepulchri
947 1391 1146 1465 dedicaverat,
1157 1393 1373 1452 destruendam
1385 1390 1666 1470 etamplitioandam
1675 1391 1778 1467 dispo·

86 1483 194 1555 gloriosi.
209 1487 322 1541 Tameu
343 1485 518 1560 redincepta
532 1485 668 1558 basilica,
683 1501 746 1543 non
760 1483 815 1542 tuit
828 1500 893 1542 am·
948 1479 1016 1554 suit,
1032 1485 1061 1539 et
1072 1481 1166 1540 lineas
1179 1482 1218 1540 ad
1232 1482 1430 1541 fundamenta
1446 1483 1482 1519 ¹⁸²
1495 1481 1575 1557 jecit,
1586 1484 1620 1538 ut
1631 1483 1701 1554 post
1713 1477 1778 1538 dies

85 1573 147 1646 plius
165 1571 266 1630 similis
284 1573 378 1648 priori
401 1590 456 1632 neo
469 1573 690 1650 pulchritudine
704 1591 760 1633 nec
778 1573 894 1646 magni·
913 1605 933 1659 B
949 1573 980 1627 tt
995 1567 1142 1629 insisteret
1154 1572 1247 1647 operi.
1271 1571 1441 1646 Abiensque
1462 1569 1532 1629 inde
1558 1568 1598 1628 ad
1618 1564 1778 1628 ecclesiam

86 1661 178 1734 tudine,
205 1679 300 1737 quam
332 1661 441 1722 Helena
469 1671 565 1723 mater
591 1662 777 1725 constantini
801 1663 894 1736 regali
946 1663 1061 1733 Agento
1076 1659 1149 1736 (tae)
1162 1661 1367 1736 supradictam
1384 1655 1637 1735 t0·,iblsplritum
1650 1655 1779 1718 exalavit

87 1759 187 1827 sumptu
199 1753 373 1828 perfecerat.
389 1757 454 1813 liox
477 1755 636 1828 evestigio
660 1771 749 1830 super
770 1770 894 1813 omnam
948 1749 1414 1824 (aa.l0l2ttet10i3l.llelatum
1437 1753 1481 1808 est
1504 1765 1614 1824 corpus
1638 1749 1703 1822 ejus
1728 1749 1778 1806 Le-

87 1845 175 1897 terram
199 1843 435 1900 Sarracenorum
459 1843 555 1903 tames
579 1843 735 1903 incanduit
760 1859 813 1919 per
834 1848 893 1900 tres
946 1837 1106 1909 movicam,
1120 1841 1203 1914 apud
1227 1839 1329 1898 sedem
1348 1835 1456 1911 vigiliis
1475 1837 1679 1908 observatum,
1695 1833 1778 1913 apud

88 1945 174 2000 annos,
199 1934 227 1988 et
248 1929 477 1990 innumerabilis
504 1951 608 1992 eorum
631 1933 790 1993 multitudo
814 1931 894 1992 lame
948 1931 1090 1987 Sanctum
1106 1930 1264 1988 liartinum
1280 1927 1441 2004 sepultum.
1457 1927 1670 2003 Successitprc
1684 1942 1720 1984 ec
1733 1942 1779 1984 re-

88 2023 246 2090 mortuaest,
258 2020 300 2079 ita
310 2027 345 2078 ut
354 2021 461 2096 plateae
473 2027 502 2082 et
514 2024 632 2083 deserta
644 2023 842 2082 cadaveribus
857 2024 893 2061 ιιι
945 2018 1170 2076 versutissimus
1185 2015 1340 2092 Geraldus,
1360 2032 1456 2094 nepos
1476 2019 1553 2091 ejus.
1581 2015 1778 2076 consecratus

87 2106 255 2180 replerentur,
266 2113 296 2169 et
307 2110 414 2168 tierent
427 2111 565 2171 homines
581 2113 683 2171 cibum
698 2113 727 2172 et
741 2114 894 2188 sepultura
946 2109 974 2164 et
995 2107 1119 2165 Pietatis
1133 2109 1216 2183 apud
1235 2109 1377 2166 Sanctum
1392 2105 1547 2183 liylarium
1563 2105 1608 2163 tt*
1622 2122 1641 2164 a
1654 2103 1777 2177 Siguino

87 2194 140 2251 ieris
151 2201 176 2252 et
189 2198 302 2257 avibus.
321 2201 428 2258 Secuta
442 2205 486 2259 est
500 2218 551 2259 eos
567 2201 657 2274 gladii
669 2203 802 2261 vastitas.
818 2205 893 2260 Nam
940 2194 1182 2270 archiepiscopo.
1198 2200 1261 2255 Non
1276 2196 1356 2255 enim
1371 2196 1468 2271 potuit
1481 2211 1545 2253 csse
1556 2193 1722 2254 Gauzlenus
1734 2191 1779 2249 ai-

87 2287 296 2354 gentesarabiae
312 2293 527 2361 superterram
546 2307 651 2348 eorum
672 2291 789 2348 diffusa
811 2294 890 2361 sunt,
945 2283 1101 2348 turicensis
1125 2285 1379 2363 archiepiscopus,
1400 2279 1473 2362 quia
1495 2287 1626 2345 necdum
1640 2285 1777 2358 receptus

87 2377 108 2427 et
126 2374 170 2446 qui
190 2381 400 2434 remanserant
418 2379 506 2448 tame,
522 2379 629 2452 gladiis
642 2380 824 2438 interierunt.
842 2383 893 2439 Ca·
946 2379 1010 2434 crat
1023 2376 1055 2434 in
1071 2377 1142 2436 sede
1158 2378 1293 2436 Biturica.
1305 2377 1522 2436 Habuittamen
1536 2377 1578 2434 ibi
1588 2371 1696 2434 missos
1707 2386 1778 2431 suos

86 2464 141 2532 ptus
152 2466 192 2519 est
204 2463 241 2520 ab
255 2464 298 2522 eis
313 2481 368 2522 rex
377 2466 558 2538 babilonius,
569 2469 621 2543 qui
634 2484 666 2525 se
680 2473 784 2527 contra
798 2472 892 2527 licum
945 2481 982 2524 ex
1006 2467 1102 2525 saneti
1116 2466 1265 2526 Benedicti
1284 2467 1451 2526 monachis.
1469 2465 1563 2527 Simul
1576 2461 1776 2524 interfuerunt

87 2556 196 2608 erexerat
214 2553 245 2609 in
267 2554 454 2629 superbiam,
470 2559 499 2614 et
509 2556 606 2627 drus,
621 2561 724 2615 ventre
744 2561 835 2629 secto,
849 2558 893 2614 vi·
946 2556 1080 2632 episcopi
1089 2557 1269 2616 Gislabertus
1280 2557 1468 2627 Pietavensis,
1481 2554 1630 2614 arnaldus
1640 2555 1779 2624 Petrago·

88 2639 197 2697 secribus
211 2644 350 2700 extractis
365 2645 404 2716 θ’,
421 2649 557 2703 mortuus
571 2651 626 2705 ast.
649 2650 755 2705 Venter
769 2649 834 2721 ejus
848 2647 892 2705 la·
945 2645 1077 2717 ricensis,
1104 2647 1160 2705 islo
1186 2645 1417 2718 santonicensis,
1444 2643 1637 2706 Grimoardus
1658 2641 1777 2715 linguli-

88 2729 186 2799 pidibus
207 2733 358 2808 oppletus,
374 2740 520 2793 consutus
534 2740 588 2808 est,
605 2742 634 2796 et
648 2738 786 2808 cadaver,
801 2738 892 2810 ligato
947 2735 1083 2794 emensis.
1096 2737 1165 2794 Post
1177 2735 1419 2795 benedictionem
1435 2733 1480 2795 ιι*
1488 2732 1619 2794 comitati
1630 2736 1777 2790 suntcum

90 2817 192 2890 plumbo
204 2823 241 2879 ad
256 2823 380 2896 collum,
394 2825 426 2882 in
438 2841 521 2883 mare
533 2825 705 2886 demersum
721 2831 773 2886 est.
947 2840 1043 2900 usque
1056 2825 1247 2885 Lemovicum
1259 2825 1407 2884 arnaldus
1422 2829 1451 2884 et
1460 2822 1653 2884 Grlmoardus
1665 2819 1778 2895 episco-

115 2911 150 2964 ιι.
168 2912 205 2966 Ec
219 2925 300 2969 anno
311 2911 457 2970 Rodulius
470 2913 720 2987 petragoricensis
732 2917 891 2992 episcopus
910 2896 931 2954 ⁰
948 2917 989 2989 pi.
1004 2916 1137 2974 Primum
1160 2917 1199 2974 ad
1222 2919 1364 2975 Sanctum
1388 2914 1556 2975 ltaroialem
1576 2910 1724 2971 venerunt
1739 2907 1777 2965 st-

90 2993 119 3051 ab
136 2999 330 3059 iherosolimis
350 3003 470 3060 rediens
489 3004 529 3075 ι’,
554 3005 627 3063 obiit
647 3005 851 3079 Petragoriese,
866 3009 896 3064 et
948 3005 1012 3061 mul
1028 3006 1119 3073 lt*,et
1131 3005 1243 3082 recepti
1255 3010 1326 3065 sunt
1337 3021 1355 3064 a
1367 3003 1534 3064 monachis.
1549 3003 1620 3061 lade
1635 2993 1779 3058 monaehi

93 3090 212 3146 suecessit
224 3107 279 3164 pro
292 3107 330 3148 co
342 3093 499 3150 arnaldus.
517 3095 573 3162 Qui
585 3095 668 3170 apud
681 3098 823 3154 Sanctum
842 3098 894 3154 lta-
948 3094 1151 3152 conduxerint
1165 3109 1235 3153 oum
1256 3094 1428 3169 antiphonis
1452 3109 1547 3168 usque
1563 3091 1602 3151 ad
1621 3088 1778 3149 ecelesiam

91 3174 217 3235 redictum
231 3179 370 3238 Nantolio
385 3181 457 3256 (ter)
471 3187 663 3241 consecratus
676 3187 720 3242 est
733 3185 790 3242 5'a
803 3184 896 3256 sigui-
949 3183 1138 3242 eairoenscm
1154 3183 1237 3258 (rae).
1250 3183 1294 3242 ibi
1308 3183 1339 3242 in
1352 3180 1495 3242 cathedra
1507 3182 1591 3251 sedit,
1604 3185 1634 3239 et
1643 3177 1777 3238 humeris

91 3277 121 3317 no
132 3265 291 3338 burdegalae
310 3270 536 3345 archiepiscopo
549 3271 587 3328 θ’.
609 3275 690 3330 Tunc
703 3273 893 3343 Gauzbertus,
948 3273 1053 3348 populi
1066 3275 1180 3346 vectus,
1190 3271 1340 3331 canonicis
1354 3272 1534 3347 antiphonas
1550 3267 1777 3328 concinentibus

90 3351 204 3428 princeps
234 3359 325 3415 castri
353 3360 598 3435 Matamortensis,
628 3366 733 3437 eaptus
759 3363 799 3420 ad
822 3363 895 3420 Eblo
948 3367 1062 3422 textum
1077 3363 1259 3437 Evangeliia
1275 3355 1778 3437 Grimoardoepisecpolegendum

90 3439 138 3496 rice
150 3446 248 3503 comite
264 3447 453 3522 combornis,
469 3452 601 3507 retrusus
616 3450 647 3508 in
660 3455 758 3508 castro
776 3451 896 3510 tortissi-
950 3452 1087 3528 sumpsit,
1101 3458 1129 3511 et
1140 3451 1182 3511 ita
1195 3451 1376 3510 benedicens
1389 3452 1511 3510 dextera
1526 3449 1656 3518 assidue,
1672 3439 1713 3505 ad
1725 3445 1779 3503 ho·

91 3533 295 3609 achalmensi,
313 3539 373 3594 beo
386 3537 512 3596 violente
537 3539 632 3597 asuis
655 3541 772 3598 rusticis
792 3541 831 3610 7',
848 3555 896 3598 oa·
949 3541 1040 3599 stium
1062 3541 1192 3599 basilicae
1215 3541 1310 3599 sancti
1332 3537 1473 3615 Stephani
1492 3555 1561 3598 cum
1576 3529 1777 3610 gloriadedu-

91 3621 138 3673 tiro
156 3627 324 3696 expugnato
345 3628 375 3683 et
396 3641 468 3683 mox
487 3631 584 3702 capto,
602 3632 720 3702 ereptus
735 3631 790 3702 cst,
805 3633 834 3686 et
847 3643 896 3685 ca·
950 3635 1014 3688 ctus
1028 3634 1083 3689 est.
1100 3631 1294 3690 Grimoardus
1313 3627 1435 3689 tradidit
1456 3630 1483 3688 ei
1504 3631 1608 3704 portas
1635 3623 1776 3692 eeclesia,

92 3709 166 3765 stum
175 3711 360 3771 destructum
372 3715 402 3773 8'
411 3721 465 3774 est.
478 3720 511 3774 at
521 3717 746 3776 hierosolimam
756 3733 894 3793 pergens,
949 3720 1098 3779 Amaldus
1110 3719 1218 3779 cordas
1233 3721 1399 3793 signorum,
1413 3722 1442 3777 at
1453 3719 1545 3777 ambo
1556 3717 1587 3776 in
1600 3715 1670 3775 sedo
1682 3711 1778 3772 sancti

91 3793 224 3858 deiunctae
236 3807 281 3862 εει
296 3805 337 3878 9',
352 3807 382 3862 et
401 3805 555 3864 miraculis
578 3811 788 3881 postmortem
802 3808 896 3866 clare·
949 3809 1092 3868 darcialls
1113 3809 1365 3868 intronizaverunt
1380 3823 1462 3880 eum,
1477 3811 1507 3866 et
1529 3807 1611 3864 clara
1634 3817 1719 3873 voce,
1739 3801 1778 3860 'lc

92 3891 147 3941 δεῖθ’
163 3893 241 3964 oepit.
270 3897 342 3952 Erat
381 3895 461 3952 enim
495 3897 586 3954 valde
613 3897 839 3968 ecclesiasticus,
868 3901 897 3956 et
948 3901 1045 3958 baum
1069 3899 1241 3970 laudamus,
1269 3894 1418 3957 arnaldus
1448 3898 1607 3972 episcopus
1638 3891 1776 3952 intonuit.

91 3971 194 4036 h0ssesie
207 3999 234 4040 se
247 3984 370 4055 agebat.
951 3989 1133 4065 Episcopum
1148 3990 1300 4047 sedentem
1315 3987 1442 4046 osculati
1461 3989 1532 4044 sunt
1543 3999 1669 4054 omnes;
1692 3978 1777 4039 deln-

120 4067 298 4130 ltdiroahoc
307 4077 425 4148 tempus
433 4074 580 4133 alduinus
589 4076 759 4150 episcopus,
768 4076 897 4150 acceptis
950 4079 988 4136 de
1031 4078 1157 4136 missam
1192 4077 1416 4136 celebraverunt
1444 4076 1482 4134 de
1517 4073 1650 4134 martirio
1683 4071 1778 4129 sancti

90 4155 289 4224 pretiosioribus
306 4164 401 4222 sancti
412 4165 556 4223 Marcialis
569 4166 754 4224 ornamentis
769 4167 895 4224 etvesti·
914 4171 937 4226 Ι)
950 4167 1106 4237 Theodori,
1122 4167 1209 4239 cujus
1231 4164 1374 4224 festivitas
1388 4165 1455 4239 ipso
1466 4163 1517 4228 ,die
1533 4161 1605 4238 (rto)
1620 4160 1776 4234 agebatur.

94 4334 113 4385 Ι·
123 4337 147 4391 ει
158 4335 195 4394 sio
207 4341 334 4401 ecclesia
348 4343 399 4400 liei
412 4341 562 4414 genitricis
575 4347 602 4401 2.
631 4345 661 4402 2*
674 4342 764 4416 Sinai,
780 4343 833 4402 ubi
847 4341 1004 4418 quingenti
1026 4348 1055 4402 et
1074 4361 1111 4402 eo
1135 4341 1265 4417 amplius
1279 4339 1422 4400 monachi
1437 4339 1494 4399 sub
1508 4335 1634 4415 imperio
1658 4338 1777 4398 abbatis

119 4411 275 4484 manebant,
292 4413 438 4472 habentes
454 4415 565 4472 ibidem
575 4415 734 4498 proprium
750 4417 936 4491 episcopum,
952 4421 1099 4474 venerunt
1113 4417 1345 4474 sarracenorum
1359 4411 1464 4472 decem
1484 4411 1566 4470 milia
1579 4416 1776 4481 armatorum,

119 4483 145 4533 ut
154 4497 292 4542 monacos
307 4487 498 4559 perimentes,
511 4486 683 4546 habitacula
697 4503 802 4545 eorum
817 4505 887 4546 cum
904 4486 1034 4546 ecclesiis
1053 4487 1213 4544 diruerent.
1228 4485 1465 4560 propinquantes
1485 4489 1597 4556 autem,
1613 4497 1632 4541 a
1668 4486 1777 4540 uatuor

119 4547 299 4638 milibus
314 4557 502 4631 conspiciunt
514 4562 609 4616 totum
630 4562 764 4616 montem
779 4558 933 4617 ardentem
948 4561 977 4617 et
994 4558 1171 4627 firmantem,
1187 4557 1389 4640 flammasque
1404 4556 1434 4614 in
1450 4555 1559 4614 coelum
1573 4499 1738 4638 samithut
1749 4569 1775 4610 e.

121 4637 230 4695 lmpram
243 4629 431 4685 ammamab
446 4635 602 4702 paratrum
613 4630 739 4712 projecit
757 4635 784 4688 2.
821 4633 851 4688 4·
865 4630 962 4688 retulit
976 4641 1044 4704 quse
1062 4629 1176 4686 viderat
1198 4627 1239 4686 ibi
1261 4627 1397 4699 infanda,
1422 4630 1450 4684 et
1473 4624 1544 4684 add.
1559 4630 1587 4684 2.
1627 4625 1656 4682 ι’
1670 4623 1777 4682 drebus

119 4696 337 4770 quadragesime
350 4701 420 4757 odd.
437 4705 463 4757 2.
502 4701 531 4758 6*
543 4717 562 4759 a
576 4702 751 4759 Grrmoardo
765 4707 794 4760 et
807 4703 903 4760 islone
917 4703 1019 4776 episoo
1043 4701 1066 4757 is
1086 4701 1158 4774 (iit)
1174 4701 1245 4758 add.
1261 4704 1287 4757 2.
1325 4700 1355 4756 7*
1368 4716 1392 4756 r.
1408 4698 1440 4755 in
1454 4697 1622 4755 frunalibus
1641 4695 1778 4769 quodam

119 4779 196 4824 mane
220 4770 320 4827 subito
342 4776 514 4845 expugnato
536 4776 565 4829 et
583 4789 655 4830 mox
680 4777 768 4847 capto
790 4779 888 4832 castro
913 4777 941 4830 2.
979 4773 1008 4829 ιι*
1127 4771 1153 4827 is
1173 4771 1280 4828 datum
1303 4773 1330 4828 2.
1380 4769 1409 4827 9*
1428 4769 1459 4826 in
1472 4766 1646 4826 revertendo
1661 4765 1732 4822 add.
1748 4768 1775 4821 2.

122 4838 158 4916 il*
165 4840 240 4920 unde
249 4842 417 4899 monachos
432 4847 598 4901 extruserat
611 4845 681 4902 add.
697 4848 724 4901 2.
764 4843 952 4902 lt'Ylarium
965 4859 1071 4900 mense
1086 4841 1246 4900 Novembri
1280 4856 1315 4899 ro
1330 4840 1516 4899 ¹⁸⁸omnibus
1531 4833 1778 4918 gradibusaccle·

120 4911 230 4968 siasticrs
243 4929 263 4970 a
276 4912 603 4997 GislebertoepisoopO,
616 4918 645 4972 et
658 4915 690 4972 in
704 4915 801 4988 modu
815 4913 1009 4991 pontificalia
1025 4913 1146 4986 siguino
1156 4857 1317 4987 monaciro,
1326 4913 1542 4986 archepiscopo
1552 4904 1776 4978 Burdegalensr.

121 4981 158 5032 ιι·
169 4997 232 5054 quae
246 4983 401 5043 domrmca
414 4985 462 5042 dre
477 4989 599 5060 peracta
613 4990 657 5044 est
670 4988 741 5044 add.
755 4991 782 5046 2.
822 4987 867 5046 ιι*
881 4981 970 5044 simul
984 5013 1019 5028 -·
1033 4985 1183 5044 duxertmt
1194 4985 1253 5043 det.
1270 4983 1297 5042 h.

759 5165 874 5222 VARIAE
893 5162 1095 5222 memorius,

94 5275 122 5313 “⁸
133 5281 321 5343 cadaveribus
337 5292 361 5345 t.
401 5289 438 5325 ¹⁸⁷
453 5286 647 5348 fondamento
663 5292 688 5346 ι.
727 5288 764 5326 ¹⁸⁸
775 5304 806 5363 p.
820 5303 846 5347 e.

868 5409 980 5470 NOTAE.

130 5533 172 5586 ιιι
200 5534 344 5592 Nanteuil.
965 5534 1027 5608 rto)
1046 5531 1127 5590 [liet
1142 5531 1194 5586 aut
1209 5529 1242 5585 te
1255 5529 1328 5585 ltov.

131 5603 297 5662 trithem.
965 5609 1028 5675 itt)
1047 5597 1528 5676 Engohsmenstetsanctonensi.

131 5675 185 5742 tas)
202 5677 243 5732 lic
257 5677 388 5742 Qucroir.
