3998 6176
167 189 219 242 335
694 176 722 234 S.
743 175 911 232 FULBERTI
931 169 1169 229 cnuuornusls
1189 165 1355 232 Episcopi.
1828 179 1875 234 336

164 307 237 364 dum
254 311 282 363 et
296 305 413 363 tertium
428 302 608 372 factumest,
625 306 654 359 et
666 301 701 358 fit
715 305 744 358 et
757 301 817 369 fiet,
832 299 864 356 id
879 302 923 355 est
937 313 989 353 vo·
1010 299 1033 351 h
1048 294 1144 352 fessus
1157 301 1212 353 est.
1229 297 1339 374 Etideo
1353 297 1492 372 quamvis
1508 297 1589 354 dicat
1607 297 1647 354 ad
1658 313 1716 355 nos
1745 317 1752 356 :
1773 299 1874 370 Amen,

165 398 241 455 catio
255 401 283 452 et
294 392 467 467 justificatio
483 410 490 448 :
507 396 650 465 quartum
664 407 736 448 vero
751 405 832 447 nunc
846 391 877 446 in
889 403 951 462 spe,
960 387 991 443 in
1046 385 1141 442 Amen
1157 386 1223 444 dico
1239 389 1330 456 uobis,
1347 388 1408 445 nisi
1420 387 1675 444 manducaveritis
1686 403 1808 446 carnem
1821 391 1876 460 filii

163 505 194 545 re
210 491 309 543 autem
325 484 458 540 laturum
482 486 538 552 est,
567 482 599 538 id
626 486 671 539 est
697 479 882 552 glorificatio.
899 478 992 550 Hujus
1047 475 1185 546 luminis,
1200 482 1228 536 et
1244 478 1376 536 biberitis
1389 481 1454 549 equs
1469 479 1658 550 sanquinem,
1678 482 1745 547 etc,
1761 495 1822 536 non
1835 485 1875 537 ta·

162 576 205 633 rei
232 578 465 640 sacramentum,
493 556 619 639 idest,
649 569 770 626 unitatis
794 566 928 642 corporis
964 569 993 622 ct
1047 581 1118 622 men
1133 581 1200 623 eam
1213 570 1245 623 ut
1257 566 1389 624 hominis
1402 566 1494 624 unius
1506 583 1543 623 ex
1557 567 1646 624 nobis
1663 567 1876 626 astimarede·

162 661 317 734 sanguinis
333 661 450 730 Christi,
466 659 575 717 alicubi
588 657 721 733 quotidie
734 658 820 714 certis
830 653 992 713 intervallis
1046 653 1155 711 bemus
1170 655 1336 728 (quomodo
1351 656 1433 712 enim
1441 656 1529 728 juxta
1543 665 1682 714 naturam
1703 673 1791 714 suam
1803 657 1875 716 vivi-

162 753 279 810 dierum
307 753 338 808 in
367 750 522 807 Dominica
549 764 654 806 mensa
682 750 878 821 prtaparatur,
903 748 932 800 et
953 742 992 799 de

162 858 270 900 mensa
296 839 451 898 Dominica
472 839 600 894 sumitur
616 855 623 894 ε
639 835 822 910 quibusdam
833 833 871 892 ad
886 833 990 904 vitam,

162 931 349 1006 quibusdam
363 930 401 986 ad
415 929 545 986 exitium.
561 931 616 984 llas
631 943 701 982 vero
716 925 782 1000 ipsa
796 926 842 996 cuj
849 941 882 980 us
895 939 992 980 sacra·

161 1015 588 1088 mentumest,omnih01nini
603 1015 642 1072 ad
660 1014 762 1085 vitam,
778 1011 853 1070 nulli
875 1012 914 1070 ad
930 1010 990 1068 cxi-

162 1112 248 1179 tium,
264 1109 435 1183 quicunque
448 1107 512 1178 ejus
525 1105 675 1179 particeps
691 1103 788 1161 fuerit.
810 1107 874 1178 lpse
889 1101 990 1160 Domi-

161 1217 219 1257 nus
234 1197 325 1272 paulo
339 1201 408 1270 post
421 1193 543 1268 exponit
565 1193 639 1266 quid
663 1193 700 1250 sit
724 1192 909 1250 manducare
928 1207 991 1248 cor-

161 1304 219 1362 pus
234 1287 299 1358 ejus
314 1289 343 1340 ct
358 1283 535 1354 sanguinein
548 1282 661 1339 bibere.
680 1283 737 1351 Orsi
749 1282 914 1339 manducat
923 1297 990 1338 car-

161 1393 228 1434 nem
241 1379 381 1432 meamet
400 1372 472 1428 bibit
486 1387 583 1430 meum
597 1373 786 1444 sanquinem,
809 1373 840 1427 in
863 1385 909 1428 me
927 1385 991 1427 ma-

1045 743 1238 802 ficatrixessa
1253 760 1324 802 caro
1349 745 1481 802 hominis
1496 745 1603 820 poterit
1616 746 1642 819 i)
1671 746 1725 803 sed
1753 750 1786 803 ιιι
1812 764 1876 805 vere

1046 834 1201 908 propriam
1215 835 1281 906 eius
1293 834 1414 904 luctam,
1428 834 1481 909 qui
1497 840 1618 910 propter
1635 851 1692 893 nos
1711 835 1801 893 Eilius
1823 838 1877 894 ho·

1045 923 1135 980 minis
1155 927 1183 981 et
1204 922 1301 981 iactus
1325 929 1371 981 est
1390 929 1418 982 et
1440 929 1577 981 vocatus.
1606 924 1753 999 sylvester
1776 942 1876 1001 papa:

1047 1035 1061 1063 ιι
1076 1013 1191 1069 Primus
1205 1013 1302 1070 Adam
1317 1029 1410 1070 suasu
1432 1015 1578 1087 serpentis
1596 1019 1724 1072 mortem
1745 1015 1877 1086 incurrit,

1045 1103 1083 1170 ct,
1099 1100 1211 1172 ejectus
1225 1099 1263 1157 da
1285 1101 1426 1174 paradiso
1440 1100 1616 1158 deliciarum
1640 1101 1701 1172 Dei,
1729 1101 1876 1160 inlabere

1045 1193 1074 1245 et
1088 1189 1197 1246 sudore
1212 1189 1273 1246 edit
1287 1205 1409 1262 panem.
1425 1191 1514 1248 Terra
1528 1193 1629 1248 autem
1651 1190 1765 1265 deque
1779 1190 1873 1250 iactus

1046 1281 1098 1346 est,
1114 1277 1200 1348 virgo
1213 1280 1285 1335 erat.
1296 1278 1434 1352 oportuit
1446 1293 1518 1348 ergo
1532 1278 1701 1336 secundum
1721 1279 1816 1336 Adam
1841 1279 1877 1336 dc

1045 1366 1160 1438 virgine
1176 1366 1261 1424 nasci
1270 1366 1323 1440 qui
1338 1371 1507 1440 serpentem
1515 1371 1680 1425 tentantem
1693 1385 1725 1426 se
1737 1369 1875 1440 vinceret,

161 1471 221 1536 net,
235 1469 262 1521 et
275 1479 327 1534 eqo
341 1463 372 1518 in
387 1462 451 1517 iilo.
468 1462 528 1516 lloc
552 1464 597 1516 est
620 1475 692 1530 ergo
711 1459 897 1515 manducare
909 1457 991 1514 illam
1046 1459 1075 1512 et
1088 1455 1243 1512 homiuem
1258 1455 1295 1512 de
1310 1455 1480 1529 captivitate
1495 1457 1560 1528 ejus
1575 1457 1628 1531 qui
1647 1455 1779 1530 primum
1804 1457 1878 1514 vice-

161 1572 272 1620 escam,
288 1559 316 1610 et
330 1552 413 1609 illum
429 1555 534 1624 potum
548 1549 660 1618 bibere,
682 1549 712 1606 in
728 1549 842 1607 Christo
858 1565 990 1620 manere,
1045 1548 1092 1601 rat
1104 1543 1252 1602 liberaret.
1267 1544 1416 1610 Quoniam
1434 1545 1487 1618 qui
1501 1545 1572 1602 Adae
1585 1545 1723 1604 victorin
1738 1547 1878 1621 paradiso

160 1651 189 1703 et
198 1645 283 1701 illum
297 1645 471 1700 manentem
484 1639 515 1695 in
534 1655 565 1695 se
580 1640 701 1696 habere.
730 1643 771 1695 Ac
792 1653 846 1711 per
870 1639 927 1695 hoc
940 1639 992 1711 qui
1008 1652 1028 1707 Β
1046 1633 1206 1703 exstiterat,
1221 1633 1286 1707 ipse
1300 1638 1427 1691 tentator
1439 1634 1557 1692 Domini
1570 1634 1665 1692 iactus
1678 1637 1764 1693 estin
1778 1635 1877 1695 deser-

161 1752 222 1793 ιιοιι
238 1735 339 1790 manet
353 1732 383 1786 in
399 1729 524 1796 Christo,
540 1733 568 1785 et
582 1728 613 1785 in
631 1744 693 1801 quo
709 1743 770 1784 non
792 1733 894 1785 manat
909 1725 991 1787 Chri·
1047 1728 1077 1782 ιο
1091 1743 1098 1780 :
1115 1728 1146 1780 ut
1158 1723 1212 1797 qui
1223 1723 1336 1781 vicerat
1349 1723 1595 1795 manducantem,
1615 1725 1784 1783 vinceretur
1806 1743 1824 1784 a
1833 1728 1877 1800 jc-

161 1829 235 1894 stus,
250 1818 461 1896 proculdubio
487 1833 550 1873 non
573 1817 738 1874 manducat
767 1817 832 1888 ejus
858 1833 990 1886 carnem,
1044 1814 1181 1887 junante.
1197 1815 1230 1870 Et
1245 1813 1322 1870 sicut
1336 1817 1463 1871 mortem
1485 1830 1546 1870 non
1564 1814 1722 1872 inveniunt
1745 1815 1804 1872 nisi
1827 1817 1878 1890 qui

160 1929 215 1969 nec
228 1909 302 1968 bibit
311 1909 377 1980 ejus
393 1905 584 1977 sanguinem,
594 1905 684 1962 etiam
699 1905 723 1961 si
740 1910 828 1962 tantae
838 1905 880 1962 rei
895 1922 993 1963 sacra·
1046 1903 1108 1960 nati
1120 1907 1190 1959 sunt
1201 1918 1237 1959 ex
1249 1902 1476 1970 carnelldae,ita
1486 1902 1579 1960 vitam
1589 1919 1651 1960 non
1658 1903 1814 1962 inveniunt
1822 1905 1878 1962 nisi

160 2005 296 2062 mentum
312 1997 352 2054 ad
363 1996 512 2068 judicium
525 1994 582 2050 sibi
598 1994 760 2052 manducet
772 1998 800 2050 et
814 1993 910 2050 bibat.
919 1996 990 2050 ltem
1046 1990 1099 2066 qui
1114 1990 1209 2048 renati
1224 1991 1344 2048 luerunt
1355 2006 1392 2047 ex
1406 2007 1488 2065 aqua
1500 1995 1528 2048 ct
1539 1991 1649 2063 Spiritu
1660 1997 1879 2066 sancto,etcar-

160 2091 333 2168 paulopost
347 2076 531 2159 augustinus
545 2088 627 2141 tract.
645 2089 701 2141 26:
727 2105 741 2134 s·
767 2083 891 2156 Signum
921 2083 992 2156 quia
1047 2095 1117 2137 nem
1131 2077 1236 2137 Christi
1251 2084 1280 2136 et
1294 2079 1474 2151 sanguinem
1499 2096 1560 2136 sua
1584 2081 1667 2136 carui
1693 2085 1722 2137 et
1740 2082 1878 2153 sanguini

163 2177 357 2238 manducavit
370 2180 398 2232 et
411 2174 493 2242 bibit,
505 2175 563 2230 hoc
573 2177 617 2230 est
631 2189 637 2228 :
650 2173 673 2229 si
684 2177 786 2230 manet
805 2177 833 2229 et
854 2177 993 2230 manetur
1048 2169 1247 2240 sociaverunt,
1266 2169 1320 2242 qui
1333 2168 1404 2225 vicit
1429 2168 1595 2238 diabolum,
1620 2168 1794 2244 paradisum
1807 2170 1877 2226 red-

161 2270 185 2327 si
195 2268 310 2326 habitat
320 2261 584 2330 coinhabitatur‚si
594 2261 966 2318 haeretetnondesaratur.
978 2283 992 2312 ι»
1047 2257 1133 2323 didit,
1149 2262 1178 2315 et
1188 2257 1256 2314 vitea
1273 2261 1390 2314 aeterna
1403 2257 1532 2330 januam
1546 2257 1695 2331 patefecit.
1718 2281 1732 2310 a

245 2358 476 2426 aequamur
487 2351 655 2422 Emstolam
670 2350 711 2408 ud
724 2349 906 2407 Corinthios.
1368 2348 1483 2404 SEREO
1515 2349 1557 2404 lli.

198 2450 272 2506 Caro
285 2459 379 2517 quam
389 2439 518 2497 Verbum
535 2437 585 2496 Dei
598 2438 693 2495 Patris
708 2438 873 2511 assumpsit
886 2438 917 2495 in
933 2444 994 2496 ute-
1244 2451 1277 2492 os
1296 2452 1516 2494 ιιιιιιιιιιιιιιοιιιι
1538 2452 1680 2494 namurci.

161 2554 195 2596 ro
209 2532 349 2606 virginali
364 2521 519 2587 inanitate
537 2543 599 2584 sua
617 2543 765 2601 personae,
786 2531 815 2584 et
836 2528 925 2602 panis
940 2529 993 2602 qui
1101 2523 1189 2596 (Opq.
1204 2525 1236 2581 S.
1252 2525 1331 2596 Auq.
1348 2529 1420 2581 tom.
1436 2527 1468 2593 V,
1479 2525 1629 2598 append,
1645 2541 1734 2583 serm.
1751 2530 1824 2596 tal).

162 2627 354 2686 cousecratur
368 2620 399 2677 in
415 2617 554 2686 Ecclesia,
571 2633 666 2673 uuum
681 2632 792 2690 corpus
808 2617 936 2674 Christi:
953 2618 994 2675 ita
1085 2618 1110 2670 ι.
1129 2614 1201 2671 Eua
1214 2614 1339 2685 damna,
1354 2620 1382 2671 et
1405 2614 1512 2671 Maria
1536 2615 1687 2685 beneficia.
1707 2615 1801 2673 Adest
1823 2632 1879 2675 no-

161 2716 215 2773 isle
231 2712 317 2787 panis
332 2707 437 2766 transii
450 2707 482 2762 in
495 2722 604 2780 eorpus
624 2705 740 2770 Christi,
761 2721 818 2762 uec
840 2711 910 2764 sunt
931 2705 992 2764 duo
1047 2701 1105 2771 bis,
1121 2701 1314 2770 dilectissimi,
1330 2705 1452 2776 optatus
1465 2703 1529 2760 dies
1542 2703 1638 2761 beatae
1651 2719 1687 2761 ac
1697 2705 1880 2762 venerabilis

162 2817 299 2876 corpora,
316 2797 368 2854 sed
381 2811 476 2852 unum
490 2810 611 2867 corpus.
636 2793 802 2850 Divinitatis
824 2795 906 2852 enim
928 2795 992 2870 ple·
1047 2807 1166 2866 semper
1180 2791 1307 2863 Virginis
1322 2791 1418 2850 Maria
1435 2809 1441 2848 :
1458 2791 1526 2849 ideo
1546 2809 1617 2850 cum
1637 2809 1759 2852 summa
1783 2795 1882 2852 exsul-

161 2891 277 2958 nitudo,
294 2904 362 2962 qua
377 2885 431 2942 luit
445 2884 475 2941 in
489 2883 551 2955 illo,
578 2882 671 2958 replet
693 2884 785 2940 istum
808 2900 938 2958 pancm;
964 2891 993 2942 el
1047 2881 1157 2938 tatione
1176 2880 1307 2952 gaudeat
1321 2885 1399 2938 terra
1417 2885 1529 2954 nostra,
1548 2885 1637 2939 ιιιιιιιιι
1664 2882 1790 2954 virginis
1811 2883 1880 2942 illu.

162 2982 230 3056 ipsa
244 2978 382 3035 divinitas
397 2973 495 3045 Verbi,
510 2989 578 3046 quae
593 2973 697 3046 implet
712 2973 821 3030 coelum
836 2978 865 3031 et
881 2977 991 3031 terram
1007 3009 1028 3066 C
1047 2974 1139 3027 strata
1150 2969 1198 3026 dic
1214 2969 1350 3027 solemni.
1366 2973 1433 3027 llaec
1453 2975 1497 3026 est
1518 2971 1600 3028 enim
1625 2971 1681 3028 ilos
1705 2972 1811 3046 campi,
1837 2973 1878 3029 de

163 3076 191 3129 et
206 3067 308 3127 omnia
322 3081 390 3140 quae
405 3063 436 3120 in
450 3063 492 3120 eis
505 3067 583 3130 sunt,
599 3063 666 3136 ipsa
680 3061 774 3137 replet
784 3079 894 3137 corpus
909 3063 991 3122 Chri·
1046 3075 1108 3132 qua
1122 3063 1221 3117 artum
1236 3061 1281 3116 est
1301 3059 1466 3133 pretiosum
1485 3059 1580 3116 lilium
1605 3060 1796 3131 convallium,
1822 3077 1881 3136 per

164 3159 200 3218 sti
212 3156 294 3234 quod
310 3173 327 3213 a
342 3153 442 3211 multis
456 3151 661 3208 sacerdotibus
672 3166 727 3226 per
749 3152 920 3210 universum
946 3170 992 3210 or·
1046 3148 1093 3220 cuj
1099 3164 1133 3203 us
1147 3151 1268 3221 partum
1283 3151 1416 3205 mutatur
1430 3152 1548 3220 natura,
1562 3148 1882 3224 protoplastorumque

161 3250 233 3308 bem
247 3243 458 3313 sanctificatur,
487 3248 516 3298 et
540 3241 611 3299 iacit
636 3258 732 3299 unum
753 3259 863 3316 corpus
885 3243 991 3300 Christi
1045 3235 1160 3294 deletur
1173 3241 1201 3292 θῑ
1215 3235 1313 3310 culpa·
1327 3236 1488 3294 Proecisum
1502 3242 1546 3294 est
1560 3237 1591 3294 in
1606 3254 1642 3294 θᾶ
1655 3238 1729 3295 illud
1743 3241 1810 3296 Evoe
1832 3238 1882 3296 in·

162 3355 236 3396 esse,
253 3335 370 3393 Etsicut
384 3331 432 3388 ille
445 3330 533 3405 panis
546 3335 575 3388 ct
587 3330 711 3400 sanguis
724 3331 754 3387 in
778 3347 888 3404 corpus
911 3333 991 3390 Chri·
1044 3325 1191 3383 felicitatis
1205 3325 1336 3397 elogium
1350 3342 1412 3400 quo
1427 3326 1544 3396 dicitur,
1571 3329 1607 3384 In
1630 3330 1755 3386 tristitia
1776 3331 1882 3400 paries

163 3428 199 3484 sti
214 3426 380 3488 transeunt,
396 3421 550 3476 itaomnrs
565 3418 660 3492 quiin
674 3415 804 3476 Ecclesia
827 3419 918 3491 digne
943 3437 990 3478 co·
1044 3417 1123 3486 filios
1135 3417 1219 3483 (Gen.
1233 3432 1272 3472 ιιι.
1291 3419 1335 3485 la)
1351 3433 1357 3471 :
1378 3416 1450 3489 quia
1476 3417 1532 3474 ista
1551 3417 1581 3473 in
1596 3416 1696 3475 laetitia
1716 3419 1881 3476 Dominum

163 3514 256 3572 medit
269 3509 352 3578 illud,
370 3524 465 3564 unum
490 3523 600 3580 corpus
627 3507 731 3564 Christi
752 3513 805 3580 est,
828 3509 903 3566 sicut
926 3509 990 3584 ipse
1045 3505 1209 3579 parturivit.
1226 3509 1287 3563 Eva
1297 3505 1378 3562 euim
1390 3506 1474 3573 luxit,
1489 3506 1547 3564 ista
1561 3506 1701 3564 exultavit
1719 3525 1726 3577 ;
1753 3509 1814 3564 Eva
1833 3507 1881 3565 la-

163 3601 237 3660 dixit
253 3618 259 3656 :
275 3600 332 3667 Qui
343 3597 507 3654 manducat
520 3611 641 3654 carnem
655 3611 750 3652 meam
766 3602 793 3654 et
809 3597 880 3654 bibit
894 3615 990 3656 meum
1045 3611 1175 3668 crymas,
1188 3597 1277 3653 llaria
1292 3595 1437 3666 gaudium
1458 3596 1490 3652 in
1505 3601 1608 3654 ventre
1622 3596 1750 3669 portavit
1771 3613 1778 3652 :
1805 3599 1883 3671 quia

162 3692 349 3764 sanquinem,
363 3689 576 3752 marmana,
591 3690 619 3742 et
635 3685 732 3756 eqain
751 3686 804 3742 iilo
832 3687 928 3758 (ioan.
949 3705 988 3756 vr,
1044 3685 1096 3742 illa
1119 3689 1320 3758 peccatorem,
1346 3685 1403 3743 ista
1434 3685 1527 3743 edidit
1553 3685 1755 3744 innocentem.
1789 3687 1884 3758 Virgo

163 3781 217 3853 57).
233 3782 344 3837 Tamen
358 3775 408 3832 illa
418 3791 488 3832 caro
503 3790 598 3848 quam
613 3773 785 3847 assumpsit,
793 3776 881 3833 etiste
890 3777 988 3850 panis,
1043 3773 1157 3849 quippe
1173 3777 1283 3847 genuit,
1300 3777 1371 3851 quia
1386 3777 1469 3850 virgo
1481 3777 1639 3852 concepit;
1663 3777 1806 3837 inviolata
1826 3795 1884 3854 pe-

162 3870 323 3943 omnisque
338 3865 476 3934 Ecclesia,
492 3880 554 3921 non
569 3863 682 3921 iaciunt
695 3864 750 3922 tria
769 3881 896 3939 corpora
908 3867 989 3926 Chri·
1044 3865 1129 3938 perit,
1143 3867 1216 3940 quia
1228 3867 1260 3924 in
1271 3872 1419 3942 conceptu
1432 3868 1526 3927 libido
1540 3885 1601 3927 non
1626 3868 1689 3927 init.
1717 3869 1885 3945 Utrobique

163 3961 211 4026 sti,
223 3958 277 4017 scd
288 3973 383 4014 unum
398 3970 520 4028 corpus,
535 3956 568 4011 Et
583 3953 658 4010 sicut
671 3954 724 4027 qui
739 3954 857 4028 corpori
876 3960 904 4014 et
919 3974 989 4015 sau·
1045 3953 1235 4026 miraculum,
1249 3961 1277 4014 et
1291 3956 1353 4014 sine
1369 3958 1558 4032 corruptione
1573 3958 1710 4030 gravida,
1725 3962 1754 4016 et
1765 3957 1797 4016 in
1812 3975 1886 4034 par-

163 4049 246 4120 guini
260 4046 365 4105 Christi
378 4043 611 4113 communicant,
640 4059 735 4100 unum
751 4060 990 4118 corpuscumeo
1044 4048 1078 4102 tu
1102 4045 1194 4118 ‚virgo
1221 4062 1380 4121 puerpera.
1408 4048 1565 4105 Descendit
1592 4047 1718 4120 angelus
1744 4048 1782 4106 de
1802 4049 1885 4106 coelo

163 4135 341 4205 efficiuntur,
370 4133 411 4189 sic
433 4137 461 4190 ct
484 4133 536 4206 qui
558 4133 793 4204 communicant,
814 4134 939 4192 scienter
953 4137 990 4194 de
1045 4133 1155 4190 missus
1171 4152 1189 4192 a
1203 4137 1287 4192 Patre
1301 4139 1360 4193 Deo
1380 4136 1411 4192 in
1424 4141 1533 4194 nostra
1560 4137 1776 4210 redemptionis
1791 4153 1886 4194 exor-

162 4221 345 4296 idolcthytis,
361 4236 456 4277 unum
471 4237 541 4277 cum
553 4220 675 4278 diabolo
690 4238 800 4296 corpus
815 4223 953 4283 existunt.
1045 4222 1141 4294 dium,
1154 4223 1192 4280 ad
1206 4225 1327 4282 beatam
1352 4225 1545 4284 salutandam
1571 4225 1692 4284 Mariam
1709 4244 1715 4282 :
1731 4227 1805 4295 Aac,
1832 4227 1886 4283 in·

323 4310 360 4365 in
374 4309 514 4380 Symbola
538 4310 682 4380 Ephesius·
699 4312 827 4369 concilii.
1046 4311 1112 4384 quit
1124 4312 1249 4384 angelus
1264 4313 1304 4370 ad
1325 4329 1405 4386 eam,
1427 4316 1529 4387 qratia
1549 4316 1652 4386 piena,
1677 4316 1823 4372 Dominus
1836 4322 1886 4374 te-

198 4397 388 4458 Neccessario
402 4402 431 4454 et
452 4398 510 4454 hoc
534 4398 717 4456 addiscimus
744 4419 750 4457 :
777 4403 989 4459 annuntiantes
1047 4417 1124 4458 cum.
1138 4401 1263 4476 impleta
1273 4407 1317 4460 est
1329 4419 1400 4474 crgo
1414 4403 1503 4462 Maria
1518 4403 1623 4476 gratia,
1635 4409 1664 4461 et
1673 4407 1734 4462 Eva
1748 4409 1886 4463 vacuata

162 4490 244 4549 enim
270 4487 436 4546 secundum
463 4502 585 4544 caruem
609 4491 736 4544 mortem
760 4491 904 4562 unigeniti
928 4491 992 4549 Filii
1046 4494 1123 4546 esta
1141 4489 1240 4565 culpa.
1261 4491 1424 4550 llaledictio
1439 4495 1505 4550 Evae
1515 4492 1547 4550 in
1558 4493 1799 4550 benedictionem
1812 4510 1887 4551 mu-

162 4579 223 4648 Dei,
237 4578 269 4635 id
283 4581 327 4634 est
340 4579 409 4633 iesu
423 4575 538 4643 Christi,
551 4579 581 4631 et
591 4575 839 4634 resurrectionem
863 4579 939 4651 ejus,
963 4585 992 4638 et
1044 4582 1124 4636 tatur
1137 4580 1234 4637 Maria
1250 4597 1257 4636 ι
1273 4581 1346 4651 Aac,
1361 4583 1465 4654 qratia
1475 4583 1580 4653 puna,
1596 4585 1741 4640 Dominus
1767 4589 1883 4641 tecum.

161 4667 193 4726 in
208 4666 290 4724 coelis
302 4665 509 4722 ascensionem
523 4663 635 4737 pariter
647 4665 831 4734 confitentes,
851 4666 990 4724 incruen-

161 4763 223 4814 tam
239 4755 427 4812 celebramus
439 4753 471 4809 in
492 4752 624 4809 ecclesiis
648 4753 785 4811 sacrificii
807 4755 988 4814 servitutem.

162 4847 209 4904 Sic
221 4846 310 4903 etiam
322 4843 362 4902 ad
388 4842 530 4917 mysticas
558 4841 780 4900 benedictiones
805 4845 988 4915 accedimus,

162 4939 190 4992 et
202 4933 435 5002 sanctificamur,
448 4931 608 5007 participes
624 4931 719 4989 sancti
733 4933 867 5008 corporis
879 4938 907 4990 et
921 4950 989 5007 pra-

161 5022 229 5079 tiosi
241 5022 396 5094 sanguinis
411 5021 527 5090 Christi,
544 5020 681 5078 omnium
695 5027 831 5079 nostrum
847 5023 990 5100 Redemp-

161 5109 233 5166 toris
256 5109 351 5167 effecti
365 5127 371 5164 z
387 5126 449 5168 non
473 5115 507 5168 ut
534 5125 729 5169 communem
752 5126 872 5169 carnem
896 5112 989 5187 perci-

1044 4670 1154 4725 l’ecum
1167 4669 1312 4727 Dominus
1325 4670 1358 4727 in
1371 4671 1470 4741 corde,
1486 4676 1585 4729 mcum
1604 4671 1635 4728 in
1649 4677 1758 4744 ventre,
1775 4677 1883 4730 tecum

1044 4756 1075 4814 in
1087 4761 1181 4826 utera,
1198 4763 1297 4816 tecum
1311 4759 1343 4817 in
1356 4760 1476 4818 auxilia.

1078 4851 1106 4904 a.
1124 4848 1228 4905 Maria
1248 4865 1364 4908 ornnem
1388 4857 1511 4922 superat
1540 4851 1671 4908 mudum.
1696 4850 1884 4924 Gratrdare,

1042 4935 1132 4994 beata
1164 4937 1250 5009 Virgo
1279 4957 1285 4996 :
1314 4939 1448 4996 Christus
1485 4955 1537 4996 rex
1565 4956 1582 4997 e
1607 4939 1683 4997 coelo
1714 4955 1769 4996 suo
1794 4942 1888 4999 venit

1043 5025 1074 5082 in
1096 5031 1214 5083 uterum
1239 5030 1336 5099 tuum,
1364 5044 1401 5085 ax
1428 5028 1496 5085 sinu
1524 5029 1616 5086 Patris
1638 5029 1670 5086 in
1695 5033 1814 5086 uterum
1836 5031 1887 5088 di-

1044 5119 1154 5187 gnatur
1181 5115 1361 5174 descendere
1388 5117 1691 5189 malaudimontem,
1707 5117 1814 5191 iuquit,
1834 5125 1885 5189 tu,

161 5197 277 5272 pientes
293 5197 518 5272 (quodabsitlt,
548 5215 604 5257 nec
629 5203 662 5256 ut
684 5199 740 5257 viri
759 5200 935 5259 sanctificati
961 5206 990 5260 at
1042 5205 1074 5260 in
1098 5205 1370 5280 mulieribusque
1392 5206 1485 5264 vitam
1511 5212 1539 5264 et
1557 5207 1628 5266 viris
1651 5211 1680 5264 et
1698 5205 1887 5266 mulieribus

160 5285 256 5344 Verbo
267 5286 418 5356 conjuncti
432 5287 599 5345 secundum
613 5288 764 5360 dignitatis
780 5289 990 5362 unitatem,ant
1042 5292 1194 5367 peperisti.
1232 5296 1321 5352 ltater
1361 5295 1477 5367 generis
1506 5299 1601 5353 nostri
1625 5311 1749 5370 poenam
1776 5295 1887 5354 intulit

161 5376 202 5434 sic
223 5374 356 5433 divinam
382 5376 569 5448 possidentes
588 5377 816 5447 habitationem,
842 5380 895 5438 sad
918 5397 988 5438 vere
1043 5381 1180 5452 mundo;
1207 5383 1337 5441 Genitrix
1360 5385 1478 5442 Domini
1503 5386 1597 5445 nostri
1624 5385 1751 5444 salutem
1777 5386 1888 5444 attulit

158 5463 381 5524 vivificatricem
409 5469 438 5521 et
459 5465 553 5538 ipsius
579 5467 665 5523 Verbi
685 5469 839 5542 propriam
865 5468 986 5527 factam.
1041 5469 1167 5526 mundo.
1208 5472 1329 5530 auctrix
1370 5473 1484 5546 peccati
1511 5477 1592 5544 Eva;
1633 5473 1748 5531 auctrix
1777 5475 1884 5532 meriti

159 5555 223 5614 Vita
236 5555 317 5613 enim
330 5552 504 5611 naturaliter
519 5558 551 5611 ut
567 5558 643 5612 Deus
664 5558 805 5625 existens,
827 5557 899 5631 quia
919 5575 987 5632 pro·
1040 5557 1148 5627 ilaria;
1171 5561 1233 5618 Eva
1259 5562 1424 5621 occidendo
1447 5563 1553 5634 obluit,
1577 5564 1667 5623 llaria
1691 5563 1883 5622 vivificando

157 5644 231 5723 pria
245 5644 328 5704 carni
344 5644 444 5702 unitus
459 5648 513 5712 cst,
529 5644 752 5703 vivificatricem
766 5663 987 5721 cumessepro-
1040 5647 1161 5722 proluit.
1188 5650 1241 5708 llla
1268 5653 1436 5725 percussit;
1466 5654 1523 5712 ista
1563 5653 1690 5712 sanavit.
1725 5655 1782 5710 Pro
1809 5653 1883 5712 ino-
