3996 6186
196 158 246 214 en
685 157 839 218 nuceas
857 154 986 215 necant
1006 155 1034 212 s.
1055 152 1210 219 aurnum
1231 117 1422 220 manaan.
1853 161 1911 216 ess

196 281 414 339 mathematicis
428 284 562 351 vocatur,
593 286 629 338 ei
642 283 752 357 pariter
767 286 842 357 pari,
869 286 898 338 et
911 280 1023 354 parlier
1042 281 1201 350 saumae
1213 283 1339 354 videtur,
1355 283 1457 351 eteul,
1471 286 1613 357 utsupra
1629 281 1744 340 dietum
1757 287 1812 353 est,
1826 287 1909 341 tottts

195 368 305 444 impari
315 370 758 446 coniectus.Sicutnamqueiste
770 388 914 428 numerus
926 370 1024 444 ipsam
1078 369 1175 427 bonor
1190 372 1325 430 debetur.
1349 373 1459 439 Talem,
1485 377 1514 428 et
1536 373 1746 444 hujuscemodi
1759 374 1909 430 honorem

196 459 335 517 eamdem
347 459 598 530 significationem
616 447 747 532 iliorum,
762 467 792 518 et
805 447 905 526 eiiam,
930 461 1025 532 quani
1077 461 1167 518 corde
1181 461 1311 533 revolvo,
1329 459 1358 520 ei
1372 463 1470 519 mente
1487 459 1632 531 debbora,
1660 463 1765 519 decere
1788 468 1907 521 tantum

194 547 309 605 illinon
323 548 446 620 habent,
462 550 621 623 dequibus
635 551 799 621 conficitur,
814 549 946 624 possidet
962 566 968 603 :
984 548 1026 604 ita
1077 552 1239 621 patronum
1256 570 1262 607 :
1279 556 1310 607 ut
1332 567 1400 624 quae
1424 550 1455 606 in
1483 551 1541 606 hoc
1559 550 1662 607 codice
1688 551 1749 606 suis
1778 552 1908 608 tenebris

195 639 226 692 tu
241 637 377 694 omnium
391 638 614 713 episcoporum,
640 640 693 712 qui
707 639 804 696 eidem
827 653 954 694 numero
976 637 1025 693 de·
1078 635 1209 694 obseura
1224 638 1371 708 videntur,
1384 655 1438 712 per
1449 643 1476 696 te
1490 639 1529 696 ad
1541 639 1639 696 lucem
1654 637 1909 711 referantur,quia

193 730 349 797 putantur,
362 743 457 801 quam
479 727 593 784 hahent
606 728 668 784 rim
683 727 845 798 religionis,
862 731 890 783 et
901 725 990 782 aliam
1007 741 1025 782 a
1077 741 1139 781 non
1151 728 1304 799 penuriosi
1317 733 1346 784 et
1370 727 1522 798 ingloriosi
1547 744 1658 785 nomen
1687 727 1908 800 compositoris,

193 816 254 872 Dec
267 816 396 873 obtines.
417 819 450 873 nt
462 816 588 891 qualiter
611 833 647 874 ex
662 833 723 874 una
750 817 857 890 impar,
872 832 908 871 ex
934 814 1025 871 altera
1077 830 1128 870 seu
1143 815 1253 885 egregii
1268 817 1442 874 correctoris
1457 816 1524 873 laus
1534 816 1713 890 acquiretur.

193 912 279 978 parte
292 922 346 980 per
358 906 486 963 dicitur:
503 907 544 962 sic
559 906 623 979 ipse
637 911 669 962 tu
688 905 764 976 aliis,
791 905 844 978 qui
871 893 1024 962 altitudine
1112 902 1293 976 Quanquam
1304 902 1340 962 sii
1354 904 1385 963 in
1400 921 1449 962 me
1468 921 1523 979 pro
1547 904 1669 962 stultitia
1691 903 1907 976 reputandum,

193 994 289 1069 ipsius
301 997 419 1053 numeri
434 995 644 1066 sublimantur,
658 994 825 1069 inaequalis,
849 999 878 1051 et
899 993 1023 1068 aequalis
1076 1006 1129 1063 per
1160 992 1287 1048 istarum
1320 993 1486 1050 litterarum
1512 993 1657 1050 fiduciam
1683 992 1817 1050 audacie
1843 991 1909 1048 ani-

192 1083 341 1142 inveneris
357 1084 536 1158 :inaequalis
552 1084 718 1152 sanctitate,
734 1084 859 1157 equalis
885 1100 956 1141 vero
969 1099 1022 1140 no·
1076 1079 1245 1136 mositatem
1288 1081 1444 1155 arripiens,
1481 1083 1647 1153 majestatis
1681 1085 1739 1137 tuae
1765 1096 1910 1154 conspec-

192 1173 283 1231 mine.
297 1175 363 1247 lpse
378 1178 456 1230 recte
471 1173 640 1246 superfluus
653 1176 714 1229 suis
723 1173 863 1229 asseritur
876 1173 1022 1246 partibus,
1076 1171 1140 1224 tum
1153 1169 1321 1239 adgredior,
1352 1171 1574 1244 adgressusque
1598 1169 1696 1226 cordis
1717 1173 1746 1226 et
1773 1169 1909 1243 corporis

192 1264 265 1338 quia
279 1264 417 1322 videlicet
429 1263 501 1320 siin
515 1279 609 1319 unum
630 1261 803 1333 redigantur
819 1263 883 1333 ejus
898 1263 1021 1335 species,
1075 1257 1189 1313 cervice
1204 1258 1365 1328 submissa,
1394 1276 1456 1316 non
1471 1259 1753 1326 solumsemel,nec
1767 1257 1828 1328 bis,
1852 1275 1909 1315 nec

192 1353 320 1426 qualiter
345 1369 497 1411 summam
521 1351 652 1426 pristine
679 1345 852 1424 quantitatis
877 1355 1024 1422 transgre-
1075 1339 1128 1415 ter,
1141 1347 1215 1420 quin
1228 1348 1320 1404 etiam
1333 1349 1465 1405 crebrius
1480 1365 1585 1422 preces
1597 1350 1693 1422 jungo
1708 1348 1860 1421 precihus,
1878 1355 1910 1405 ut

192 1443 338 1512 diuntur;
364 1444 406 1500 sic
431 1440 669 1513 transgressione
696 1441 882 1509 meritorum,
907 1441 932 1496 si
964 1446 1021 1497 tuae
1075 1435 1173 1492 omnis
1189 1437 1402 1510 scrupulositas
1417 1439 1533 1511 injustas
1546 1439 1749 1510 ambiguitatis
1764 1438 1908 1495 tuisacu-

192 1527 355 1589 sanctitatis
370 1520 509 1605 symbola
525 1525 830 1600 colliguntur,allisin
846 1529 952 1586 eodem
965 1538 1022 1586 nu·
1074 1525 1206 1582 tissimus
1231 1526 1424 1600 bipennibus,
1455 1543 1491 1584 ex
1512 1527 1674 1601 purissimo
1697 1527 1793 1584 calibe
1815 1529 1909 1585 totius

191 1623 276 1676 inere
290 1621 349 1678 lieo
364 1616 561 1677 militantibus
573 1616 661 1674 *altitu
672 1617 819 1690 reperiris.
847 1618 924 1683 Quid
950 1628 1021 1676 vero
1040 1614 1226 1686 guapientiae
1239 1616 1390 1687 coniectis,
1407 1616 1541 1673 funditus
1556 1622 1646 1692 atque
1673 1617 1817 1674 radicitus
1840 1634 1908 1674 am-

190 1709 221 1765 in
236 1709 343 1767 eodem
353 1709 476 1766 muslcl's
490 1705 605 1765 oalrtdo
617 1706 794 1778 designatur
807 1704 947 1772 modulis,
963 1703 1021 1760 nisi
1074 1707 1204 1776 putetur.
1221 1698 1297 1762 Pena
1324 1705 1450 1762 dimidia
1465 1721 1535 1780 pars
1563 1707 1655 1778 hujus
1669 1705 1769 1780 operis
1783 1707 1908 1764 minime

192 1789 361 1858 sublimitas
375 1789 448 1857 tanti
461 1797 580 1874 paboni
594 1795 608 1852 i
623 1796 699 1860 Quid
715 1795 797 1851 aliud
818 1783 883 1869 lpse
906 1794 1022 1850 dnode-
1075 1791 1192 1848 videtur
1209 1793 1358 1866 respicere
1381 1795 1420 1851 ad
1443 1795 1598 1866 negotium
1625 1795 1770 1867 unimus,
1798 1797 1857 1853 nisi
1879 1803 1908 1854 te

190 1891 302 1959 narius,
318 1889 377 1946 nisi
391 1893 570 1946 concentum
584 1884 773 1958 symphonice
786 1883 935 1957 diapason
949 1897 1021 1953 aug·
1075 1895 1206 1937 messem
1230 1883 1373 1940 sarriatur
1394 1884 1516 1940 carduis
1551 1883 1771 1958 superfluitatis
1788 1903 1795 1952 ;
1822 1887 1906 1958 quia,

190 1983 292 2036 mento
318 1975 500 2051 duplicitatis
526 1972 641 2048 perficit
668 1973 708 2030 ad
730 1972 893 2038 senarium,
907 1971 961 2045 qui
976 1971 1022 2028 sui
1075 1969 1148 2025 dum
1165 1985 1287 2042 premor
1298 1973 1432 2046 corporis
1448 1973 1630 2042 infirmitate,
1660 1973 1796 2047 dumque
1811 1991 1908 2031 saecu-

190 2067 326 2142 quadam
337 2064 591 2124 demonstratione
605 2061 731 2133 alicujus
742 2061 784 2116 rei
796 2060 1018 2134 perlectionem,
1074 2052 1182 2109 larium
1193 2070 1293 2111 rerum
1307 2055 1457 2130 impedior
1481 2057 1666 2128 necessitate,
1694 2059 1805 2114 mentis
1830 2073 1905 2115 mese

191 2157 344 2231 sicutipse
358 2155 573 2229 perlectnsest,
602 2149 748 2208 assuescit
762 2149 930 2220 signiticare
945 2149 959 2203 i
989 2151 1022 2204 lit
1074 2143 1192 2216 acidus,-
1205 2161 1261 2202 sua
1276 2152 1381 2219 sponte
1397 2148 1559 2204 cecitatem
1575 2147 1676 2222 potius
1691 2162 1783 2221 quam
1805 2148 1907 2204 lucem

190 2241 264 2320 quid
278 2253 502 2320 perascensum
517 2241 632 2299 ordinis
649 2239 739 2311 hujus
750 2238 879 2309 humeri,
895 2238 952 2294 nisi
964 2238 1036 2294 im-.
1074 2228 1294 2300 amplectendo,
1311 2231 1484 2299 suffoditur,
1494 2237 1523 2289 θ*
1533 2231 1734 2305 θθΐΡθῑθῙῙῑῐω
1746 2232 1907 2290 desideriis

190 2337 296 2392 mensa
310 2325 451 2408 perfectio
464 2329 591 2404 duplicis
603 2327 779 2385 incrementi
788 2328 819 2382 in
828 2332 854 2382 te
868 2327 1021 2385 commata
1074 2318 1255 2388 gaudiorum
1270 2320 1403 2392 orbatur,
1416 2330 1506 2395 arque
1520 2321 1551 2377 iu
1566 2322 1714 2379 immenso
1729 2322 1844 2393 gurgite
1860 2327 1906 2378 te-

190 2422 432 2494 augmentatione
443 2418 624 2493 duplicitatis
639 2415 1019 2488 declaraturittespiciente
1073 2409 1237 2465 usbrarum
1266 2410 1458 2483 demergitur.
1487 2410 1571 2467 illum
1600 2411 1748 2485 siquidem
1767 2411 1905 2484 mulum,

190 2511 339 2586 siquidem
354 2507 461 2568 eodem
476 2520 603 2565 numero
618 2507 657 2564 ad
670 2504 856 2562 octonarium
873 2505 1020 2577 sesquial-
1072 2511 1164 2570 quern
1177 2499 1245 2555 dico
1259 2499 1401 2556 subsidiis
1415 2500 1487 2557 recti
1506 2500 1629 2558 luminis
1644 2501 1818 2558 destitutum
1834 2517 1853 2557 a
1866 2505 1904 2568 te,

189 2603 264 2673 tera,
277 2599 316 2658 ad
330 2598 526 2657 novenarium
543 2595 730 2670 sesquitertia
742 2594 936 2668 proportione
956 2594 1021 2651 dia·
1071 2588 1126 2660 qui
1151 2589 1277 2646 versaris
1302 2589 1332 2645 in
1359 2599 1513 2647 sacrorum
1528 2591 1684 2664 praeceptis
1703 2591 1904 2664 eloquiorum,

189 2687 288 2764 pente,
302 2696 333 2747 et
357 2689 545 2746 diatessaron
574 2686 678 2742 retinet
703 2683 922 2759 symphonias:
948 2683 1020 2757 quia
1070 2682 1181 2751 exopto
1194 2679 1345 2737 illustrari.
1361 2681 1480 2736 certum
1506 2686 1534 2737 te
1547 2681 1672 2738 reddere
1695 2680 1777 2749 volo,
1797 2685 1905 2736 utnon

188 2785 260 2837 tuno
274 2777 426 2851 temporis,
439 2785 501 2850 quo
513 2775 607 2847 ipsius
629 2772 764 2844 ejusdem
778 2773 930 2845 provectio
942 2777 968 2829 te
987 2773 1019 2828 in
1070 2768 1164 2823 rearis
1179 2784 1227 2824 me
1240 2769 1310 2825 huic
1321 2769 1405 2842 operi
1419 2769 1542 2826 haesisse
1557 2770 1734 2839 vroluntarie,
1750 2786 1808 2826 nec
1833 2768 1906 2826 illud

189 2865 340 2943 pastorale
350 2866 485 2936 regimen
508 2862 636 2930 sustulit,
652 2865 719 2917 octo
737 2861 936 2918 beatitudines·
950 2862 1018 2920 ute
1072 2861 1239 2928 spontanea
1253 2857 1405 2915 voluntate
1426 2859 1562 2931 coepisse.
1578 2863 1652 2915 ante
1665 2859 1814 2916 biennum
1824 2875 1905 2916 mor·

190 2954 401 3026 augmentavit,
418 2957 446 3009 et
461 2960 573 3007 nomen
588 2949 765 3018 angelornm
784 2948 909 3005 coetibm
924 2951 1017 3007 socie·
1034 2945 1106 3043 Ctis
1120 2947 1184 3017 ejus
1196 2951 1229 3003 ut
1243 2963 1326 3005 more
1340 2947 1557 3021 frequentativo
1583 2947 1625 3004 lui
1653 2949 1736 3022 apud
1757 2949 1905 3006 ommium

188 3043 239 3100 trit.
258 3045 406 3110 Quarero
420 3040 536 3097 ratione
558 3037 667 3095 binarii
680 3036 924 3110 multiplicatione
952 3040 1016 3113 ipse
1068 3034 1178 3090 ducem
1199 3035 1390 3104 Richardum,
1420 3035 1557 3094 willelmi
1585 3037 1770 3094 marchionis
1794 3037 1903 3120 lilium¹

189 3129 392 3188 duodenarius
402 3131 432 3187 in
441 3128 616 3186 vicesimam
630 3131 770 3200 quartam
781 3127 1015 3186 cumulationem
1069 3123 1173 3180 volem
1186 3124 1212 3180 ei
1226 3125 1350 3181 reddere
1363 3141 1438 3182 mee
1458 3125 1606 3182 servitutis
1619 3125 1765 3196 officium,
1779 3133 1903 3200 propter

187 3215 371 3279 transcendit
384 3231 390 3275 t
408 3220 450 3276 sic
466 3218 656 3289 geminorum
670 3220 899 3290 praceptorum,
908 3217 1017 3275 scillcet
1069 3212 1229 3270 innumera
1242 3213 1389 3270 beneficia
1400 3229 1471 3287 quas
1497 3207 1613 3287 absque
1623 3231 1692 3271 meo
1706 3216 1811 3272 merito
1824 3216 1901 3272 mihi

188 3303 238 3369 liei
251 3315 281 3368 et
294 3309 423 3384 proximi
451 3315 547 3376 amor,
576 3305 696 3377 gemina
720 3305 889 3374 observatio
913 3307 1015 3378 viginti
1068 3301 1210 3372 dignatus
1225 3309 1288 3359 erat
1310 3303 1467 3377 impartiri·
1491 3303 1548 3370 Qui
1576 3305 1712 3378 quadum
1737 3305 1786 3362 die
1799 3305 1904 3376 adsis

186 3406 316 3476 quatuor
341 3398 478 3474 supernis
494 3396 663 3454 ¹senioribus
691 3399 720 3452 te
743 3397 925 3467 aggregavit,
945 3411 1015 3453 eum
1069 3389 1255 3465 dienscoepit
1268 3392 1399 3449 brachiis
1422 3392 1549 3468 piissimi
1562 3393 1673 3450 amoris
1687 3409 1737 3450 me
1752 3395 1901 3468 amplecti,

186 3489 298 3564 quibus
313 3484 556 3546 immarcessibili
567 3499 679 3542 corona
697 3483 852 3540 redimitus
865 3486 1017 3544 canticum
1070 3480 1191 3554 suisque
1230 3481 1411 3538 dulcissimis
1439 3483 1629 3540 sermonibus
1658 3485 1785 3555 babere,
1812 3489 1902 3559 atque

186 3583 299 3635 bovum
314 3575 429 3633 sedenti
441 3575 588 3631 inthrono
599 3572 744 3630 cantabis.
757 3575 834 3628 inter
847 3575 1015 3646 quos,sicut
1068 3569 1209 3642 precibus
1222 3569 1363 3641 jocundis
1376 3571 1519 3639 mulcere,
1546 3572 1619 3645 quin
1645 3573 1735 3630 etiarn
1760 3573 1903 3631 detestari

185 3666 282 3723 isdem
295 3681 350 3722 sua
362 3661 520 3721 medietate
545 3663 742 3736 superposita,
769 3662 801 3718 id
822 3667 866 3720 est
884 3665 1012 3734 senario,
1068 3663 1096 3716 et
1108 3659 1209 3730 jurare
1223 3659 1255 3715 in
1269 3660 1423 3730 charitate,
1447 3666 1490 3730 ut,
1516 3661 1540 3717 si
1553 3677 1616 3734 qua
1631 3677 1752 3735 possen
1770 3663 1899 3734 ratione,

184 3755 247 3830 qul,
264 3759 297 3812 ut
319 3753 500 3823 dictumest,
517 3757 597 3809 caret
614 3751 778 3810 deiectione
799 3755 829 3808 et
856 3752 1014 3827 superflui·
1068 3747 1176 3804 animis
1200 3749 1261 3804 suis
1283 3749 1337 3805 diu
1360 3749 1535 3808 desideratis
1562 3751 1724 3808 moderor:
1744 3752 1855 3809 scilicet
1867 3761 1902 3812 ut

185 3849 254 3916 tate,
268 3845 301 3902 iu
314 3847 454 3902 octavum
480 3841 631 3900 decimum
647 3854 808 3898 numerum
824 3844 930 3900 crescit
947 3861 953 3898 ε
978 3845 1014 3901 si·
1069 3851 1167 3893 mures
1183 3839 1328 3910 actusque
1352 3839 1464 3895 telluris
1477 3841 1695 3910 Normanniee,
1711 3841 1783 3914 quid
1809 3840 1902 3897 etiam

184 3930 291 3992 militm
305 3931 468 3990 dulcisonis
488 3930 692 3988 consonantiis
719 3930 808 3987 tonus
831 3932 1014 3990 harmonicae
1068 3927 1174 4001 proavi
1187 3927 1234 3984 sui
1249 3927 1379 3985 nononis
1395 3945 1463 4003 quae
1475 3930 1576 4003 posuit
1600 3931 1631 3987 in
1645 3945 1740 4002 regno
1750 3931 1823 4003 jura
1835 3931 1901 3987 des-

183 4020 397 4082 modulatlonis
413 4017 546 4080 officium
559 4019 873 4079 mellihueeeantilena
888 4023 1014 4081 redden·
1068 4017 1222 4074 triburam.
1241 4018 1564 4091 Stupuivelutamens,
1587 4025 1617 4076 et
1630 4019 1760 4094 perdies
1786 4020 1900 4094 ahquot

183 4105 273 4182 tibus,
286 4110 361 4170 nihil
375 4111 564 4180 defectivum,
579 4109 654 4168 nihil
669 4111 857 4185 superfluum
875 4113 1011 4183 eudlms,
1067 4107 1114 4162 his
1124 4106 1316 4180 petitionibus
1331 4123 1380 4164 me
1390 4109 1499 4179 negavi
1510 4107 1656 4165 ebanem.
1668 4108 1802 4166 Tandem
1816 4125 1898 4178 vero,

184 4201 352 4258 secundum
367 4201 500 4275 quinque
513 4199 680 4258 tetracorda
706 4200 812 4257 ¹(tectim
828 4204 856 4257 et
872 4206 939 4259 octo
954 4202 1013 4259 dis-
1067 4199 1110 4252 tot
1122 4195 1293 4268 precatibus
1307 4200 1408 4252 motus
1421 4197 1572 4270 tantisque
1584 4196 1725 4270 precibus
1745 4197 1897 4270 fatigatus,

182 4286 307 4363 paribus
331 4290 440 4348 innexa
475 4285 587 4346 fidibus
614 4287 770 4346 efficaciter
805 4289 1009 4348 delectaberis.
1067 4283 1114 4340 vix
1129 4284 1349 4341 iluxi'auimum
1362 4285 1402 4342 ud
1416 4289 1505 4342 tuuis
1521 4286 1644 4343 sarcines
1659 4287 1780 4359 pondus
1794 4288 1899 4344 bume-

183 4379 334 4447 Quorsum
348 4379 474 4438 tendunt
488 4381 545 4438 ista
559 4380 573 4436 1
587 4379 662 4438 illud
681 4383 725 4436 est
738 4380 770 4436 in
799 4395 900 4438 causa.
924 4383 1011 4439 Pera·
1028 4342 1051 4398 Β
1066 4374 1106 4430 ris
1133 4374 1209 4430 meis
1236 4375 1465 4448 imponendum.
1490 4379 1531 4447 Et,
1548 4391 1726 4450 quanquam
1755 4389 1849 4451 snper
1862 4377 1901 4434 ri-

182 4469 370 4541 graustotius
380 4467 632 4544 Galliaepartibus
645 4468 867 4542 circumspectis
877 4471 1011 4545 undique
1065 4463 1142 4520 rium
1148 4477 1286 4520 mearum
1294 4463 1522 4538 possibilitatem
1532 4467 1589 4522 hoe
1601 4481 1666 4523 esse
1680 4467 1900 4524 recensuissem

181 4566 268 4618 secus
291 4559 428 4617 omnium
457 4557 692 4618 Christianorum
719 4556 843 4632 tinibus,
858 4559 1010 4618 neminem
1064 4552 1148 4626 quud
1162 4552 1359 4620 indicebatur,
1373 4555 1482 4626 jugum
1506 4556 1581 4612 tanti
1604 4555 1704 4613 oneris
1733 4557 1810 4613 collo
1830 4571 1901 4614 meo

181 4650 343 4725 comperio,
358 4649 406 4706 cut
419 4645 486 4721 pari
494 4647 602 4702 decore
616 4647 706 4703 totius
734 4647 857 4720 honoris
884 4663 1010 4709 munera
1065 4643 1216 4717 imposuit
1243 4641 1321 4700 iliius
1348 4643 1482 4702 mandati
1510 4645 1641 4703 imitatur
1654 4645 1787 4714 effertus,
1814 4647 1903 4721 quud

180 4735 300 4798 attunt
312 4735 452 4802 debeam,
470 4734 547 4791 sieut
561 4733 623 4792 uhi.
641 4734 796 4804 Quocirca,
812 4735 1009 4794 memorande
1064 4731 1200 4806 precipit
1213 4747 1270 4790 uos
1284 4737 1372 4800 stare,
1384 4732 1505 4790 virilitur
1519 4749 1607 4805 egere
1622 4738 1650 4791 et
1663 4733 1839 4804 centenari,
1855 4735 1901 4792 in·

179 4826 274 4896 Pater,
286 4831 448 4901 postquam
464 4823 576 4896 inclyta
588 4822 670 4880 lama
682 4838 718 4879 ex
731 4824 788 4880 tuis
800 4824 883 4880 miris
893 4825 1009 4882 acubus
1065 4834 1155 4895 super
1169 4821 1271 4879 omnia
1284 4827 1388 4879 nostra
1407 4822 1438 4878 in
1465 4821 1606 4880 charitate
1632 4823 1697 4880 iteri
1708 4825 1738 4891 (l
1751 4823 1822 4880 Ger.
1839 4839 1901 4894 m,

179 4923 321 4990 expressa
336 4927 424 4972 aures
437 4924 523 4970 meas
536 4911 652 4985 irrupit,
669 4912 777 4969 animis
806 4914 881 4969 meis
901 4913 1010 4970 indesi-
1067 4911 1120 4983 131.
1135 4910 1235 4984 stylus
1247 4915 1357 4967 nostrae
1370 4911 1525 4986 imperitiae
1538 4912 1652 4969 nedtrm
1664 4913 1780 4986 primas
1796 4919 1901 4986 partes

178 5011 283 5062 uenter
296 5003 433 5062 sumnus
449 5002 488 5059 ad
505 5005 531 5058 te
545 4999 713 5058 divertendi
726 5001 921 5061 ministravit:
938 5003 1010 5077 quia
1064 5001 1163 5074 operis
1178 5001 1324 5074 attigeret,
1340 5002 1399 5058 heu
1413 5003 1491 5075 proh
1506 5002 1593 5060 dolor
1610 5003 1616 5059 1
1632 5017 1703 5059 cum
1717 5003 1903 5078 lacrymabi-

178 5095 261 5152 vetut
274 5091 313 5152 ab
338 5093 405 5168 ipsa
420 5090 625 5164 divulgatione
639 5090 771 5147 nominis
786 5091 828 5148 tni
842 5091 942 5162 didici,
965 5107 1011 5150 sa·
1064 5089 1194 5160 lisiama
1220 5089 1380 5147 Ricardum
1406 5094 1468 5148 toto
1489 5089 1563 5148 orbe
1589 5091 1757 5165 principem
1788 5093 1903 5150 obiisse

178 5179 350 5238 ttsfaoturus
365 5179 478 5256 ubique
497 5179 652 5238 desideriis
665 5179 750 5248 meta
766 5183 800 5236 ut
823 5180 1010 5252 refrigerium
1064 5179 1221 5236 nuniavit.
1246 5179 1353 5238 Omnia
1382 5180 1445 5237 hec
1460 5181 1491 5237 in
1516 5181 1620 5239 dolore
1634 5181 1726 5254 huius
1750 5181 1901 5254 principis

177 5263 265 5324 fleres
280 5275 355 5325 meae
383 5269 578 5327 necessitatis.
604 5269 685 5326 Hanc
707 5283 779 5324 vero
802 5270 1009 5328 necessitatem
1064 5268 1304 5341 postposuissem
1324 5273 1447 5344 propter
1461 5270 1589 5327 nimium
1613 5271 1903 5330 lleturnintolerabi-

179 5347 219 5414 ab
231 5356 420 5414 inchoatione
433 5373 528 5432 usque
543 5373 625 5414 nunc
646 5357 789 5431 temporis
805 5359 911 5432 patior,
927 5360 1011 5433 quod
1063 5357 1183 5430 lemque
1197 5359 1418 5432 planctum,qul
1431 5375 1493 5416 non
1506 5360 1604 5416 solum
1614 5373 1902 5428 cormeum,verum

178 5445 342 5505 caitantdli
357 5447 454 5520 operis
469 5447 671 5522 despectivam
687 5453 777 5522 atque
789 5449 1009 5521 reprobabilem
1064 5449 1154 5504 etiam
1169 5448 1257 5504 totins
1273 5449 1406 5522 corporis
1416 5449 1555 5506 membra
1563 5465 1713 5523 quassans
1724 5452 1900 5524 torquebat,

177 5535 428 5611 compositionem
456 5535 496 5594 att
509 5537 722 5609 corrigendum
748 5541 999 5610 repraesentarem
1063 5538 1122 5594 nisi
1135 5537 1511 5612 perprecellentissimum
1525 5539 1621 5597 libum
1647 5541 1713 5613 ejus
1739 5541 1903 5615 patritium

173 5621 643 5702 ammoneatmmrpmcr
665 5623 795 5701 acuns
821 5627 889 5688 teus
914 5599 1010 5686 celei
1064 5627 1226 5689 manaim
1239 5629 1782 5706 mesammonetpreupum
1801 5631 1902 5692 comt-
