3998 6176
95 151 148 211 309
475 181 477 186 v
691 136 893 206 TRACTATUS
911 134 1055 201 CONTRA
1071 139 1223 202 tultam.
1762 145 1817 198 tlt)

93 246 125 328 ιἠ
141 287 172 334 ec
186 285 273 344 auem
286 267 568 340 euuuuluomieus
582 266 614 322 tu
629 279 691 329 uuo
706 263 837 321 imbuam
860 259 961 316 tua-h
984 257 1058 332 legis
1070 259 1220 320 Christum
1244 263 1362 322 venisse
1376 264 1573 336 demonstrat,
1594 282 1660 338 que
1670 265 1748 328 laeta
1772 270 1817 324 est

93 378 159 418 rum
172 361 272 432 (Deut.
285 359 396 432 stall),
412 361 441 414 et
452 357 563 430 dejarn
577 355 657 419 iacta
673 354 815 415 electione
830 349 924 408 tribus
982 348 1049 422 ipso
1064 351 1211 419 veniente,
1236 352 1313 412 sicut
1336 370 1429 430 supra
1444 355 1561 414 dixerut
1576 356 1695 416 diuinus
1723 355 1814 414 isaias

92 455 119 506 et
132 449 191 508 loci
207 447 288 507 canit
298 462 350 506 rex
365 446 417 504 Dei
429 445 540 526 psaltes
555 443 676 504 dicens:
693 441 813 516 Repulit
827 440 925 498 tuber·
981 437 1028 496 his
1042 439 1142 496 verbis
1158 458 1164 496 :
1179 441 1250 501 Erit
1274 443 1305 498 iu
1333 444 1499 500 nouissimis
1514 445 1616 506 (licem
1638 447 1815 516 manifestus

91 541 237 596 naculum
249 536 361 608 Joseplr
372 541 401 594 et
416 533 684 606 ercammarum
699 548 759 592 uon
774 529 927 604 claudam
981 530 1174 588 menedemus
1185 533 1505 607 Dorm‘uipraspcratus
1520 536 1553 604 uz
1567 537 1721 594 caecantem
1734 551 1815 593 mon.

89 632 180 701 etepit
202 629 316 686 emtum
340 625 434 694 lesda,
460 629 588 684 moulan
609 623 683 688 Stoa
706 636 792 696 quem
819 619 926 679 ditescit
982 619 1066 690 tium,
1082 622 1306 680 eteeottutitur
1320 625 1552 696 supersedeam
1569 625 1814 684 uenusrtodeum

88 721 186 792 (Psal.
198 717 365 790 uxvuptt).
383 717 423 772 lle
435 715 492 772 hoc
507 713 607 795 itaque
620 711 787 770 vaticinans
802 709 925 786 patriar·
980 709 1127 769 universa
1140 717 1240 784 pentes
1256 717 1282 768 et
1298 713 1398 772 diceret
1412 729 1423 768 :
1444 714 1555 782 Veur'te²
1568 715 1763 774 ascerrdumus
1774 715 1814 772 ud

88 811 144 877 cha
156 815 185 873 ct
195 825 254 886 pro
267 809 328 866 fine
342 808 408 885 ejus
420 806 583 868 adventura
604 803 716 866 hessie
740 801 923 873 ssguiiioans,
980 803 1108 855 sacurem
1122 800 1244 856 Domini
1258 805 1285 858 et
1298 801 1465 860 oddcmum
1477 803 1680 870 Deidaeohmt
1696 819 1813 860 astruar-

86 900 220 958 hreviter
233 897 415 972 loquebatur
430 895 535 956 dicens
550 912 556 950 ε
572 895 641 952 Neu
669 893 826 963 auferetur
844 906 924 971 scep-
981 887 1066 946 tiabit
1081 887 1165 952 uobis
1180 889 1259 947 utum
1271 879 1423 955 sataliam
1439 891 1642 962 irrerediemur
1657 893 1687 948 iu
1703 907 1747 950 ee.
1764 893 1813 950 Ee

87 996 168 1046 trum
183 988 223 1048 de
233 988 316 1048 dudo
328 992 356 1044 et
369 987 434 1044 due·
446 985 482 1042 de
495 986 609 1056 femore
621 986 704 1056 ejus„
716 983 808 1043 donee
824 983 923 1042 ueuict
979 975 1050 1032 Sicu
1065 978 1141 1036 arira
1155 979 1271 1046 prodiet
1289 979 1383 1050 temet
1398 979 1519 1038 eertum
1530 981 1695 1040 Domim'de
1706 982 1815 1041 Hieru-

85 1080 137 1152 φα·
152 1078 320 1142 mittendus
335 1082 388 1146 est,
403 1081 431 1139 et
443 1077 505 1148 ipse
519 1074 575 1131 erit
590 1073 772 1144 exspectatio
778 1070 923 1144 uectium,
978 1066 1072 1122 sotem
1096 1065 1166 1138 (Iso.
1182 1083 1212 1136 u,
1228 1066 1265 1138 2).
1295 1066 1365 1134 Quis
1380 1071 1479 1125 autem
1496 1069 1572 1128 adeo
1598 1069 1694 1141 ruetis,
1705 1073 1737 1126 ut
1750 1086 1811 1132 non

85 1169 138 1228 sed
153 1184 267 1232 sensus
280 1167 365 1226 istius
374 1164 538 1244 prophetice
551 1163 593 1230 sic
616 1161 872 1236 accipienduscst,
888 1175 923 1218 ac
978 1152 1122 1225 intelligat
1147 1153 1178 1212 in
1201 1155 1248 1211 his
1275 1155 1376 1214 verbis
1398 1161 1532 1215 montem
1561 1157 1710 1218 elevatum
1721 1175 1812 1236 super

85 1257 106 1314 si
120 1256 221 1334 paulo
230 1255 370 1334 pluribus
381 1253 480 1315 verbis
507 1252 703 1327 explicaretur
729 1250 786 1308 hoc
809 1247 920 1308 modo:
978 1245 1107 1312 montes,
1122 1243 1273 1302 Christum
1285 1261 1350 1302 esse
1365 1261 1468 1316 regem
1482 1263 1571 1320 super
1585 1247 1811 1322 principeseln

84 1351 201 1404 Dorum
216 1346 306 1420 tuda,
322 1360 391 1420 quaa
409 1359 490 1409 uuae
504 1341 625 1404 modica
646 1344 690 1404 cst
703 1344 732 1396 et
753 1337 924 1414 peregrina,
978 1333 1070 1405 hujus
1085 1349 1157 1406 erge
1171 1332 1249 1404 regis
1274 1333 1407 1398 adventu
1420 1335 1542 1394 videbat
1555 1337 1701 1414 propheta
1713 1336 1811 1405 leuem

84 1439 200 1494 crescet
214 1433 290 1496 alirn
303 1433 334 1498 iu
349 1433 498 1508 populum
521 1445 679 1502 maguum,
702 1432 731 1486 et
757 1426 880 1490 habehit
891 1426 923 1483 in
978 1421 1125 1479 exituram
1140 1438 1215 1494 esse,
1230 1438 1293 1480 non
1305 1421 1343 1480 de
1354 1427 1456 1484 monte
1473 1424 1554 1495 Siue,
1565 1425 1603 1482 ad
1614 1425 1811 1485 erudiendam

84 1529 161 1588 terra
170 1521 386 1598 promissionis
399 1519 560 1581 [lominica
573 1519 703 1599 patriam
730 1519 860 1577 suamet
880 1531 924 1575 re
978 1527 1071 1569 unam
1086 1515 1206 1582 gentem
1221 1513 1297 1570 sicut
1317 1513 1411 1586 prius,
1428 1513 1483 1572 sed
1507 1513 1661 1574 demente
1678 1514 1749 1575 Sion
1771 1515 1810 1575 ad

85 1628 134 1682 ges
150 1611 219 1670 sive
231 1610 328 1672 duces
341 1626 379 1669 ex
394 1625 501 1682 genere
522 1624 576 1666 suc
589 1627 595 1665 :
609 1623 664 1672 uec
680 1605 797 1666 tolletur
817 1607 923 1682 postea
938 1623 962 1680 Β
977 1600 1131 1658 docendas
1148 1605 1251 1674 gentes
1262 1601 1338 1660 sicut
1351 1618 1431 1660 nunc
1447 1603 1559 1665 iactum
1575 1620 1639 1664 esse
1660 1603 1810 1666 videmus.

85 1696 225 1770 regimen
241 1695 304 1758 slve
319 1691 468 1756 ducamen
483 1692 579 1770 ipsius¹
589 1691 705 1776 populi,
719 1689 757 1748 de
771 1705 866 1754 mauu
877 1688 923 1752 sui
976 1692 1064 1746 Vetus
1080 1694 1180 1747 autern
1192 1688 1240 1747 lex
1261 1691 1519 1764 quinquagesimo
1529 1692 1577 1754 <lie
1593 1697 1661 1769 post
1675 1693 1810 1756 immola

84 1785 215 1856 generis,
231 1784 274 1841 ita
287 1787 321 1844 ut
332 1787 547 1843 transmutetur
559 1783 590 1840 in
605 1797 731 1846 manum
754 1778 843 1840 alieni
857 1795 922 1838 rec·
977 1779 1088 1838 tionem
1104 1779 1255 1853 paschalis
1270 1780 1342 1852 agni
1360 1779 1432 1841 data
1458 1786 1503 1842 est
1525 1781 1630 1856 ltloysi,¹
1654 1799 1735 1844 nova
1762 1784 1810 1842 lex

85 1875 170 1949 toris¹
191 1873 288 1938 donec
303 1872 404 1933 veniat
416 1872 560 1934 Christus.
578 1871 652 1931 cum
679 1884 751 1940 ergo
778 1867 921 1937 videritis,
976 1867 1231 1946 quinquagesimo
1246 1867 1809 1946 diepost-occisionemctresurrectio·

85 1981 104 2020 ο
119 1963 231 2034 iudei,
247 1967 398 2040 sceptrum
413 1962 489 2020 tuda
503 1963 534 2019 in
549 1959 921 2032 manuregisalienigenee
975 1957 1122 2017 nemveri
1138 1958 1226 2029 agni,
1243 1958 1511 2037 sanctisapostelis
1536 1959 1751 2034 inspirataost,
1772 1961 1809 2020 de

83 2056 335 2120 consulatum,
348 2052 407 2114 hcc
420 2057 499 2110 certo
528 2050 615 2124 siguo
639 2049 789 2110 Christum
802 2047 921 2110 venisse
975 2063 1037 2125 qua
1049 2046 1115 2120 lege
1134 2047 1205 2107 dicit
1219 2048 1310 2106 etiam
1324 2052 1446 2110 sanctus
1460 2048 1605 2108 teremins
1622 2067 1630 2108 ι
1646 2052 1724 2112 Ecce
1748 2051 1809 2113 dies

84 2141 270 2214 cognoscite.
286 2145 344 2202 Nec
358 2140 534 2216 exspectetis
556 2139 679 2218 ulterius
699 2137 864 2214 temporale
878 2153 922 2196 re
976 2137 1108 2206 ueniunt,
1130 2138 1203 2199 dicit
1218 2139 1375 2208 Dumium,
1390 2144 1418 2200 et
1446 2139 1730 2212 confirmabosuper
1760 2142 1810 2202 de

84 2247 180 2303 gnum
196 2231 283 2304 quod
295 2223 487 2302 transiisset
499 2228 921 2304 gaudetepecpetualitercou-
975 2243 1055 2286 mum
1067 2229 1160 2287 Jacob
1185 2234 1392 2289 testamcutum
1415 2245 1536 2303 uocum,
1561 2246 1621 2288 acu
1646 2232 1809 2294 secundum

83 2337 213 2396 regnare
227 2321 345 2386 Christo
357 2320 509 2406 quiveait.
526 2320 619 2404 limus
640 2318 741 2394 itaque
755 2317 919 2394 prophetiae
975 2321 1183 2374 testamcutum
1199 2317 1279 2390 quod
1293 2319 1435 2376 constitui
1449 2317 1601 2391 polulus,
1617 2319 1649 2376 ta
1669 2320 1716 2381 die
1744 2336 1806 2394 que

83 2412 242 2482 veritatem
256 2409 379 2476 effectus
394 2425 495 2471 rerum
507 2409 659 2472 evidenter
671 2413 714 2466 est
728 2412 919 2470 consecutus.
975 2405 1163 2476 apprehendi
1172 2421 1295 2466 menum
1308 2422 1411 2466 eorum
1425 2413 1458 2464 ut
1473 2408 1626 2468 educerem
1641 2424 1688 2468 eos
1700 2409 1736 2470 de
1751 2416 1809 2468 ter-

82 2501 251 2572 Postquam
265 2497 345 2556 enim
357 2501 434 2559 neus
449 2497 479 2556 iu
507 2501 584 2556 terra
609 2494 818 2570 promissionis
833 2495 923 2568 elegit
975 2509 1010 2552 ra
1024 2495 1168 2566 AEeupti,
1184 2498 1239 2552 etc.
1257 2498 1330 2564 tter.
1342 2511 1393 2566 vu,
1417 2496 1472 2570 32).
1498 2497 1646 2566 Quoniam
1661 2498 1751 2570 igitur
1776 2499 1809 2560 la

83 2587 141 2644 sihi
154 2586 262 2652 locum
273 2587 359 2662 regni
371 2584 576 2660 sacerdotalis„
602 2585 677 2651 elcut
695 2583 920 2659 praescripserat
973 2583 1136 2640 adventum
1152 2582 1257 2640 christi
1271 2599 1384 2642 novam
1397 2584 1497 2658 legem
1510 2585 1549 2648 ab
1571 2585 1637 2662 ipso
1652 2585 1810 2651 lesendam

82 2679 209 2752 lloyses,
221 2679 252 2734 et
262 2675 304 2734 sic
320 2675 414 2736 David
422 2679 528 2750 postea
538 2673 919 2745 iaetumessececinit‚non
974 2673 1204 2748 esseprophae
1227 2673 1440 2748 praedixerant,
1455 2674 1511 2734 eti
1623 2675 1809 2750 jasadralum

82 2766 181 2832 luitha
195 2770 277 2827 sorte
290 2765 386 2832 trihus
404 2765 480 2825 tuda
494 2769 590 2824 rector
604 2764 660 2824 nisi
674 2764 712 2824 de
727 2779 834 2836 genere
848 2763 918 2836 legi·
972 2761 1089 2836 prolata
1103 2767 1157 2835 est,
1170 2761 1372 2834 legislatorem
1394 2778 1521 2839 quoque
1589 2763 1694 2824 rislum
1722 2764 1806 2840 prius

80 2854 154 2913 limo
170 2869 272 2933 usque
283 2853 323 2912 ad
335 2857 456 2933 tempus
463 2853 587 2918 Herodis
598 2853 771 2926 alienigena
784 2852 836 2934 qui
848 2857 920 2928 post
971 2851 1088 2910 venisse
1098 2851 1292 2912 manilestum
1305 2855 1359 2908 cst.
1389 2852 1600 2914 sanctissimus
1615 2869 1737 2932 quoque
1752 2855 1805 2916 Da-

80 2944 245 3010 liireanum
260 2944 395 3016 regnavit
408 2944 621 3018 Hierosolymis
648 2943 704 3002 suh
721 2945 835 3000 Caesare
859 2944 951 3037 Au-C
970 2939 1030 2998 niel
1043 2956 1104 2998 non
1120 2941 1221 3000 solum
1248 2939 1370 3000 venisse
1399 2941 1560 3016 OErristura,
1589 2959 1698 3004 verum
1715 2942 1805 3004 etiam

80 3038 176 3103 gusto.
192 3036 260 3101 Quo
276 3037 409 3110 ternpore
428 3038 516 3092 naurs
544 3037 590 3091 est
615 3032 760 3092 Dominus
784 3034 871 3090 lesus
884 3033 916 3092 in
970 3035 1088 3108 tempus
1102 3029 1251 3090 unctionis
1266 3035 1295 3090 et
1308 3031 1457 3109 passionis
1472 3032 1588 3104 ejusce
1601 3032 1696 3104 linem
1709 3049 1804 3092 secer·

80 3121 253 3181 Bethlehem
267 3121 361 3188 tuda.
384 3122 441 3188 Sed
456 3138 493 3180 ex
506 3122 556 3190 illo
572 3127 706 3196 tempere
720 3119 856 3184 ablatum
870 3125 920 3184 est,
969 3121 1041 3178 dotti
1056 3127 1293 3201 perpetuamque
1304 3117 1522 3183 desolationem
1534 3121 1711 3185 ludaeorum
1721 3139 1801 3186 corn-

79 3217 234 3286 sceptrum
252 3211 290 3273 de
317 3211 395 3273 tuda
421 3211 597 3290 temporale,¹
622 3215 650 3268 et
664 3211 727 3277 dux
750 3210 788 3268 de
802 3210 915 3272 temore
967 3210 1316 3286 puanu0,demonstret
1330 3210 1362 3268 in
1373 3226 1504 3286 persona
1518 3211 1660 3274 Gabrielis
1675 3212 1800 3272 archan·

79 3302 149 3372 ejus.
167 3303 212 3358 Ex
228 3305 300 3358 tunc
325 3301 415 3374 igitur
438 3301 614 3375 prophetica
640 3299 762 3360 veritate
787 3304 913 3370 constat,
968 3300 1035 3371 geli,
1052 3300 1136 3360 adse
1152 3299 1476 3376 loquentishisuerhis
1493 3318 1499 3356 ι
1527 3301 1727 3374 Septuaginta
1735 3301 1802 3361 het-

80 3390 195 3461 venisse
210 3390 363 3459 Christum
376 3390 429 3466 qui
440 3394 620 3464 regnaturus
635 3392 698 3454 erat
711 3389 742 3451 iu
757 3393 911 3455 amenum.
967 3391 1101 3448 domuda
1115 3389 1380 3452 abbreviatarum
1394 3405 1487 3462 super
1493 3391 1640 3464 populum
1663 3406 1758 3460 meum
1772 3395 1800 3450 et

81 3479 229 3546 christum
246 3480 337 3538 etiam
352 3479 539 3542 demonstrat
547 3479 664 3540 venisse
673 3479 798 3544 cessatio
808 3479 913 3545 veteris
965 3494 1055 3553 super
1069 3478 1171 3536 urbem
1183 3483 1318 3538 sonetum
1332 3483 1462 3547 tuamet
1472 3483 1666 3538 consumatur·
1677 3494 1800 3552 preca-

81 3569 216 3626 secrifieii
230 3567 309 3631 iacta
321 3569 353 3627 in
365 3571 498 3628 adventu
512 3570 672 3642 ejuspiam
683 3569 915 3645 prophetaverat
965 3569 1083 3636 maceio,
1099 3572 1127 3626 et
1139 3569 1230 3638 finem
1241 3567 1370 3641 occipiat
1381 3572 1580 3644 peceatumet
1594 3567 1731 3630 deleatur
1744 3567 1798 3628 iat·

80 3660 237 3718 llalachies
251 3661 300 3726 his
311 3660 409 3726 verbis
425 3680 432 3717 :
448 3662 515 3718 Non
531 3667 573 3720 est
584 3661 659 3718 mihi
672 3662 812 3719 voluutas
822 3661 854 3718 iu
865 3677 913 3726 ue
966 3659 1075 3731 quitus,
1086 3663 1114 3716 et
1124 3657 1426 3728 adducaturjustttiu
1437 3659 1629 3736 sempilemsa,
1640 3663 1667 3716 et
1676 3659 1799 3730 impleu-

81 3751 129 3820 tts,
145 3752 223 3808 dicit
236 3752 381 3817 Dorulaus
397 3752 596 3824 amnipotens„
608 3757 635 3808 et
656 3751 837 3822 sacredotum
851 3768 911 3812 aaa
967 3755 1018 3806 tur
1031 3748 1103 3806 visto
1117 3753 1144 3806 et
1153 3747 1330 3820 prophetea„
1345 3753 1374 3808 el
1397 3753 1533 3820 uupatm·
1545 3753 1667 3808 sauctus
1678 3753 1797 3811 salicto·

79 3843 275 3914 accipiemus
288 3843 430 3907 munitus.
443 3843 643 3920 aestumanda
656 3843 694 3903 ab
711 3843 824 3903 orente
838 3844 912 3916 sete,
965 3855 1033 3896 mm
1045 3837 1132 3912 (Dua.
1149 3839 1246 3912 nal).
1256 3840 1289 3894 Et
1299 3836 1391 3913 paulo
1403 3840 1495 3910 post:
1509 3837 1677 3908 occidetur,
1686 3837 1799 3910 iuquit„

79 3949 170 4005 usqru
184 3933 226 3992 ed
239 3932 430 4000 occidentem,
440 3947 546 3996 nomeu
559 3933 780 3998 meumetcrum
792 3932 912 4010 [actum
966 3929 1115 3999 Christus,
1130 3933 1158 3989 et
1173 3943 1233 3986 uon
1250 3927 1306 3990 erit
1317 3927 1522 4002 aucupemus
1533 3927 1663 4002 quicum
1673 3933 1798 4000 aeumu-

79 4027 121 4079 est
137 4023 361 4096 maraliscam
372 4021 911 4098 omullocoofferturuommimeasa·
964 4034 1016 4076 rus
1030 4023 1073 4076 est
1087 4017 1186 4091 (leid,
1196 4016 1240 4088 26)
1259 4034 1269 4088 ;1
1282 4014 1355 4074 item
1364 4013 1456 4088 pardo
1468 4018 1537 4090 post
1553 4031 1562 4069 :¹
1574 4015 1614 4072 Et
1626 4015 1658 4070 iu
1671 4013 1798 4076 dluddio.

78 4107 224 4176 emite-ium
233 4107 533 4192 maudrrm,quoaicm
540 4122 799 4179 mopuumuomeu
812 4122 909 4171 meum
929 4169 934 4178 ,
964 4107 1154 4168 hebdomadis
1169 4105 1282 4175 deficiet
1298 4103 1395 4162 hostio
1410 4109 1437 4160 et
1448 4104 1710 4174 accumulasse
1722 4111 1793 4164 tem·

78 4197 909 4271 iupmtibus,dieitDominusemm'poteus(Maleuento),
959 4197 1014 4268 plo
1024 4198 1080 4258 crit
1093 4194 1274 4252 abominatio
1289 4193 1494 4262 desolationis„
1515 4198 1542 4250 et
1557 4209 1650 4266 usque
1673 4193 1713 4258 ud
1727 4210 1795 4254 cea·

109 4287 182 4346 Huic
197 4288 365 4374 prophetia
380 4286 507 4352 aliorum
531 4286 653 4346 abunde
676 4287 826 4368 praesagia
841 4303 911 4348 con·
962 4286 1223 4346 summationemet
1233 4284 1321 4352 ficem
1332 4281 1797 4356 perseuerauitauroresceret„

78 4376 236 4436 sonabant.
263 4375 321 4439 Sed
335 4394 404 4440 eum
417 4376 512 4434 tudaei
524 4375 700 4442 nullatenus,
720 4375 762 4441 eis
776 4376 910 4453 acquies-
925 4343 947 4397 D
961 4375 1018 4446 27).
1036 4373 1129 4446 Hujus
1143 4387 1215 4447 ergo
1229 4371 1393 4446 prophetie
1404 4371 1622 4452 compendium
1631 4375 1796 4448 estquaa-

79 4481 137 4524 cere
149 4465 338 4549 vellentpsed
352 4482 471 4541 semper
492 4465 644 4528 inhiarent
663 4465 802 4544 iugulem
829 4465 909 4533 vieti-
963 4469 1026 4521 tum
1056 4462 1096 4520 ad
1115 4463 1293 4537 presentem
1323 4460 1470 4524 raconem
1496 4460 1637 4542 pertinet,
1654 4462 1741 4538 quod
1761 4460 1795 4521 'ur

78 4571 149 4629 mas,
166 4560 197 4614 et
207 4555 491 4627 comederecarnes,
505 4555 692 4635 compescuit
703 4554 848 4620 Dominus
862 4571 909 4612 su·
961 4551 1156 4612 hebdomada
1166 4549 1390 4625 septuagesima
1396 4551 1557 4622 ungendus
1567 4554 1596 4610 et
1608 4549 1795 4610 occidendus

77 4647 282 4719 perstilionem
294 4646 431 4725 ipsorum
444 4661 557 4728 magna
575 4645 617 4720 vi,
630 4644 791 4716 extrudens
806 4661 858 4710 eos
870 4645 907 4702 de
961 4649 1039 4702 esset
1049 4642 1195 4711 Christus,
1210 4646 1240 4701 et
1253 4646 1340 4700 velus
1369 4639 1574 4704 sacerdotium
1593 4637 1789 4699 delectarum.

77 4734 139 4792 loco
152 4735 295 4810 regalia
308 4735 455 4812 querele,
486 4739 515 4797 et
539 4750 698 4813 nunquam
712 4733 783 4792 alibi
799 4734 908 4798 sacriti-
960 4736 1027 4790 liae
1043 4736 1146 4794 autem
1159 4730 1355 4791 hebdomada
1379 4729 1573 4793 evolvebatur
1586 4732 1792 4806 perpetuaque

77 4841 140 4884 care
153 4828 347 4885 concesserat
359 4823 402 4883 eis
416 4823 473 4885 lex.
490 4824 596 4909 sicque
611 4823 734 4885 tandem
753 4839 906 4900 persense·
960 4821 1104 4880 desolatio
1115 4824 1254 4880 secutura
1268 4825 1343 4890 erat,
1356 4819 1521 4896 imperante
1545 4815 1663 4876 Tiberio.
1675 4830 1791 4876 sueces-

76 4915 238 4974 runtinviti
251 4929 358 4980 verum
369 4930 434 4973 esse
448 4914 631 5002 praesagium
660 4913 791 4971 defuncti
807 4929 907 4970 secer·
960 4928 1026 4969 sore
1043 4913 1134 4986 Aug.,·
1154 4911 1277 4986 quando
1293 4908 1461 4984 baptizatus
1483 4905 1610 4967 etluer'st
1630 4903 1792 4966 crucifi-aua

76 5004 146 5062 dclii
163 5003 222 5077 sui,
246 5020 316 5062 cum
339 5020 438 5078 neque
452 5009 535 5062 extra
556 5003 704 5068 haberent
718 5003 908 5063 sacrificandi
959 5003 1044 5058 Jesus
1060 4999 1214 5058 Dominus.
1230 5001 1271 5059 Ex
1292 5002 1362 5055 tunc
1375 4996 1465 5068 igitur
1478 4992 1792 5073 prophetaverimus

75 5093 236 5166 licentiam,
253 5109 308 5162 nec
319 5093 397 5152 intra
413 5111 472 5152 sua
489 5093 650 5176 piendam
660 5091 773 5152 moenia
785 5091 907 5152 faculta-
959 5092 1136 5152 conscium
1151 5089 1268 5151 venisse
1283 5087 1447 5160 Clu'rstum,¹
1472 5083 1524 5142 sed
1547 5083 1636 5144 edam
1665 5087 1791 5151 eaelum

77 5187 144 5244 tem
161 5187 326 5253 trausacto
338 5183 440 5260 itaque
452 5185 543 5243 veteri
568 5183 744 5254 sacerdotio,
760 5182 844 5258 quod
868 5183 908 5243 ad
960 5183 1163 5249 esseconstat,
1180 5181 1358 5256 etpassum‚
1381 5179 1528 5247 vetusqsm
1542 5173 1725 5234 sacrificium
1737 5173 1790 5237 de-

76 5276 195 5352 tempus
210 5273 308 5340 fuerat
322 5273 499 5345 institutum,
523 5272 666 5331 successit
686 5287 805 5340 novum
817 5275 907 5347 atque
959 5271 1064 5329 iecisse
1074 5267 1258 5326 desolatione
1273 5267 1384 5323 secuta.
1414 5267 1487 5324 ltem
1498 5262 1649 5329 eumue
1660 5261 1787 5332 venece,

77 5367 294 5442 sempiternum
306 5364 413 5422 christi
442 5363 655 5435 sacerdotium,
681 5363 719 5420 de
734 5378 795 5437 quo
821 5363 906 5422 Psel-
960 5364 989 5418 et
998 5359 1066 5438 quis
1080 5359 1160 5415 esset
1173 5355 1305 5416 Christus
1319 5352 1462 5414 amesve
1475 5353 1552 5414 olim
1563 5351 1663 5414 iorma
1670 5353 1789 5416 humili-

77 5457 163 5514 mista
175 5455 358 5530 predixerat
372 5471 379 5511 :
394 5455 516 5512 duravit
523 5454 668 5510 Dominus
676 5456 703 5510 et
714 5468 772 5509 acu
782 5454 909 5524 punite·
960 5449 1027 5508 talis
1043 5449 1108 5520 eius
1123 5461 1158 5503 ac
1173 5442 1354 5520 passionisa
1375 5442 1481 5505 multis,
1496 5442 1615 5505 vatibus
1631 5442 1789 5516 particula

78 5544 116 5600 cu
129 5562 209 5614 eum,
223 5547 266 5602 Tu
279 5561 308 5602 es
322 5544 459 5602 sacmdos
470 5545 501 5600 tu
511 5549 666 5612 eternum,
683 5542 844 5602 secuudum
861 5559 907 5600 or·
962 5540 1013 5597 tim
1028 5536 1187 5612 descripta,
1202 5533 1275 5592 etin
1298 5532 1361 5594 solo
1384 5534 1457 5592 lesu
1470 5532 1596 5596 Domino
1615 5536 1790 5594 coarcere

78 5635 175 5696 duaa
189 5633 514 5707 Melctuedeclthsol.
531 5650 589 5718 cur„¹
602 5635 640 5708 l).
654 5631 772 5695 llutaho
785 5648 907 5719 quoque
961 5627 1188 5696 simulinvcnta.
1203 5628 1261 5684 Nos
1276 5627 1380 5688 autem
1389 5623 1476 5698 vahl
1487 5625 1582 5700 grafia
1594 5626 1712 5698 partem
1725 5621 1792 5685 dee.
