3998 6176
108 145 158 200 ibi
453 155 455 159 '
556 143 760 202 muretus
777 145 813 201 nt
835 141 935 200 tuus.
961 145 972 200 l
995 143 1071 202 CAP.
1092 145 1136 202 llll
1155 147 1233 205 ΛΒΤ.
1253 141 1375 206 trost.
1772 153 1826 210 282

108 267 235 333 ludas,
249 267 391 338 opposuit
403 267 629 338 apprchendere
642 274 671 326 et
696 270 831 326 Petrum.
845 266 942 326 iudei
961 270 984 324 Α
998 271 1031 324 ut
1044 268 1203 327 robustum
1217 287 1369 345 quemque
1379 269 1519 345 decipiat,
1534 269 1713 346 multiplices
1739 275 1826 333 dece-

109 371 256 430 namque,
271 356 325 430 qui
339 359 511 427 coufitentes
525 357 766 432 interpretantur,
781 373 858 432 quos
871 357 944 415 alios
996 357 1134 429 ptionum
1145 359 1271 432 laqueos
1282 361 1381 418 nectit.
1398 360 1484 418 Nulla
1494 365 1594 417 autem
1622 361 1721 420 callidi
1735 369 1826 422 tenta·

108 447 168 504 hoc
182 446 295 504 inloeo
308 445 548 517 designantium
569 447 693 522 eosqui,
706 449 793 520 juxta
820 452 944 522 aposto·
996 447 1067 503 toris
1082 453 1144 505 arte
1159 454 1220 506 tam
1230 449 1288 506 cito
1297 449 1391 506 virtus
1405 450 1533 524 pectoris
1545 450 1724 514 infirmatur.
1732 469 1826 529 quam

107 536 185 607 lum,
202 537 394 606 Confitentur
407 551 438 594 se
451 551 536 594 nosse
555 537 662 607 Deum,
677 539 768 609 sectis
782 543 882 594 eutem
897 551 945 592 ne
997 551 1077 607 cum,
1094 537 1211 595 roboris
1222 539 1267 596 sui
1281 539 1359 595 vires
1375 538 1432 596 sibi
1444 553 1599 608 arrogans,
1617 540 1732 610 privata
1743 543 1827 615 apud

109 625 769 697 gont?Possunttamentudaeorumnomine
782 626 872 683 etiam
886 624 943 682 im·
997 639 1029 681 se
1044 626 1241 684 exsultatione
1253 628 1380 684 laetatur.
1394 631 1469 684 Nam
1487 643 1570 701 mox,
1584 645 1604 684 a
1617 644 1747 703 superno
1759 647 1827 706 pro-
1888 631 1895 644 ⁴

108 713 218 771 mundi
231 714 351 788 spiritus
361 713 467 788 accipi,
481 715 571 788 quiet
580 714 675 788 ipsiin
686 713 858 786 Evangelio,
869 713 942 771 dum
995 719 1105 772 tectore
1119 716 1266 786 desertus,
1280 716 1311 773 in
1325 717 1468 773 virtutum
1483 715 1613 773 eulmine
1627 717 1679 774 diu
1702 719 1827 776 minime

108 804 147 860 de
161 803 299 860 obsessis
312 803 490 877 corporibus
503 803 693 878 pellerentur,
709 805 943 878 quanquamin·
996 811 1176 878 perseverat,
1201 809 1273 880 quia
1295 823 1365 863 eum
1397 805 1505 862 exinde
1531 809 1637 862 ventus
1663 807 1826 866 elationum

107 894 160 950 siti
177 893 330 951 Christum
346 893 397 950 liei
411 893 469 950 viri
483 893 587 951 Filium
615 893 796 952 fatebantur.
810 893 866 952 Sed
881 893 943 949 sive
995 895 1159 967 perturbat.
1176 896 1221 952 Ab
1247 895 1308 953 alto
1322 913 1393 954 vero
1420 899 1609 953 corruentem
1636 895 1827 954 adversarius

106 999 268 1058 perversos
282 983 431 1052 homines,
447 998 499 1040 seu
511 983 686 1041 immundos
694 983 815 1057 spiritus
826 982 942 1040 Judaeo·
995 983 1112 1056 excipit,
1134 999 1204 1042 cum
1219 1001 1349 1059 superno
1363 984 1474 1042 auxilio
1490 985 1665 1042 destitutum
1678 1001 1733 1061 per
1747 1003 1828 1059 quie

105 1089 175 1130 rum
189 1072 341 1130 vocabulo
354 1073 525 1144 designatos
538 1072 733 1146 accipiamus,
746 1075 862 1130 constat
874 1087 943 1146 pro·
995 1071 1066 1129 libet
1074 1072 1214 1130 vitiorum
1227 1073 1390 1147 praecipitia
1403 1073 1501 1131 trahit.
1516 1073 1608 1140 Quasi
1618 1090 1692 1149 ergo
1705 1075 1827 1149 apposi-

105 1162 184 1219 iecto
195 1161 271 1236 quia
298 1162 337 1218 de
361 1162 513 1218 bonorum
541 1160 700 1219 afflictione
729 1161 846 1234 utrique
872 1164 942 1216 voto
996 1160 1032 1216 tis
1048 1161 1190 1218 manibus
1214 1165 1332 1219 Petrum
1362 1161 1493 1219 llerodes
1521 1162 1729 1236 apprehendit,
1756 1179 1827 1221 cum

105 1267 169 1308 non
181 1250 300 1324 dispari
316 1250 515 1322 gratulantur.
542 1251 626 1308 Unde
641 1255 670 1307 et
683 1250 763 1307 idem
779 1254 870 1324 eaput
888 1247 942 1305 ini·
995 1249 1079 1306 illum
1096 1251 1147 1323 qui
1159 1267 1214 1325 per
1236 1251 1379 1308 virtutum
1395 1252 1449 1308 iter
1473 1251 1612 1322 gradiem
1639 1251 1745 1324 procul
1761 1268 1779 1308 a
1794 1268 1826 1307 se

105 1356 240 1415 quorum
256 1340 296 1398 ad
312 1339 537 1415 persequendos
552 1339 650 1398 bonos
665 1344 748 1398 tanto
777 1339 942 1414 expeditius
994 1339 1181 1408 discesserat,
1197 1341 1345 1415 protensis
1356 1340 1498 1398 fraudum
1508 1341 1624 1416 laqueis
1632 1341 1740 1398 iterum
1755 1341 1827 1398 irre·

105 1431 241 1502 accingit
264 1447 306 1499 se,
323 1435 438 1504 quanto
451 1447 483 1488 se
508 1447 562 1504 per
576 1432 634 1488 hoo
647 1431 725 1488 votis
741 1446 865 1487 suorum
879 1445 942 1486 em·
995 1429 1069 1485 tivit.
1096 1429 1141 1484 ed
1165 1429 1248 1503 quod
1267 1430 1464 1487 astruendum
1479 1430 1503 1486 si
1524 1429 1698 1504 exemplum
1719 1429 1827 1503 quaeri·

105 1522 187 1596 plius
203 1520 375 1578 satisfacere
391 1521 486 1578 sentit.
503 1521 560 1578 Sed
571 1521 654 1594 justo
670 1525 763 1578 morte
778 1520 877 1576 cernis
889 1535 941 1594 pe·
996 1522 1053 1585 tur,
1066 1532 1128 1574 non
1144 1522 1188 1574 est
1202 1535 1281 1593 opus
1305 1522 1338 1576 ut
1360 1518 1480 1589 longius
1506 1533 1679 1588 evagemur.
1704 1517 1779 1583 Quia
1798 1519 1825 1576 is

104 1615 239 1683 rempto,
253 1625 326 1683 pers
353 1609 458 1682 iniqua
473 1608 608 1676 exsultet,
625 1609 697 1682 quia
724 1607 859 1665 videlieet
873 1607 943 1664 illie
959 1623 979 1680 g
996 1606 1060 1680 ipse
1074 1609 1186 1678 Petrus,
1202 1608 1290 1680 cirjus
1311 1605 1467 1664 historiam
1493 1607 1623 1677 figurate
1650 1607 1826 1680 interpreta-

105 1698 211 1756 medio
227 1697 398 1772 subtractus
414 1696 526 1772 estqui
546 1697 603 1754 sub
617 1697 728 1755 umbra
751 1713 814 1754 suae
829 1701 943 1770 procte·
994 1697 1075 1754 tione
1088 1696 1277 1769 discutimus,
1293 1696 1323 1752 in
1339 1697 1499 1769 semetipso
1509 1697 1619 1769 partim
1630 1701 1675 1752 est
1686 1700 1827 1770 expertus

106 1785 216 1842 ctionis
228 1783 341 1842 multos
356 1785 395 1841 ab
408 1789 482 1842 astu
508 1785 627 1842 malitiae
645 1785 845 1842 defendebat.
860 1787 942 1841 lusto
994 1785 1078 1860 quod
1099 1787 1238 1843 dicimus.
1259 1789 1333 1843 Nam
1348 1786 1435 1858 cujus
1450 1801 1571 1843 earnem
1586 1785 1718 1842 Herodes
1736 1785 1827 1843 histo·

105 1873 351 1948 veroinpeecati
365 1879 493 1931 mortem
505 1873 641 1948 delapso,
654 1878 736 1932 tanto
747 1873 878 1948 emplius
891 1872 942 1930 lae·
994 1876 1073 1933 rieus
1099 1875 1307 1948 apprehendit,
1334 1874 1430 1948 ipsius
1469 1874 1601 1931 animam
1642 1873 1826 1948 jampridem

107 1966 177 2022 titia
190 1965 338 2037 perversis
365 1968 500 2036 augetur,
514 1969 628 2037 quanto
653 1965 678 2021 is
692 1965 744 2038 qui
767 1964 873 2038 lapsus
887 1967 941 2033 est,
995 1963 1125 2021 llerodes
1143 1965 1262 2037 typicus
1290 1964 1374 2020 trinoe
1400 1963 1568 2034 negationis
1587 1963 1709 2038 laqueo,
1738 1961 1827 2036 quasi

106 2071 163 2128 per
176 2055 243 2110 rita
255 2053 396 2110 meritum
409 2059 488 2110 stare
498 2053 585 2110 altius
600 2053 767 2124 videbatur.
790 2053 848 2112 Sed
862 2053 940 2110 sicut
996 2054 1067 2111 fune
1080 2059 1166 2124 torto,
1182 2053 1335 2128 tripliciter
1349 2053 1488 2124 alligavit.
1507 2056 1540 2110 Et
1549 2057 1626 2110 certe
1647 2053 1685 2110 de
1700 2069 1764 2109 suae
1775 2051 1826 2108 tir-

105 2157 211 2216 supre,
226 2140 307 2198 beati
321 2140 424 2198 iacobi
436 2141 615 2215 martyrium
626 2143 713 2213 juxta
725 2141 881 2199 historiam
892 2157 941 2198 ve·
994 2143 1106 2201 mitetis
1116 2143 1225 2200 robore
1240 2143 1335 2200 multe
1361 2144 1425 2215 jam
1454 2143 1659 2216 experimenta
1683 2141 1825 2198 tenebat:

104 2231 282 2289 nerabilitcr
293 2230 511 2304 amplexantes,
523 2231 775 2304 quomodojuxta
793 2232 942 2288 internam
994 2229 1056 2301 iam
1072 2230 1220 2287 Christum
1250 2231 1300 2287 Dei
1314 2230 1373 2286 vivi
1394 2230 1498 2288 Filium
1527 2229 1682 2288 confessus
1710 2229 1826 2298 iuerat;

104 2320 337 2392 intelligentiam
352 2319 447 2394 accipi
466 2321 561 2393 possit
584 2320 781 2387 ostendimus,
796 2319 836 2377 sie
860 2336 942 2378 nunc
992 2319 1058 2389 jam
1071 2319 1195 2376 beatum
1210 2335 1241 2376 se
1256 2335 1307 2376 ore
1322 2319 1455 2376 Veritatis
1470 2319 1625 2376 audiverat
1637 2337 1643 2386 ;
1655 2318 1720 2390 jam
1736 2334 1754 2375 a
1781 2334 1828 2375 so·

104 2427 244 2486 quoque,
273 2414 391 2467 servato
419 2413 500 2466 textu
524 2410 663 2478 historias,
677 2410 832 2483 quomodo
853 2410 942 2482 juxta
995 2407 1107 2466 liditate
1119 2409 1299 2466 inviolabilis
1313 2413 1403 2482 petre
1417 2407 1494 2466 Petri
1513 2423 1664 2480 agnomen
1679 2412 1825 2477 uexerat;

104 2502 251 2560 eumdem
266 2517 388 2559 sensum
403 2501 467 2558 haec
481 2499 562 2558 beati
571 2502 646 2558 Petri
658 2501 888 2574 comprehensio
897 2501 940 2557 in-
992 2499 1058 2569 J'am
1072 2499 1172 2554 claves
1183 2498 1266 2568 regni
1278 2497 1405 2556 eoelestis
1417 2503 1588 2570 acceperat:
1600 2501 1629 2553 et
1638 2501 1750 2568 tamem
1759 2500 1828 2570 post

80 2609 83 2618 ’
104 2591 196 2662 telligi
210 2589 313 2647 valeat
326 2588 531 2646 ostendemus.
996 2593 1038 2645 tot
1052 2592 1081 2644 et
1094 2591 1177 2646 tante
1190 2587 1299 2645 divina
1314 2586 1459 2658 largitatis
1481 2601 1617 2656 munera,
1630 2603 1700 2642 cum
1724 2585 1762 2642 ad
1774 2587 1827 2642 ho·

139 2697 189 2755 nd
204 2695 448 2767 investigandum
463 2695 639 2770 mysterium
651 2697 940 2771 comprehensionis,
995 2693 1061 2734 Μ
1075 2677 1237 2734 ”Omississae
1265 2676 1414 2750 PlSSlOssiS
1427 2679 1551 2732 ventum
1566 2679 1619 2774 03²2
1636 2673 1706 2774 ‘lilii
1733 2673 1827 2748 P⁸¹fl0

102 2789 187 2846 nam
202 2786 295 2845 nobis
307 2787 403 2861 aperit
416 2787 482 2861 ipsa
492 2788 558 2859 ejus
573 2787 626 2860 qui
646 2788 883 2861 comprehensus
897 2791 942 2844 est
996 2767 1176 2839 ampliusde
1191 2782 1246 2823 sua
1270 2765 1408 2822 firmitate
1421 2767 1621 2839 Plfflsumllffltv
1650 2761 1768 2819 ⁸¹b¹m0²
1781 2778 1826 2819 le·

102 2875 271 2951 appgpfflo
285 2874 425 2933 nominis,
457 2875 538 2933 Sicut
552 2876 632 2932 enim
647 2875 706 2932 fere
721 2891 827 2933 omnes
855 2876 940 2932 novi.
995 2855 1091 2922 lictus;
1107 2857 1245 2928 protinus
1273 2855 1414 2928 quisnam
1429 2857 1506 2910 esset
1533 2851 1655 2909 invenit.
1672 2851 1729 2919 Qui
1748 2855 1826 2907 certe

103 2981 184 3032 mus,
198 2979 218 3021 a
233 2970 325 3034 petro
337 2966 439 3020 Petrus
453 2979 564 3022 nomen
587 2965 711 3038 accepit.
726 2965 855 3032 Quinam
869 2981 941 3036 ergo
957 2977 977 3036 c
996 2946 1027 3003 in
1041 2950 1185 3002 oetefflum
1201 2945 1319 3018 Ρθῐῑΐθῐτ
1332 2945 1390 3001 nisi
1402 2943 1486 3000 illum
1512 2941 1665 3044 benissssllff
1683 2943 1767 2998 '0⁵³⁵
1779 2941 1826 2998 in·

103 3054 160 3110 hoe
176 3052 306 3110 nomine
319 3052 527 3124 designantur,
542 3054 600 3112 nisi
613 3053 667 3127 qui
679 3071 732 3128 per
745 3054 854 3110 mentis
869 3069 940 3111 con·
997 3035 1071 3092 tuitu
1084 3033 1277 3106 benignitatis
1291 3050 1353 3091 suae
1374 3033 1543 3106 respiceret,
1559 3047 1721 3106 respiciens
1736 3028 1827 3088 emol-

103 3142 251 3200 sranfigm
264 3141 378 3200 forum·
389 3147 465 3200 sim
478 3143 508 3200 jn
521 3145 665 3200 virtutum
678 3142 824 3201 soliditate
837 3143 942 3201 viden,
995 3123 1070 3191 liret,
1082 3123 1236 3182 emolliens
1250 3124 1289 3180 ad
1305 3139 1425 3180 amaras
1448 3121 1598 3195 lacrymas
1613 3124 1825 3189 commoveret,

102 3233 172 3289 tur?
186 3235 295 3289 eontra
310 3246 388 3305 quos
401 3232 546 3289 nimirum
565 3233 752 3290 hostistanto
775 3231 873 3289 acrius
888 3250 943 3308 pu·
996 3213 1218 3272 ⁰⁰fflm⁰lessd⁰
1233 3214 1271 3271 ad
1284 3214 1445 3286 ¹³⁰li⁷m³b
1459 3211 1572 3268 Glimffl
1597 3209 1680 3284 ‘1¹10d
1704 3209 1828 3309 sommi-

104 3326 188 3392 gnat,
201 3324 320 3394 quanto
335 3335 389 3394 per
402 3319 469 3377 illos
489 3320 578 3379 etiam
593 3321 668 3378 alios
682 3321 713 3378 in
729 3321 837 3379 uirtute
850 3320 941 3378 robo-
996 3309 1075 3360 3θῖθῖ
1088 3302 1266 3373 ῘῦᾶῑῑῙὸθῑθῐ·
1283 3304 1348 3370 0¹¹0
1362 3301 1505 3358 nimirum
1514 3298 1662 3399 ‚0¹⁰ml’19
1673 3297 1825 3397 ¹¹⁰⁸·fflfi1·

103 3411 163 3466 rari
179 3409 288 3467 dolens
313 3413 429 3483 pensat.
445 3411 488 3479 Et,
499 3410 572 3484 quie
600 3410 733 3468 fortassis
762 3410 941 3467 soliditatem
996 3393 1038 3450 mi
1053 3391 1092 3448 fid
1112 3391 1235 3449 willel&
1260 3389 1446 3462 Vissflfflfiflm
1476 3387 1627 3490 ‘Jfflfflwf
1640 3390 1825 3486 fflssllfflffllll'r

105 3499 216 3556 mentis
225 3513 332 3556 eorum
344 3499 444 3572 primo
454 3498 569 3572 impetu
578 3499 747 3556 tenudonis
762 3497 942 3556 labefactare
997 3483 1030 3537 ut
1044 3495 1130 3536 mens
1150 3483 1263 3546 ”Ostiis
1273 3479 1363 3536 litim
1377 3493 1504 3535 summm
1516 3474 1677 3532 virtutibus
1690 3472 1825 3547 Plffidmr

106 3603 167 3645 non
182 3585 308 3656 sufficit,
329 3602 413 3645 more
427 3603 514 3662 aquae
529 3586 634 3645 erebro
650 3587 873 3662 superveniens,
889 3587 943 3644 du·
997 3586 1118 3644 semper
1145 3585 1177 3625 ³⁰
1204 3569 1236 3625 5¹¹
1251 3567 1419 3625 humilitate
1443 3567 1603 3641 deprimis
1633 3579 1752 3638 Semper
1765 3580 1827 3622 ¹¹0ss

105 3693 292 3735 rameorum
306 3675 942 3751 constantiamrumpigiuamsicutquidam
996 3677 1033 3718 ex
1058 3676 1091 3716 se
1112 3674 1177 3716 esse
1206 3657 1290 3733 quod
1316 3662 1369 3726 est,
1403 3656 1552 3750 trepidare
1579 3657 1765 3726 cognoscat:
1789 3668 1827 3711 ne

107 3767 426 3840 antonomasice,
440 3765 492 3822 lib,
506 3765 563 3838 1v);
995 3748 1080 3819 torte,
1101 3747 1175 3804 dum
1202 3746 1281 3803 ultra
1309 3762 1340 3802 se
1367 3742 1609 3819 praesumptionis
1637 3757 1712 3800 aure
1729 3745 1829 3815 rapte·

399 3898 405 3908 ,
577 3897 582 3907 ,
995 3841 1053 3904 tur,
1084 3839 1199 3910 quanto
1220 3851 1251 3891 se
1264 3834 1351 3892 altius
1366 3833 1477 3901 extulit,
1493 3837 1577 3890 tento
1604 3830 1724 3902 gravius
1738 3828 1828 3886 ebde-

184 3899 261 3948 Gntta
273 3907 346 3948 cavat
354 3897 475 3964 lapidem,
491 3909 543 3948 uon
558 3912 593 3958 vi,
609 3897 653 3947 sed
663 3911 729 3963 sape
743 3896 864 3948 cedendo.
995 3929 1053 3982 tur·

110 4014 199 4082 Quod
221 4015 308 4072 eb'am
336 4014 439 4071 divina
467 4013 618 4089 Scriptura
636 4016 786 4070 testetur:
814 4015 943 4084 Lapides
1032 4017 1075 4070 lv.
1091 4011 1357 4085 Sequitur2l2ruut
1367 4015 1466 4066 auten
1476 4008 1538 4066 dies
1548 4005 1830 4078 enumeremus

106 4111 258 4163 account
267 4119 363 4178 aqua,
384 4109 412 4161 ct
426 4104 581 4162 alluvione
599 4104 753 4174 paulatim
779 4109 861 4161 terro
877 4119 945 4160 con·
996 4104 1123 4160 litteram
1138 4105 1221 4176 petet
1234 4115 1350 4172 sensus,
1361 4098 1443 4172 quod
1460 4096 1571 4154 scilicet
1585 4094 1740 4170 apostolus
1752 4093 1829 4153 intra

107 4197 240 4252 amum
251 4195 317 4266 (lob
332 4211 392 4262 xiv,
410 4196 463 4269 19).
480 4196 554 4252 Cum
567 4194 668 4267 itaque
684 4191 825 4249 diabolus
837 4193 944 4250 fortem
997 4193 1127 4251 iudaicae
1143 4191 1264 4266 paschas
1280 4189 1480 4264 septimanam
1496 4188 1533 4246 sit
1546 4186 1587 4244 ab
1605 4185 1722 4244 Herode
1746 4201 1829 4243 com-

107 4275 206 4342 rirum
228 4282 416 4358 inlaqueum
427 4283 542 4357 peccati
556 4282 680 4350 inducit,
691 4281 781 4356 quasi
807 4282 846 4338 ad
861 4298 944 4339 com·
960 4282 1188 4388 ¹‚prehensum
1216 4281 1280 4338 dies
1301 4279 1414 4354 quippe
1443 4293 1619 4353 azymorum
1647 4276 1687 4336 illi
1715 4281 1831 4351 septem

109 4373 363 4448 prehendendum
379 4375 497 4430 Petrum
520 4388 628 4430 manus
656 4371 786 4428 llcrodes
808 4376 943 4444 apponit.
998 4369 1119 4445 proprie
1133 4368 1320 4426 vocabantur
1334 4367 1387 4440 qui
1402 4369 1543 4440 quartum
1570 4363 1724 4422 decimum
1740 4362 1830 4438 primi

110 4465 161 4522 t'hi
176 4465 247 4537 ipsa
262 4477 385 4536 quoque
414 4462 577 4520 verborum
601 4461 769 4535 proprietas
784 4464 830 4516 est
858 4461 946 4518 nobis
998 4457 1123 4528 mensis,
1137 4472 1199 4532 quo
1215 4471 1313 4526 agnus
1328 4453 1542 4512 immolabatur
1554 4453 1593 4510 ad
1607 4467 1777 4526 vesperem,
1793 4465 1831 4507 ex

109 4567 298 4626 magnopere
327 4551 553 4626 perpendenda.
588 4554 663 4608 Nam
704 4550 756 4626 qui
783 4566 885 4624 supra,
914 4555 948 4608 ut
999 4548 1104 4606 ordine
1119 4545 1334 4620 sequebantur.
1346 4542 1601 4616 Evangelistarum
1615 4545 1715 4597 temen
1729 4541 1830 4594 aucto-

109 4643 262 4718 quosdam
272 4641 311 4698 de
322 4641 453 4699 Ecclesia
463 4640 617 4712 affligeret,
630 4657 739 4698 manus
754 4641 843 4708 misit,
853 4657 944 4709 nunc,
999 4638 1069 4694 ritas
1085 4636 1239 4710 etpasoha
1253 4650 1308 4708 pro
1324 4633 1446 4707 asynde,
1471 4637 1500 4689 et
1514 4645 1621 4703 azynn
1634 4643 1689 4703 pro
1715 4625 1831 4724 pasche

110 4741 142 4790 ut
160 4737 284 4790 Petrum
308 4731 585 4804 comprehenderet,
607 4729 757 4804 apposuit.
785 4729 946 4787 Sciendum
999 4741 1111 4801 ponere
1126 4723 1294 4790 consuevit,
1310 4722 1387 4779 sicut
1400 4720 1485 4780 facile
1497 4724 1543 4776 est
1564 4718 1590 4775 ei
1603 4730 1766 4788 agnoscere
1778 4729 1831 4786 qus

109 4825 215 4896 itaque
229 4821 304 4895 quie
318 4823 400 4877 tanto
410 4835 442 4876 se
455 4819 665 4894 unusquisque
676 4835 695 4876 a
708 4817 831 4876 diaholo
846 4819 947 4876 minus
1000 4832 1105 4874 eorum
1121 4813 1275 4872 volumine
1287 4811 1434 4868 studuerit
1447 4823 1610 4866 recensere.
1630 4803 1685 4862 Sed
1696 4819 1753 4859 nos
1765 4802 1831 4858 hac

110 4911 243 4982 elonget,
269 4913 385 4983 quanto
414 4908 454 4965 ad
480 4907 799 4983 comprehendendum
827 4907 948 4963 culmen
1000 4907 1107 4981 paucis
1120 4905 1207 4976 iuxta
1221 4901 1378 4958 historiam
1407 4897 1590 4962 dixerimus3
1618 4908 1699 4951 nune
1714 4891 1832 4948 interio-

110 4999 307 5074 prolectionis
342 4998 444 5054 minus
472 4997 656 5072 appropriat.
679 4995 762 5054 Unde
795 5012 865 5053 cum
893 4995 948 5052 ali-
1001 5011 1065 5052 rem
1089 5009 1212 5051 sensum
1250 4991 1376 5062 hujusce
1410 4984 1561 5043 sententiae
1592 4983 1759 5039 videamus.
1786 4979 1834 5036 eit

109 5105 205 5162 quem
233 5103 273 5146 ex
313 5086 424 5144 talibus
452 5087 491 5144 ad
534 5085 656 5160 culpem
692 5084 832 5142 diabolus
859 5084 947 5157 repit,
1002 5099 1073 5155 ergo
1090 5101 1096 5138 ι
1113 5083 1211 5140 lirant
1225 5085 1323 5138 autem
1339 5078 1400 5134 dies
1415 5089 1598 5146 azymorum.
1615 5071 1681 5128 Dies
1708 5085 1832 5144 azymo-

111 5177 201 5251 quasi
215 5177 304 5248 juxta
319 5191 351 5232 se
377 5190 487 5232 manus
502 5173 600 5245 mittit,
613 5174 686 5248 quia
700 5173 738 5230 ad
753 5189 784 5228 se
812 5189 882 5230 eum
897 5171 949 5246 qui
1001 5189 1070 5228 rum
1083 5187 1173 5227 omne
1184 5169 1243 5226 hoc
1258 5172 1376 5238 tempus
1393 5163 1558 5237 accipimus
1570 5160 1653 5235 quod
1664 5159 1703 5216 eh
1718 5159 1832 5218 adven-

110 5265 278 5336 nonlonge
301 5263 491 5330 discesserat,
515 5264 647 5321 retrahit.
664 5267 738 5322 Cum
749 5279 822 5319 vero
842 5263 949 5320 lortem
1003 5265 1035 5318 tu
1046 5259 1141 5316 nostri
1157 5255 1422 5327 salvatorisusque
1441 5251 1585 5310 adfinem
1598 5250 1704 5308 mundi
1720 5248 1832 5308 evolvi·

111 5369 270 5428 quemque
284 5357 375 5428 atque
390 5353 420 5410 in
436 5353 543 5411 uirtute
569 5351 734 5426 perfectum
756 5350 892 5425 decipere
905 5349 950 5406 ni-
1002 5355 1050 5407 tur
1064 5366 1071 5404 :
1085 5347 1117 5404 in
1131 5361 1193 5420 quo
1208 5345 1351 5401 nimirum
1381 5347 1515 5417 tempore
1528 5357 1618 5398 verus
1629 5338 1676 5396 ille
1690 5343 1832 5410 «Agnus,

111 5443 183 5500 titur
197 5449 228 5500 et
251 5459 315 5502 non
342 5442 432 5511 velet,
459 5442 545 5517 quasi
570 5442 608 5499 ad
630 5439 950 5514 comprehendendum
1002 5437 1055 5513 qui
1068 5435 1144 5494 tollit
1158 5438 1283 5508 peccata
1291 5431 1409 5498 mundi,
1422 5455 1436 5482 »
1449 5430 1645 5498 immolatur;
1670 5444 1725 5503 per
1744 5428 1831 5499 cuius

112 5533 246 5604 Petrum,
263 5549 374 5590 manus
390 5533 433 5604 (ut
446 5531 486 5589 ita
501 5531 610 5604 dicam)
624 5535 721 5588 arctes
747 5529 849 5587 habet.
867 5529 950 5587 Unde
1004 5525 1183 5597 sanguinem
1209 5521 1357 5597 apeccati
1384 5521 1509 5578 domino
1534 5518 1632 5576 fidelis
1656 5515 1787 5592 populus
1799 5514 1833 5570 li·

112 5637 226 5688 mm
240 5627 275 5684 ut
298 5625 418 5684 Petrum
443 5620 682 5695 comprehendat
709 5619 847 5693 apponit,
877 5618 951 5692 quie
1005 5617 1137 5674 beretur.
1166 5611 1249 5670 unde
1277 5610 1367 5668 etiam
1394 5610 1503 5667 Paulus
1528 5607 1620 5667 dicit:
1647 5605 1767 5664 Posctu
1780 5619 1833 5660 no·
