3998 6182
209 157 261 211 847
682 154 710 209 S.
732 149 952 208 dnlnnnnitus
970 147 1099 206 necari
1117 148 1145 205 S.
1167 149 1311 207 BENlGNl
1329 150 1460 208 eiwon.
1870 157 1916 212 ils

207 274 377 333 redimebat
391 271 478 330 nobis
497 287 567 328 cum
590 269 800 344 eleemosynis,
815 272 887 345 quia
913 270 997 346 quod
1011 271 1038 328 ei
1051 275 1075 327 Α
1089 271 1132 328 mi
1145 271 1261 330 oblatis
1276 273 1359 330 tertii
1377 271 1607 330 Fueamneasis.
1622 269 1848 330 Fiscamnensis
1862 289 1918 332 mo·

207 363 413 422 committebat
437 360 562 418 fideliter
583 361 737 433 erogabat.
755 362 846 434 Cujus
865 362 946 418 enim
960 376 1037 435 pau·
1091 361 1212 417 nasterii
1243 361 1349 418 laudes
1379 361 1489 418 videsis
1518 358 1603 434 apud
1629 358 1790 418 liudonem
1827 365 1916 419 Sancti

206 455 289 528 peria
302 451 491 510 necessitudo
516 467 643 508 manum
666 467 754 509 snam
775 451 867 508 sensit
882 451 1037 509 sterilem?
1091 449 1220 515 Quintini
1235 451 1397 522 decanum,
1413 451 1466 525 qui
1484 451 1596 508 librum
1611 448 1751 507 ultimum
1781 451 1918 510 1111111-

207 539 422 608 01111111111
449 557 538 598 suam
553 556 614 597 non
639 540 752 599 habent
772 541 1037 598 munificentiam?
1089 542 1148 599 bus
1171 546 1200 599 ct
1222 543 1295 600 aciie
1310 547 1552 600 Normannorum
1577 541 1802 598 liscamnensis
1823 559 1917 600 mona·

206 630 355 688 Circtnbat
368 629 497 702 anglice
509 635 539 687 et
553 630 685 705 compita
698 631 899 704 leprosorum,
916 635 945 688 et
966 647 1036 688 cum
1091 632 1170 688 elerii
1185 632 1322 689 encomio
1337 631 1449 690 claudit
1461 651 1468 702 ;
1493 646 1607 707 paucos
1630 630 1737 689 exindo
1750 647 1862 688 versus
1873 633 1917 690 de·

204 719 277 794 ipsis
288 719 473 777 familiariter
483 719 652 791 locuturus,
666 735 775 777 manue
791 720 883 777 etiam
897 719 1036 793 elephan·
1089 737 1210 795 cerpere
1226 720 1373 778 sufficiat:

204 808 296 866 tiosas
315 808 493 882 plerumque
509 809 736 866 deosculaturus
760 808 910 882 tuguriola
931 809 1035 866 subin-

204 897 313 964 trabat,
328 902 360 955 ut
377 899 514 955 omnium
535 898 763 956 necessitatibus
777 898 907 970 adesset,
918 901 951 956 ut
965 915 1035 956 eum

204 985 311 1042 miselli
324 986 485 1059 cujuslibet
499 988 641 1059 angustia
656 988 852 1060 cognovisset.
865 992 929 1045 Non
939 990 1037 1061 potest

204 1076 354 1133 enucleari
367 1077 466 1134 verbis
482 1077 623 1135 sanctitas
639 1079 704 1150 ejus
726 1078 816 1135 bonae
831 1077 1035 1135 conversatio-

203 1164 286 1220 nis.»
314 1165 460 1223 liumdem
486 1155 628 1223 abbatem
653 1165 694 1223 ob
724 1167 828 1224 lormce
855 1166 1035 1237 elegantiam

202 1252 344 1323 Puellam,
359 1255 452 1324 vulgo
473 1257 504 1313 lc
524 1257 657 1329 Poecile,
673 1256 921 1327 cognominatum
944 1255 1035 1314 luisse

203 1341 334 1424 uadunt.
360 1343 534 1416 Complures
557 1344 699 1402 ecclesias
722 1345 754 1403 in
776 1345 889 1418 oppido
905 1345 1033 1402 1111111-

202 1431 288 1488 nensi
301 1433 484 1502 construxit;
504 1434 705 1492 universalem
718 1434 942 1508 eleemosynam
957 1450 1034 1508 pau-

202 1520 325 1593 peribus
342 1521 467 1593 singulis
482 1523 589 1580 dicbus
603 1523 789 1594 erogandam
798 1523 944 1592 instituit3
960 1524 1036 1582 rexit

1126 809 1150 866 0
1163 810 1323 878 Fiseccae,
1338 810 1433 867 111111
1450 824 1566 880 seraper
1576 808 1706 881 fecunde
1717 809 1855 880 favillae,

1124 899 1304 957 Sanctorum
1319 900 1432 958 maeres
1445 900 1621 957 meritorum
1632 900 1708 970 flore
1721 901 1872 958 1111111111

1124 989 1162 1045 la
1174 989 1286 1060 gremio
1300 995 1390 1046 11111
1399 1002 1579 1046 consonans
1587 990 1713 1059 jamque
1725 995 1871 1058 saerata,

1125 1078 1218 1134 11111
1232 1077 1424 1147 resplendens
1436 1075 1561 1148 profuso
1576 1076 1643 1133 dcte
1657 1077 1779 1145 solutes,

1126 1165 1203 1222 Olim
1219 1167 1352 1238 virgineo
1367 1166 1497 1223 1111111111
1509 1169 1663 1222 stemmate
1677 1179 1779 1234 sacro,

1125 1254 1200 1313 Cum
1214 1255 1431 1327 leodegarium
1443 1255 1572 1312 seruasti
1586 1255 1651 1312 luce
1663 1255 1834 1326 priuatum.

1130 1345 1228 1413 Vives,
1243 1344 1413 1416 Fieecnnb,
1428 1358 1544 1415 semper
1557 1344 1698 1413 felicibus
1712 1345 1818 1402 111111.

1123 1434 1293 1506 fiscannis,
1308 1434 1416 1506 gaude,
1431 1434 1503 1506 quic
1516 1438 1549 1489 tu
1563 1433 1743 1504 digerisirna
1759 1434 1850 1492 leude
1858 1449 1869 1508 ,·

1129 1524 1184 1580 Vos
1198 1525 1415 1582 Fisecncenses
1429 1523 1573 1581 circutum
1588 1523 1811 1594 cingitis-enses

202 1611 420 1668 monasterium
446 1612 534 1669 annis
556 1612 658 1683 viginti
684 1629 814 1682 novem;
836 1613 970 1686 sepultus
990 1618 1070 1684 estg
1124 1612 1267 1669 Ecclesia
1277 1617 1386 1683 portes,
1402 1611 1557 1669 catulisca
1571 1612 1706 1670 1111111111
1722 1613 1832 1670 hostes.

201 1697 233 1754 in
248 1700 364 1774 capella
376 1703 474 1758 Beata
489 1701 709 1770 llariaeveteris,
721 1717 758 1758 ex
770 1701 909 1775 opposito
919 1701 1031 1760 altaris.

1124 1700 1181 1760 Sed
1193 1702 1259 1774 jam
1269 1705 1388 1776 tempus
1400 1705 1445 1760 est
1457 1700 1525 1758 libri
1535 1701 1706 1773 tragmcnta
1716 1701 1841 1759 exhibre
1852 1717 1907 1774 qne

202 1787 306 1844 Obitus
320 1788 385 1860 ejus
399 1788 430 1845 in
445 1788 619 1862 Necrologio
634 1788 758 1846 laudato
771 1789 900 1848 habetur
913 1789 960 1846 hie
970 1807 1035 1848 ver·
1088 1806 1182 1865 supra
1195 1789 1317 1864 pollitici
1337 1807 1454 1848 sumus.

201 1875 268 1933 bis:
285 1892 322 1933 vn
330 1876 486 1934 Kalendas
500 1877 627 1947 Aprilis,
637 1877 780 1947 depositio
790 1878 894 1935 domm
917 1877 1033 1936 Willel-

752 2223 1038 2312 EXCERPTA
1081 2224 1154 2311 EX
1197 2223 1371 2313 LIBRO

345 2405 391 2462 DE
409 2403 662 2473 REVELATIONE,
682 2405 936 2463 AEnrutcnrroltn
956 2406 999 2462 ET
1019 2404 1776 2466 1110101111111011811111811111151.

538 2726 691 2768 recuccus,
1048 2712 1068 2768 C
1083 2711 1112 2766 et
1126 2708 1251 2784 scriptas
1264 2710 1304 2767 ad
1319 2709 1525 2767 auctoritatem
1540 2709 1750 2768 liscannensis
1765 2710 1895 2776 Ecclesia,

236 2801 381 2859 libellum
395 2799 432 2856 de
444 2797 634 2868 revelatione,
646 2797 843 2855 aedificatione
857 2801 885 2855 et
900 2797 1029 2855 auctori·
1083 2801 1112 2855 ct
1125 2798 1165 2855 ad
1180 2799 1335 2857 utilitatem
1346 2799 1510 2870 legentium
1524 2799 1648 2858 fratrum
1661 2799 1754 2874 edidi,
1770 2806 1821 2858 etc.

199 2895 258 2948 tate
272 2890 479 2947 Fiscannensis
498 2887 681 2958 monasterii,
697 2891 781 2945 Pater
802 2887 912 2962 inclyte
926 2887 1031 2946 Willel-

198 2996 257 3049 me,
273 2979 440 3053 composui,
457 2982 485 3036 et
500 2977 702 3052 compositum
716 2982 775 3035 tuta
790 2977 956 3036 dilectionis
972 2978 1032 3035 sin·
1398 2941 1448 3000 ΕΦ
1464 2956 1531 3014 ⁶⁰²³·
1542 2945 1597 3000 XV·

198 3085 266 3126 cero
278 3067 391 3142 judicio
406 3067 618 3140 corrigendum
639 3072 668 3126 et
682 3067 925 3126 confirmandum
941 3067 1030 3124 desti-
1118 3069 1233 3124 interea
1245 3064 1368 3137 contigit
1380 3067 1595 3125 Fiscannenses
1608 3069 1770 3127 canonicos
1782 3069 1891 3126 aliorum

195 3157 277 3229 navi,
291 3161 440 3232 qnatenus
464 3161 522 3214 ture
546 3156 730 3214 celsitudinis
748 3173 890 3214 assensus
905 3161 933 3214 ct
947 3155 1030 3213 libel·
1082 3155 1297 3213 canonicorum
1311 3171 1411 3214 mores
1424 3156 1544 3226 imitari,
1559 3157 1636 3214 latas
1656 3159 1824 3232 perditionis
1836 3157 1889 3213 vias

195 3245 259 3305 lum
285 3249 373 3306 edere
399 3247 563 3322 praecipiat,
578 3251 608 3305 ct
630 3246 709 3304 edito
731 3245 830 3304 libello
853 3245 976 3320 pondus
1001 3248 1029 3302 et
1080 3243 1206 3316 ingredi,
1223 3248 1252 3301 et
1265 3261 1366 3302 rerum
1386 3245 1597 3320 temporalium
1623 3246 1712 3305 luxus
1735 3245 1888 3305 etdesidias

196 3338 402 3396 auctoritatem
417 3337 571 3394 concedat.
583 3339 644 3408 ligo
659 3335 793 3410 quidem,
810 3339 894 3392 Pater
907 3335 1027 3408 inclyte,
1079 3334 1260 3407 voluptuose
1284 3335 1407 3406 sectari;
1430 3350 1523 3410 quam
1539 3337 1751 3396 canonicorum
1764 3337 1888 3394 miseram

194 3427 396 3500 ignorantiam
411 3441 511 3481 meam
525 3423 701 3480 maluissem
717 3428 805 3482 cauto
820 3423 935 3481 silentio
951 3427 1029 3495 tege·
1080 3423 1173 3480 vitam
1188 3426 1217 3480 et
1230 3422 1437 3481 imminentem
1461 3423 1615 3482 miseriam
1636 3425 1698 3484 dux
1710 3422 1886 3501 prudentissi-

193 3532 236 3587 re,
251 3531 345 3588 quam
368 3513 495 3583 alicujns
518 3512 673 3585 scripture
698 3511 891 3584 praesumenti
915 3510 1026 3567 indicio
1080 3527 1149 3568 mus
1161 3512 1327 3572 Richardus
1343 3513 1479 3584 audiens,
1497 3519 1525 3570 et
1540 3514 1687 3573 audiendo
1705 3526 1879 3585 cognoscens,

193 3602 365 3677 publicare;
381 3599 434 3654 sed
446 3599 573 3655 fratrum
587 3603 758 3656 nostrorum
769 3599 905 3671 jussione
916 3600 1028 3656 instan·
1081 3600 1166 3659 valde
1193 3601 1297 3670 doluit,
1324 3603 1545 3677 hominumque
1571 3621 1726 3678 pravorum
1747 3615 1834 3658 mores
1853 3603 1878 3654 et

192 3691 214 3747 ti
229 3695 258 3746 ct
271 3687 414 3745 instantia
429 3685 547 3759 jubenti
570 3686 758 3761 compellitur
780 3691 881 3744 noster
905 3688 1025 3745 animus
1079 3691 1337 3748 conversationem
1377 3691 1556 3765 exhorrens,
1588 3692 1703 3764 legatos
1730 3690 1879 3750 testinanter

146 3775 163 3790 “
192 3777 420 3855 possibilitatem
444 3777 597 3850 excedere,
613 3793 761 3851 suamque
782 3777 931 3835 inscitiam
946 3777 1025 3835 mul-
1079 3779 1253 3838 Cluniacum
1279 3780 1396 3853 direxit,
1418 3785 1447 3838 et
1471 3785 1609 3840 sanctum
1631 3782 1765 3842 llaiolum
1780 3791 1883 3848 magne

192 3873 291 3926 torum
316 3868 488 3944 aspectibus
507 3868 668 3926 nominum
691 3867 872 3942 improvisus
897 3869 1023 3944 aperire.
1076 3868 1251 3926 humilitatis
1271 3869 1412 3943 precibus
1437 3870 1615 3928 liecennum
1638 3871 1795 3938 accersivit,
1810 3871 1885 3940 atque

192 3958 394 4032 t'ompellitur,
404 3959 540 4033 inquam,
555 3963 658 4018 noster
668 3957 788 4016 enimus
803 3973 890 4014 suam
903 3958 1024 4029 ignora·
1078 3957 1245 4016 sccundum
1263 3959 1359 4016 sancti
1374 3959 1521 4018 Benedicti
1534 3960 1672 4032 regulam
1686 3967 1715 4020 et
1726 3956 1886 4019 constitutio

188 4063 221 4104 re
236 4047 446 4119 ignorantiam,
462 4050 491 4106 et
502 4053 674 4107 nostrorum
688 4047 813 4105 fratrum
837 4047 955 4120 roganti
968 4047 1023 4104 im·
1039 4066 1063 4121 p
1077 4063 1147 4105 nem
1171 4047 1290 4123 disponi
1305 4051 1333 4106 et
1345 4049 1479 4106 ordinari
1492 4065 1605 4108 novam
1629 4049 1785 4108 ecclesiam
1797 4061 1886 4106 enora-

189 4136 275 4212 perio
302 4136 442 4193 exhibere
471 4137 684 4209 obedientiam,
711 4137 760 4194 cui
784 4137 962 4194 exhibendae
994 4142 1024 4195 et
1076 4137 1127 4194 vit.
1151 4136 1204 4196 Cui
1227 4141 1350 4196 sanctus
1377 4137 1516 4197 llaiolus:
1545 4139 1650 4212 liujus,
1671 4140 1778 4214 inquit,
1792 4135 1886 4195 laboris

189 4225 298 4283 mentis
307 4225 456 4297 judicium
465 4227 637 4284 nullatenus
650 4227 822 4301 acquiescit,
836 4231 865 4284 11
876 4226 1022 4302 propositi
1075 4225 1315 4298 magnitudinem
1335 4226 1402 4284 talis
1423 4227 1547 4285 rationis
1571 4228 1754 4296 conditione,
1768 4223 1885 4286 charissi-

189 4315 283 4372 nostri
311 4314 494 4371 verecundia
526 4316 650 4373 omnino
684 4315 868 4373 contradicit.
901 4319 1020 4386 Verum,
1075 4331 1124 4372 me
1137 4314 1177 4372 iili
1192 4315 1348 4387 Richards,
1365 4316 1573 4390 suscipiam,si
1582 4334 1637 4391 per
1649 4321 1747 4376 totum
1761 4318 1885 4375 ducatum

189 4420 259 4462 cum
281 4403 451 4461 obedientia
474 4409 578 4462 sancta
602 4403 720 4461 nullum
741 4421 819 4481 opus
840 4404 960 4464 difficile
974 4404 1038 4481 vel·
1075 4408 1161 4462 tuum
1196 4405 1459 4478 consuetudinem,
1495 4424 1562 4480 quse
1598 4407 1762 4479 vulgariter
1796 4419 1886 4482 pasna-

187 4493 374 4568 impossibile
401 4498 532 4566 excuset,
562 4497 615 4550 aut
647 4508 789 4550 excusare
821 4493 940 4564 debeat,
967 4494 1021 4551 diu
1075 4494 1158 4566 gium
1180 4495 1219 4564 (1)
1241 4493 1359 4567 dicitur,
1376 4496 1435 4552 Deo
1459 4494 1629 4566 donaveris,
1644 4495 1822 4571 nullumque
1842 4499 1886 4550 tua

189 4589 333 4642 cunctans
358 4582 583 4657 multarumque
607 4581 911 4656 procrastinationum
934 4582 1022 4639 indu·
1073 4581 1227 4654 potestatis
1250 4581 1416 4656 principem
1441 4582 1606 4664 aliquando
1633 4583 1766 4657 amplius
1788 4583 1887 4654 exigere

188 4674 250 4731 cias
263 4675 393 4744 fingens,
408 4677 533 4744 urgente
546 4673 684 4730 fraternae
698 4671 863 4728 dilectionis
877 4671 1020 4730 continua
1073 4669 1248 4728 decreveris.
1267 4669 1320 4727 Ubi
1335 4670 1500 4728 Richardus
1521 4671 1585 4729 dux
1604 4687 1668 4730 non
1686 4672 1796 4731 morbo
1810 4667 1888 4728 aren·

186 4763 332 4835 jussione,
348 4779 426 4820 onus
449 4761 572 4820 tandem
595 4762 776 4834 imperatum
791 4760 920 4834 suscepi,
936 4765 964 4818 11
978 4762 1020 4820 Fi·
1073 4759 1130 4829 tiae,
1146 4776 1252 4816 verum
1265 4759 1383 4817 occulte
1404 4759 1456 4818 Dei
1479 4762 1668 4835 providentie
1682 4761 1855 4838 disponente
1866 4759 1888 4812 et

189 4853 365 4912 scannensis
379 4853 553 4910 monasterii
567 4851 691 4910 exordia
705 4850 915 4926 subsequentis
927 4849 1018 4908 libelli
1072 4853 1177 4907 sancto
1187 4849 1329 4907 Willelmo
1340 4848 1443 4908 abbati
1451 4849 1579 4922 gloriam
1592 4851 1754 4910 ordinandi
1768 4855 1887 4909 sanctam

188 4943 297 5014 agresti
311 4948 340 5000 et
354 4941 478 5014 ignobili
493 4941 571 5015 stylo
594 4941 699 5015 aperui
713 4945 742 4998 et
756 4940 890 5016 exposui.
908 4941 942 4997 ln
956 4957 1017 5015 quo
1071 4938 1228 4996 ecclesiam
1258 4939 1462 5012 nausiarente,
1488 4957 1614 4998 suorum
1642 4942 1802 4999 bominum
1828 4951 1888 4996 oon·

187 5031 285 5089 libello
300 5031 382 5090 nulla
403 5031 480 5089 falsa
502 5029 645 5088 iallaciter
659 5030 833 5104 interposui,
848 5045 954 5087 verum
970 5047 1019 5087 sa·
1071 5028 1136 5086 silio
1171 5028 1330 5102 acquievit,
1359 5033 1388 5086 11
1422 5029 1516 5088 sancti
1553 5029 1653 5088 Maioli
1689 5029 1887 5106 interpellatio

187 5135 254 5175 cras
262 5119 406 5178 historias
418 5119 613 5193 antiquorum
627 5119 762 5176 virorum
775 5118 1016 5176 tidelinarratio·
1070 5134 1141 5176 nem
1168 5134 1230 5176 non
1259 5117 1421 5176 exaudivit.
1448 5119 1531 5178 llnde
1570 5120 1694 5192 contigit
1724 5124 1757 5178 nt
1780 5123 1887 5178 sanctus
1952 5193 1953 5196 Ἴ

186 5223 225 5264 11
240 5209 384 5279 cognitas,
400 5225 585 5283 suorumque
609 5212 801 5284 posterorum
822 5207 935 5267 tenacis
956 5223 1017 5265 mc·
1070 5206 1191 5266 llaiolns
1212 5207 1389 5265 Cluniacum
1412 5213 1616 5279 reverteretur,
1632 5215 1661 5268 et
1683 5209 1886 5268 canonicorum

186 5297 290 5355 moriae
301 5297 369 5354 sinn
384 5299 545 5358 custoditas
557 5303 586 5357 11
599 5299 708 5356 nostris
719 5297 904 5372 temporibus
915 5314 1016 5356 succe·
1069 5295 1211 5354 correctio
1227 5293 1275 5354 vel
1288 5295 1426 5371 expulsio
1448 5312 1503 5371 per
1523 5297 1638 5371 aliquot
1651 5301 1790 5371 tempora
1804 5295 1884 5369 prote

186 5387 322 5447 donnum
333 5385 465 5444 virorum
479 5387 613 5460 diligenti
625 5388 769 5446 relatione
787 5386 884 5445 illatas
898 5386 1013 5460 scripsi,
1068 5384 1188 5456 leretur,
1202 5389 1257 5444 etc.

197 5637 202 5649 ¹
221 5567 257 5640 (l)
276 5564 469 5638 pasnagium,
485 5565 550 5622 aliis
564 5525 797 5624 pastionaticum
811 5579 865 5620 seu
878 5561 1008 5620 Paetina·
1063 5563 1255 5692 {laudatione
1270 5568 1299 5621 ct
1309 5565 1376 5648 jure
1392 5564 1536 5639 pascendi
1550 5579 1659 5639 porcos
1672 5566 1768 5624 aliave
1779 5563 1885 5622 amma·
1950 5601 1951 5611 .

184 5641 276 5697 ticum
289 5639 381 5711 vulgo
393 5651 523 5734 pucaqe,
536 5653 645 5696 censue
663 5641 709 5695 eet
723 5653 776 5695 scu
794 5635 939 5694 tributum
953 5649 1009 5709 pro
1076 5635 1135 5700 ’111
1150 5634 1226 5693 silva
1238 5635 1363 5694 domim.
