4002 6174
186 143 234 197 551

640 142 772 200 ANNAL.
792 141 1018 204 fflunnsflnlu.
1039 140 1228 208 duroman.
1248 143 1438 202 wnrssnltss.

1846 152 1903 206 552

682 266 846 324 ANNALES
865 265 1237 335 QUEDLINBURGENSES.
1259 268 1294 324 Α.
1317 271 1397 325 1011.

183 389 284 446 nescio
295 386 421 445 immani
436 390 593 445 ventorum
607 387 746 447 violentia
764 390 868 460 1111111,
885 391 1008 465 oppida,
1028 392 1053 447 A
1069 389 1180 462 studio,
1193 367 1297 447 verum
1308 395 1341 448 ut
1350 391 1562 464 gloriosissime
1574 392 1678 462 valuit,
1691 394 1814 467 peregit.
1830 398 1904 452 Pro·

183 493 263 546 rura,
279 478 387 533 cuncta
400 476 677 548 circumJacentium
703 477 761 535 late
776 478 907 537 confinia
921 483 1013 536 terra·

182 582 261 634 rum,
278 564 351 638 ipsis
367 581 488 639 quoque
503 565 630 622 collibus
645 582 681 623 ac
696 567 862 638 montibus,
873 584 950 642 quos
963 583 1016 624 na-

182 659 248 712 tura
260 654 394 729 quadam
413 670 475 729 1111
489 654 591 712 ceteris
605 654 784 713 sublimitate
797 657 956 725 munierat,
972 657 1012 713 al-

180 743 239 800 tius
251 743 446 815 insurgendo,
462 744 610 812 mersisse,
620 748 648 801 11
659 745 743 818 quod
754 745 800 802 his
812 744 1012 836 miserabilius

180 851 216 892 ac
232 834 315 892 omni
334 834 537 892 incredibilius
563 841 609 892 111
624 833 748 906 auditui,
764 836 848 893 villas
870 837 1011 907 integras,

179 939 374 998 nequaquam
386 923 485 981 soluta
499 923 695 981 aedificiorum
708 940 865 999 compage,
878 941 948 982 cum
959 924 1014 982 ini-

178 1013 211 1070 bi
225 1012 406 1085 degentibus
432 1013 468 1070 de
492 1013 551 1071 alia
576 1013 606 1071 in
631 1013 722 1071 aliam
742 1013 962 1072 transvehendo
977 1014 1013 1072 ri-

179 1119 262 1178 pam,
278 1103 385 1161 eadem
401 1118 464 1176 qua
484 1102 568 1176 prius
592 1102 741 1176 positione
756 1103 954 1161 constituisse.
970 1108 1014 1160 11-

179 1196 223 1251 ter
245 1193 308 1250 haec
333 1191 490 1250 ecclesiam
514 1192 682 1266 quandam,
696 1191 748 1265 pia
771 1193 925 1264 majorum
948 1193 1012 1250 dili-

178 1281 278 1352 gentia
305 1279 377 1338 olim
408 1283 620 1351 constructam,
634 1279 783 1353 opulentis
807 1279 941 1337 fidehum
960 1279 1013 1337 ibi·

1066 477 1137 534 inde
1157 482 1271 534 curtem
1295 483 1433 552 repetens
1450 478 1565 550 regiam
1579 479 1692 536 alstedi
1706 480 1828 550 dictam,
1842 484 1905 542 ha-

1067 563 1190 638 bitoque
1205 565 1278 622 inibi
1302 581 1372 622 cum
1395 565 1484 623 totius
1509 571 1631 624 senatus
1653 567 1811 642 plebisque
1826 587 1903 628 con-

1067 670 1158 710 cursu
1176 653 1325 729 colloquio
1338 655 1405 730 pios
1416 655 1535 714 lenitate
1547 656 1762 730 permulcendo
1773 659 1906 732 praedul-

1066 741 1102 810 ci,
1132 757 1200 799 reos
1235 743 1418 802 districtione
1454 745 1592 802 terrendo
1630 762 1744 816 severa,
1779 751 1904 822 totaque

1065 829 1213 888 industria
1223 834 1353 907 patriam
1368 835 1533 893 muniendo
1546 835 1621 892 inter
1634 837 1725 908 hujus
1738 837 1903 910 provinciae

1066 919 1198 977 civitates
1222 923 1413 994 (1911111111
1438 923 1524 980 illum
1551 923 1672 982 feliciter
1690 925 1832 1000 perduxit
1846 943 1903 984 an-

1065 1022 1149 1064 num.
1167 1011 1237 1066 Post
1251 1010 1316 1066 haec
1329 1011 1611 1070 Halberstadensem
1624 1013 1782 1071 ecclesiam
1795 1031 1904 1086 aggre-

1065 1096 1161 1168 diens,
1176 1103 1281 1155 sancta
1295 1099 1491 1157 Thebaeorum
1502 1105 1670 1174 martyrum
1685 1102 1831 1174 solennia,
1844 1108 1903 1160 111-

1064 1184 1149 1242 11111
1157 1185 1285 1260 praesule
1298 1187 1537 1259 administrante,
1553 1190 1667 1248 bonore
1681 1190 1841 1250 celebravit
1857 1192 1903 1248 di·

1065 1273 1222 1345 guissimo.
1235 1276 1347 1334 Dehine
1357 1281 1478 1351 neptem
1492 1295 1591 1350 suam,
1601 1279 1727 1337 herilem
1739 1280 1901 1339 dominam

177 1370 247 1428 dem
262 1369 477 1427 confluentium
501 1369 577 1426 sotis
599 1369 653 1426 1111
673 1369 809 1440 11111111,
827 1369 938 1426 codem
951 1386 1013 1444 quo
1065 1362 1263 1421 Adolheidam
1285 1364 1426 1435 invisere,
1442 1367 1710 1440 Quedelingnensis
1736 1369 1901 1428 dedicatio-

177 1463 205 1516 et
219 1463 326 1516 caetera
342 1459 469 1532 impetu,
487 1457 611 1531 pristino
634 1456 817 1514 omnimodis
839 1463 917 1516 statu
931 1457 1012 1516 evul-
1064 1468 1196 1527 nemque
1220 1454 1362 1528 basilicae,
1392 1456 1460 1514 licet
1484 1457 1649 1533 improvisa
1680 1459 1900 1534 inopinataque

178 1563 255 1619 sam,
270 1548 341 1606 alibi
362 1547 542 1605 translatam
559 1545 720 1603 affirmant.
741 1548 837 1620 Supra
851 1547 922 1604 dicti
935 1564 1011 1621 quo·
1063 1540 1149 1599 brevi
1163 1547 1265 1601 tamen
1281 1543 1494 1602 deliberatione
1508 1562 1603 1619 quam
1617 1545 1801 1606 familiariter
1815 1549 1899 1606 insti-

176 1655 235 1713 que
249 1638 340 1709 fluvii,
358 1639 479 1695 Wisara
499 1641 528 1695 et
540 1635 634 1705 albis,
647 1635 738 1694 ternis
760 1630 876 1694 dicrum
896 1636 1012 1694 vicibus
1064 1633 1164 1702 tuens,
1177 1633 1305 1690 eandem
1316 1634 1499 1708 Metropolim
1510 1634 1652 1692 adeundo
1665 1637 1810 1711 pervenit.
1824 1638 1897 1704 Quis

176 1743 212 1784 ac
226 1727 372 1799 noctium,
387 1725 602 1784 flammivomis
621 1728 725 1782 contra
748 1729 889 1783 naturam
909 1743 1011 1800 super-
1028 1719 1112 1800 gille
1132 1721 1179 1795 sit,
1194 1738 1304 1779 caesare
1328 1731 1458 1795 augusto
1477 1725 1667 1794 adventante,
1683 1742 1788 1784 eorum
1811 1728 1900 1785 nobi-

175 1816 331 1874 fieietenus
346 1816 402 1873 visi
418 1819 488 1872 sunt
506 1814 614 1872 arsisse
627 1813 802 1888 vaporibus.
817 1814 894 1882 Quid
907 1815 1007 1873 deca·
1062 1809 1136 1867 lium
1159 1814 1222 1868 tam
1246 1812 1391 1871 comitum
1414 1830 1509 1887 quam
1524 1814 1689 1888 praesulum
1704 1821 1733 1872 et
1748 1815 1898 1874 abbatum

176 1904 339 1962 daveribus
366 1903 515 1960 referam?
539 1917 670 1976 quorum
695 1903 904 1972 numerositas,
925 1904 1008 1960 omni
1061 1898 1231 1970 comitatus,
1245 1918 1349 1975 quasve
1363 1901 1414 1960 illa
1436 1902 1528 1976 prolis
1550 1903 1639 1975 regias
1656 1903 1688 1960 in
1704 1905 1895 1979 susceptione

174 1995 319 2052 humgnae
334 1991 526 2050 oesfimafioili
546 1990 673 2048 difficilis
687 1991 718 2048 in
733 1992 835 2065 plures
850 1993 940 2066 quasi
953 2008 1006 2064 ag.
1059 1984 1253 2058 imperatoria
1275 1988 1438 2060 diligentia,
1453 1994 1629 2064 quantaque
1644 1990 1714 2048 cleri
1734 1991 1895 2068 plebisque

174 2097 280 2152 gerum
292 2080 437 2138 cumulos
447 2083 596 2147 concreta,
608 2078 798 2136 decrescente
809 2079 921 2137 diluvio
933 2080 1007 2138 dum
1059 2073 1247 2146 tripudiantis
1258 2077 1404 2147 occursio,
1426 2094 1580 2152 quamque
1595 2079 1719 2136 misticis
1734 2081 1894 2152 angelicis-

173 2171 224 2242 pia
238 2168 434 2242 quorundam
451 2166 716 2225 solertiadcbitnm
732 2167 880 2226 humandi
894 2169 1006 2243 praebe-
1058 2178 1118 2236 que
1139 2165 1295 2222 ornatibus
1322 2166 1408 2241 plebs
1428 2169 1622 2226 sacerdotalis
1646 2175 1767 2244 compta
1790 2187 1895 2244 proce-

172 2274 204 2315 re
217 2258 349 2316 studeret
366 2257 521 2324 affectum,
537 2255 627 2313 tantis
642 2261 765 2330 tamque
779 2257 933 2315 tenacibus
946 2273 1005 2316 ser·
1058 2251 1150 2323 deret,
1161 2270 1267 2327 quaevn
1278 2258 1338 2312 ileo
1349 2260 1534 2314 sacratarum
1548 2257 1729 2316 confluentia
1738 2259 1892 2332 virginum

172 2346 318 2421 pentium,
332 2345 537 2415 colubrorum,
548 2351 786 2420 cunctarumque
800 2347 832 2404 id
846 2363 942 2418 genus
954 2365 1006 2422 pe·
1058 2340 1119 2398 doli
1134 2342 1269 2417 fellisque
1284 2345 1450 2402 carentium
1474 2345 1723 2422 simplicitateque
1747 2349 1882 2408 columbi

173 2437 263 2495 stium
277 2435 440 2494 involucris
465 2434 508 2493 ita
527 2449 664 2494 connexa
687 2435 886 2510 reperiuntur,
901 2441 934 2495 ut
947 2454 1003 2496 nec
1057 2445 1097 2487 111
1111 2431 1238 2504 pleniter
1261 2433 1429 2504 nitentium,
1445 2435 1543 2508 qualis
1561 2451 1716 2510 quumque
1730 2437 1892 2497 laudabilis

171 2527 249 2584 terro
263 2543 320 2586 nec
335 2525 494 2600 utriuslibet
518 2525 588 2582 artis
614 2525 812 2585 instrumento
836 2544 873 2584 ea
895 2527 1002 2585 dissol-
1056 2518 1176 2576 illarum
1191 2520 1229 2577 sit
1244 2536 1338 2578 sonus
1352 2538 1507 2596 quamque
1522 2522 1624 2596 parilis
1635 2523 1755 2583 illerum
1770 2526 1894 2584 1111111-

170 2616 259 2674 vendi
280 2616 374 2674 uuam
394 2614 501 2674 timida
517 2613 776 2673 mortalitasviam
790 2615 921 2673 invenire
936 2617 1001 2692 qui.
1055 2613 1173 2679 ventus,
1190 2611 1258 2685 quis
1272 2611 1394 2670 habitus
1417 2613 1521 2687 quisve
1544 2613 1607 2688 ipse
1623 2614 1659 2672 sit
1672 2615 1817 2690 incessus,
1833 2634 1892 2676 neo

170 2707 270 2765 visset.
290 2705 348 2764 Sed
359 2705 397 2762 de
409 2705 456 2762 his
470 2703 544 2779 quid
559 2704 655 2773 inerit,
672 2704 718 2775 sit,
734 2704 781 2762 vel
794 2703 856 2773 fiat,
873 2705 998 2776 christo,
1056 2698 1113 2756 stili
1133 2699 1232 2757 officio
1255 2716 1311 2758 neo
1328 2701 1398 2758 viva
1412 2718 1485 2759 voce
1513 2703 1592 2776 potis
1613 2708 1657 2762 est
1679 2705 1839 2779 explicare.
1856 2709 1892 2765 Et

170 2796 223 2869 qui
236 2795 364 2853 eandem
388 2795 519 2863 gentium
544 2808 719 2868 pressuram
745 2809 801 2869 pro
825 2795 1001 2852 confusione
1054 2787 1128 2860 quid
1152 2787 1190 2845 de
1209 2789 1444 2848 victoriosissimi
1469 2791 1657 2864 imperatoris
1673 2793 1802 2852 referam
1826 2812 1890 2868 gre-

170 2885 286 2942 sonitus
309 2883 401 2942 maris
424 2899 459 2940 ac
486 2883 633 2940 fluctuum
658 2881 790 2940 futuram
809 2883 997 2956 predixerat,
1053 2875 1220 2935 iulatione?
1245 2878 1293 2934 eui
1318 2883 1426 2936 cuncta
1449 2880 1555 2936 mundi
1576 2881 1697 2940 elimata
1718 2883 1796 2941 colla
1819 2885 1891 2942 sub·

168 2973 389 3031 discutiendum
403 2971 610 3046 relinquimus.
650 3021 652 3026 .
1053 2963 1154 3022 dendo
1176 2965 1355 3040 inserviunt,
1370 2967 1483 3043 quique
1506 2985 1543 3026 1ο
1569 2969 1666 3041 magis
1689 2988 1781 3045 super
1799 2989 1889 3031 accu-

207 3067 283 3121 1011.
301 3063 352 3118 His
361 3061 490 3137 peractis
503 3060 667 3134 imperator
681 3064 837 3132 augustus,
849 3077 998 3120 concessae
1017 3053 1168 3154 cmulflia
1185 3055 1279 3127 gloria
1292 3056 1398 3114 merito
1414 3057 1535 3128 gaudet,
1551 3074 1613 3131 quo
1630 3076 1671 3130 11,
1687 3062 1748 3118 Deo
1769 3061 1888 3120 donan-

168 3151 224 3209 sibi
238 3151 368 3209 victoria
383 3148 646 3225 prosperitatisque
660 3165 754 3208 causa
765 3151 876 3222 gratias
886 3149 997 3208 divina
1053 3147 1090 3212 10,
1104 3143 1239 3202 altiorem
1254 3146 1621 3221 11111111,11111111111111
1638 3148 1754 3208 laetatur
1770 3153 1888 3210 univer·

167 3240 461 3317 11111111111111111.
479 3239 570 3298 alacri
595 3239 724 3312 tripudio
748 3239 883 3296 Saxoniae
899 3245 999 3314 partes
1053 3233 1103 3291 sis.
1126 3233 1183 3290 Sed
1197 3249 1235 3291 ne
1251 3235 1438 3292 audientium
1462 3253 1550 3294 aures
1565 3237 1681 3297 diutina
1695 3240 1886 3300 verbositatis

166 3331 347 3402 aggreditur.
383 3330 503 3388 interim
529 3332 724 3402 procurrente
753 3333 899 3402 tempore,
928 3345 998 3385 cum
1050 3321 1218 3394 prolixitate
1243 3325 1428 3398 protraham,
1452 3326 1579 3398 qualiter
1603 3329 1667 3386 11111
1691 3335 1886 3390 sacrosancte

165 3421 328 3476 saxoniam
339 3422 514 3492 properaret
526 3416 665 3484 revisere,
677 3416 864 3489 psalmisque
878 3416 999 3474 Walbe-

164 3505 211 3562 1111
233 3506 338 3562 iterato
350 3505 403 3562 rite
417 3508 603 3576 peracturus,
620 3504 754 3575 festaque
773 3502 928 3577 paschalia
941 3506 995 3561 ile·

163 3593 315 3663 resburgee
336 3591 478 3664 deinceps
493 3590 595 3647 debita
609 3590 812 3646 celebraturus
826 3591 995 3649 veneratio·

163 3697 219 3752 ne;
240 3681 316 3739 inter
329 3679 395 3753 ipsa
409 3679 515 3736 itinera
528 3677 732 3736 venerabilem
748 3677 935 3736 Heribertum
949 3697 995 3738 11-

163 3771 388 3846 chiepiscopum
402 3767 544 3827 humanis
562 3767 723 3825 excessisse
746 3767 846 3836 rebus,
861 3768 992 3844 impera-

1050 3409 1208 3483 dedicatio,
1223 3411 1289 3486 ipso
1302 3412 1438 3484 jubente,
1453 3415 1540 3472 inerit
1561 3415 1674 3486 allecta,
1694 3419 1799 3492 paucis
1818 3437 1885 3494 per·

1050 3500 1205 3570 stringam.
1233 3503 1320 3558 Anno
1344 3503 1558 3562 incarnationis
1576 3508 1883 3582 [101111101111111-

1048 3586 1145 3644 ctione
1170 3591 1198 3656 1,
1221 3592 1236 3645 8
1262 3589 1384 3648 calend.
1407 3591 1550 3658 Octobris,
1568 3593 1720 3653 dominica
1733 3596 1792 3666 die,
1807 3597 1883 3656 luna

1049 3680 1181 3746 l3,anno
1192 3679 1377 3736 verodomni
1392 3681 1519 3738 Heinrici
1532 3684 1656 3741 secundi
1666 3686 1819 3756 regnantis
1833 3691 1881 3758 10,

1046 3765 1221 3840 imperantis
1234 3772 1260 3838 8,
1276 3768 1343 3842 ipso
1356 3775 1502 3843 praesente
1518 3788 1588 3830 cum
1598 3773 1735 3845 conjuge,
1751 3776 1881 3849 impera·

160 3861 253 3918 torias
268 3860 404 3933 pervenit
426 3857 467 3918 ed
488 3873 585 3916 aures.
603 3856 656 3913 Hic
671 3856 822 3931 siquidem
834 3857 910 3914 divae
926 3875 991 3916 me·
1046 3856 1116 3912 trice
1131 3855 1241 3913 scilicet
1255 3858 1445 3930 Cunigunda,
1461 3860 1610 3936 totiusque
1629 3863 1712 3934 regni
1727 3864 1880 3940 episcopo

160 3951 263 4008 moriar
277 3950 387 4025 praesul
411 3964 506 4023 quam
530 3945 670 4004 assiduus
690 3945 721 4002 in
735 3944 881 4017 oratione,
897 3962 992 4021 quam
1045 3961 1113 4003 rum
1128 3962 1163 4004 ac
1176 3947 1356 4020 optimatum
1371 3955 1522 4006 conventu
1544 3951 1584 4008 ab
1603 3952 1739 4024 arnulfo,
1756 3955 1880 4012 Halber-

159 4054 274 4112 pernox
287 4037 319 4094 in
332 4035 451 4108 vigiliis,
464 4050 618 4109 quamque
642 4033 674 4090 in
692 4033 903 4108 procuratione
918 4050 992 4107 pau·
1045 4035 1193 4092 stadensis
1217 4035 1348 4094 ecclesias
1374 4038 1528 4113 episcopo,
1546 4039 1718 4098 dedicatum
1746 4046 1790 4100 est
1818 4031 1879 4102 hoc

159 4141 266 4198 perum
279 4124 432 4198 sollicitus,
440 4139 595 4198 quamque
605 4123 636 4179 in
648 4122 732 4180 omni
744 4121 887 4194 religione
900 4123 992 4180 eccle
1044 4123 1190 4198 templum
1203 4130 1232 4181 et
1245 4125 1337 4182 altare
1352 4142 1528 4200 supremum
1550 4128 1581 4186 in
1595 4130 1710 4188 honore
1725 4136 1837 4189 sanctae
1848 4136 1878 4190 11

159 4213 278 4270 siastica
290 4213 441 4270 studiosus
453 4212 592 4281 extiterit,
612 4211 684 4284 quia
698 4212 834 4269 humana
848 4211 989 4271 facundia
1042 4211 1203 4270 individuae
1218 4213 1375 4284 trinitatis,
1391 4220 1421 4273 et
1444 4222 1553 4275 sanctae
1576 4218 1672 4276 1111111
1697 4219 1878 4279 111111101-

158 4302 290 4376 proferre
311 4318 373 4359 non
396 4301 514 4372 sufficit,
531 4305 598 4358 acta
622 4300 763 4358 divinitus
788 4300 933 4358 miracula
948 4302 988 4360 ad
1041 4299 1126 4370 mini,
1142 4301 1296 4375 sanctique
1310 4302 1455 4360 lobannis
1472 4305 1621 4378 Baptista,
1638 4311 1666 4364 et
1687 4309 1781 4366 sancti
1797 4309 1877 4368 Petri

157 4389 308 4448 tumulum
323 4390 388 4462 ejus
405 4393 617 4464 protestantur.
633 4390 762 4446 Emensa
776 4387 877 4462 itaque
890 4389 985 4466 impe-
1041 4389 1184 4464 principis
1219 4391 1434 4464 apostolorum,
1464 4393 1560 4451 sancti
1597 4395 1739 4470 Stephani
1773 4403 1876 4472 proto

156 4483 343 4554 retorquam
356 4475 556 4551 eoepcratvia‚
573 4475 697 4546 cunctis,
712 4475 796 4533 utita
810 4477 986 4547 dicam,llu·
1040 4479 1190 4552 martyris,
1218 4479 1312 4536 sancti
1338 4481 1470 4556 Dionysii
1497 4488 1526 4540 et
1556 4483 1707 4541 sociorum
1733 4487 1809 4558 ejus,
1836 4503 1875 4544 ac

155 4585 237 4642 ropae
252 4568 357 4642 primis
371 4566 484 4625 ibidem
498 4565 728 4632 confluentibus,
737 4565 986 4642 diversarumque
1041 4567 1582 4629 sanctiServatiieontessoris.1nhoc
1596 4589 1668 4631 vero
1682 4574 1875 4633 continentur

156 4659 290 4730 gentium
310 4657 467 4714 missaticis
492 4655 532 4713 ad
559 4655 712 4729 imperiale
727 4656 792 4728 ejus
805 4657 985 4731 obsequium
1039 4655 1172 4729 reliquiae
1186 4657 1282 4713 sancti
1298 4658 1479 4716 confessoris
1493 4661 1626 4730 servatii,
1636 4663 1732 4720 sancti
1742 4667 1873 4720 anasta-

155 4747 288 4822 undique
316 4746 548 4822 properantibus
572 4749 797 4802 sacrosanctum
825 4745 984 4804 dominicae
1039 4745 1085 4813 sii,
1102 4744 1197 4803 sancti
1218 4746 1325 4814 1111111,
1353 4749 1449 4806 sancti
1472 4751 1674 4818 Pantaleonis,
1695 4759 1873 4810 sanctorum

153 4837 375 4894 resurrectionis
413 4834 568 4907 gaudium,
611 4838 672 4891 toto
710 4834 775 4906 jam
816 4835 983 4893 corridente
1038 4831 1151 4906 Aquilae
1172 4837 1202 4890 et
1219 4833 1368 4906 Priscilla,
1386 4837 1481 4894 sancti
1505 4838 1627 4910 Nicolai,
1647 4840 1759 4911 digitus
1774 4842 1874 4900 sancti

152 4926 279 4997 mundo,
305 4929 397 5001 prout
418 4924 518 4982 decuit
551 4923 651 4994 talem,
681 4923 790 4980 eximia
824 4923 985 4983 celebravit
1036 4923 1124 4978 111111
1153 4921 1354 4993 evangelista,
1381 4925 1476 4983 sancti
1500 4927 1658 4996 Pancratii,
1685 4929 1816 4986 1111111111
1843 4935 1873 4987 11

153 5014 256 5085 gloria.
286 5015 399 5090 Hisque
422 5014 505 5071 iestis
530 5011 724 5086 paschalibus
750 5028 864 5083 magno
890 5013 983 5087 tripu·
1036 5009 1187 5067 sociorum
1215 5011 1291 5084 ejus,
1316 5013 1411 5071 sancti
1430 5014 1600 5088 Clementis,
1617 5017 1744 5075 Cornelii
1758 5022 1788 5074 et
1812 5021 1871 5093 Cy-

152 5101 203 5158 dio
229 5104 367 5176 peractis,
397 5101 638 5176 Parmenopolim
662 5101 731 5159 hine
763 5101 982 5175 proficiscendo
1034 5099 1142 5172 priani,
1161 5099 1255 5156 sancti
1283 5102 1418 5174 Candidi,
1446 5105 1540 5162 sancti
1565 5106 1706 5179 Stephani
1726 5123 1815 5181 papae
1842 5113 1872 5166 11

150 5191 338 5263 perveniens,
349 5191 523 5249 sacrosdies
533 5194 718 5247 pentecostes
728 5189 810 5264 apud
820 5189 982 5246 tamosissi-
1034 5187 1183 5262 martyris,
1201 5189 1296 5246 111111
1311 5191 1365 5247 Viti
1378 5195 1529 5266 martyris,
1544 5199 1656 5251 1111111
1670 5198 1761 5252 ruste
1775 5196 1869 5268 virgi-

150 5293 235 5334 mum
253 5279 389 5351 ejusdem
410 5279 533 5337 civitatis
547 5278 807 5352 archiepiscopum
822 5279 979 5348 Geronem,
1033 5278 1090 5348 nis,
1104 5277 1198 5336 sancti
1208 5277 1362 5350 Valentini,
1372 5283 1467 5339 sancti
1480 5283 1785 5358 Johannismartyris,
1799 5302 1869 5346 san·

149 5382 211 5424 non
237 5365 368 5424 interiori
392 5368 573 5440 gaudiorum
596 5367 756 5440 dignaque
780 5366 980 5425 venerationis
1032 5367 1071 5423 cti
1086 5366 1244 5424 alexandri
1259 5376 1391 5442 1111111
1412 5373 1562 5445 martyris,
1578 5372 1748 5430 etaliorum
1769 5375 1867 5449 pluri-

183 5545 258 5619 1111)
276 5547 362 5606 Deest
376 5561 403 5604 e.
