3984 6182
187 147 253 198 1007
618 96 624 104 ’
709 131 864 186 sancini
884 125 1179 186 arremarensis
1198 128 1363 185 rosacei.
1824 137 1877 189 aas

181 260 584 330 siamfestinanteriugresso,
594 254 830 313 consonantibus
839 250 1007 326 campanis,
1025 251 1049 304 Α
1068 249 1145 305 adeo
1158 250 1330 309 infestatum
1344 251 1511 326 praestigiis,
1521 250 1730 309 utnullatenus
1740 251 1883 314 dormiens

178 356 239 411 fleo
252 359 280 410 et
294 348 405 408 martiri
423 363 478 421 pro
492 345 655 416 gratiarum
672 342 787 400 actione
808 342 912 398 laudes
937 343 1009 396 cele·
1064 339 1111 396 vel
1125 340 1253 411 vigilans
1267 342 1402 416 requiem
1414 342 1525 400 habere
1549 345 1659 414 posset,
1676 342 1732 398 nisi
1746 361 1779 401 se
1794 348 1885 404 cucul
1951 377 1952 388 .

177 443 302 500 brantur
315 457 350 496 ac
364 437 489 494 letaniae.
506 436 564 494 Sed
577 452 615 492 ne
626 435 700 492 forte
714 433 802 490 alicui
815 431 894 488 istud
908 430 1009 487 videa·
1064 427 1158 486 latum
1171 432 1254 504 apud
1269 436 1409 488 sanctum
1424 435 1680 488 Emmerammum
1691 432 1819 491 fecisset.
1830 439 1885 502 ouo
1951 479 1952 510 ,

177 534 223 587 tur
237 526 420 596 incredibile,
435 525 648 598 sciatquisque
670 523 777 589 fidelis,
804 521 896 577 idme
915 518 1010 576 nulla-
1064 523 1243 591 perpetrato,
1268 521 1441 577 demonum
1466 521 1593 578 cessavit
1614 519 1772 590 infestatio,
1797 529 1826 580 et
1847 525 1886 582 di·

175 635 262 686 tenus
284 617 408 687 fingere,
434 615 487 672 sed
514 631 532 670 a
559 613 693 688 quodam
718 609 890 667 viro-fideli
918 611 1008 680 atque
1063 609 1288 680 versamaligni
1312 610 1538 683 impedimenta,
1561 610 1693 683 liartyris
1712 627 1803 685 prece
1824 619 1888 671 sunt
1951 605 1952 666 l

174 705 416 778 sene,Sigibaldo
432 704 563 771 nomine,
581 703 655 759 sicut
668 700 773 773 scripsi
782 698 944 772 accepisse,
955 697 1008 769 qui
1064 697 1170 769 sopita.
1200 701 1308 755 Verum
1331 698 1378 756 ille
1403 699 1493 755 miser
1511 703 1539 756 ei
1564 698 1664 754 infelix
1685 705 1754 773 post
1780 701 1886 776 aliquot

174 797 328 871 perfidem
345 794 448 853 Christi
463 793 638 860 testabatur,
654 791 725 847 huic
749 805 780 846 se
804 787 942 844 convivio
966 786 1009 842 in·
1063 785 1138 854 dies,
1161 787 1327 844 defensoris
1352 788 1474 860 oblitus,
1501 788 1743 859 suggestionibus
1769 792 1886 848 occultis

174 888 308 944 terfuisse
324 891 352 942 et
368 883 562 941 nihilominus
590 897 657 936 sera
683 879 805 936 dixisse.
828 881 871 934 Tu
895 880 1006 946 autem,
1062 877 1215 933 consensit
1229 876 1318 944 illius,
1332 878 1385 951 qui
1400 878 1431 934 in
1446 895 1477 935 se
1498 882 1599 953 aperte
1614 878 1785 936 dominium
1797 883 1886 954 perdi·

173 981 274 1034 sancte
299 979 531 1043 Emmeramme,
553 986 645 1044 quem
674 968 869 1041 Omnipotens
897 963 1006 1021 hocin
1061 963 1105 1019 dil
1133 964 1253 1022 invitus.
1279 967 1405 1033 Questus
1433 983 1505 1038 ergo
1533 968 1748 1041 procamium
1777 969 1884 1028 ollain

173 1067 270 1138 gigno,
286 1064 362 1121 utin
376 1062 488 1128 ceteris,
506 1059 600 1117 voluit
611 1060 770 1129 honorare,
784 1071 887 1130 preces
901 1053 942 1111 illi
952 1069 1007 1126 pro
1061 1058 1187 1129 AEgypto
1201 1056 1302 1114 relicta
1312 1063 1340 1114 et
1355 1058 1503 1131 poenitens
1517 1058 1713 1132 quorundam
1733 1077 1766 1116 se
1780 1064 1885 1135 perpeti

172 1155 260 1212 nobis
276 1151 485 1228 peccatoribus
500 1149 603 1216 funde,
619 1163 681 1221 quc
695 1163 748 1220 per
769 1161 874 1202 veram
895 1142 1006 1200 karita·
1061 1146 1218 1217 penuriam
1234 1147 1467 1217 inmonasterio‚
1488 1165 1618 1222 quorum
1643 1165 1772 1222 parvam
1796 1152 1884 1208 abun·

172 1243 386 1314 temangelum
401 1246 513 1297 satanae
537 1238 744 1295 colafizantem
765 1251 822 1293 nos
851 1233 1005 1308 possimus
1059 1235 1193 1292 dentiam
1210 1235 1285 1293 falso
1301 1237 1462 1310 reliquitin
1477 1238 1596 1309 saeculo,
1624 1239 1829 1297 monasticum
1842 1241 1884 1297 de·

172 1333 326 1392 avertere!
1059 1323 1159 1395 posuit
1173 1323 1310 1382 habitum
1336 1342 1405 1381 cum
1431 1325 1481 1382 illo
1505 1326 1646 1396 ludibrio,
1674 1327 1761 1401 quod
1785 1329 1883 1400 vulgus

207 1425 233 1480 8.
248 1427 316 1480 Erat
338 1421 463 1495 quidam
484 1416 541 1474 sub
564 1415 774 1490 prenominato
798 1411 924 1482 angelici
950 1425 1005 1466 no·
1056 1407 1121 1477 jani
1135 1407 1269 1465 hahetin
1282 1409 1442 1481 proverbio
1459 1427 1465 1464 ε
1485 1409 1558 1467 ilinc
1573 1411 1642 1468 hinc
1658 1412 1882 1481 cucullum,ncn

172 1513 261 1570 minis
275 1510 417 1585 episcopo
431 1507 510 1564 beati
522 1503 734 1561 Emmerammi
753 1501 934 1569 monachae,
949 1513 1004 1555 nec
1058 1497 1135 1552 ultra
1147 1497 1288 1567 gravabis
1303 1497 1434 1567 collum3
1450 1499 1489 1555 ob
1503 1505 1715 1574 paupertatem
1730 1504 1882 1559 monacho

172 1618 233 1659 non
259 1600 349 1657 etiam
370 1596 502 1653 eeclesiae
530 1597 630 1651 custos
657 1596 686 1648 et
710 1591 850 1658 aedituus,
880 1587 1003 1645 nerrine
1024 1601 1126 1659 prum
1142 1584 1273 1642 celeriter
1287 1587 1361 1643 mihr
1373 1589 1583 1645 revertendum
1599 1589 1638 1646 ad
1652 1589 1791 1663 lapidem
1803 1593 1882 1648 ceno

170 1691 357 1764 adalpertus.
370 1693 396 1744 ls
411 1691 547 1742 locorum
561 1688 734 1739 sanctorum
746 1679 894 1736 desiderio
909 1682 1004 1734 trans·

118 1769 123 1780 “
171 1780 320 1838 marinam
333 1791 494 1848 aggressus
509 1778 554 1829 est
569 1769 850 1845 peregrinationem.
861 1770 924 1831 Qua
940 1765 1004 1822 flie-

171 1867 347 1925 roselimam
361 1868 465 1937 petens
481 1865 509 1917 et
519 1865 616 1917 cetera
630 1859 755 1915 caelestis
783 1855 914 1912 thesauri
935 1869 1002 1927 per-

86 1966 88 1970 '
171 1957 302 2012 lustrans
315 1969 352 2009 ea
370 1950 428 2007 loci
454 1948 595 2018 sacraria,
617 1946 746 2003 millenis
770 1942 1001 2001 adversitatibus

171 2047 313 2111 atteritur,
330 2046 407 2098 terra
419 2044 447 2095 et
460 2037 536 2094 mari
550 2040 721 2109 temptatur,
735 2052 770 2091 ex
793 2033 865 2106 ipsis
880 2047 1002 2105 qaoque

170 2133 307 2192 faucibus
332 2129 437 2186 mortis
455 2125 574 2200 patroni
597 2125 643 2181 sui
667 2124 806 2198 precibus
833 2122 1003 2194 frequenter

170 2228 288 2298 ereptus
299 2220 453 2296 probatur.
469 2215 556 2283 Quod
567 2215 660 2271 semel
669 2231 763 2287 quam
774 2211 902 2268 evidenti
914 2210 1001 2280 signo

169 2314 283 2370 factum
298 2309 395 2376 fuerit,
409 2307 513 2363 relatio
531 2305 626 2379 ipsius
646 2304 695 2359 hic
719 2303 829 2359 inserta
850 2297 1000 2374 patefacit.

170 2402 306 2468 Quadam
322 2399 370 2455 die
384 2398 439 2454 iter
453 2397 484 2452 in
496 2411 579 2452 mare
594 2393 720 2450 fecimus
736 2389 851 2458 navale,
870 2405 925 2462 pro
940 2404 1002 2460 qua

168 2490 256 2548 nobis
277 2488 390 2545 tristem
411 2485 545 2542 densitas
564 2483 702 2550 nubium,
717 2479 999 2546 collisioiluctuum,

169 2580 288 2655 spiritus
300 2577 501 2652 procellarum
515 2576 696 2648 pepererunt
711 2574 840 2628 noctem.
865 2572 1000 2640 Cumque

167 2671 264 2728 sentis
291 2674 320 2726 et
347 2667 436 2724 undis
461 2665 532 2721 hinc
561 2663 630 2719 inde
656 2661 790 2735 quassati
815 2661 1000 2731 jactaremur

168 2765 256 2834 atque
272 2756 404 2832 pericula
418 2758 546 2810 mortem
558 2751 752 2818 minarentur,
768 2753 944 2822 perventum
955 2751 998 2802 est

167 2848 206 2905 ad
218 2849 287 2916 hoe,
310 2849 342 2900 ut
356 2847 455 2899 nautae
480 2838 742 2897 conclamitarent:
767 2859 780 2884 «
798 2835 922 2892 Domine
934 2850 997 2890 non

166 2939 220 2993 est.
239 2957 252 2984 »
268 2936 301 2990 Et
316 2928 475 2988 nauclerus
489 2927 600 2984 diceret
620 2925 765 2983 tremulus
782 2942 788 2980 :
820 2947 832 2972 a
846 2923 964 2980 Defecit.
982 2945 996 2971 a

166 3028 241 3082 Tum
269 3037 325 3094 ego
362 3019 452 3076 miser
477 3017 514 3073 de
540 3001 697 3091 profundis
729 3013 897 3083 ruminans,
930 3011 997 3068 vitre

166 3111 335 3186 absumptis
351 3109 487 3166 omnium
503 3106 616 3181 spebus
639 3121 699 3179 prae
725 3103 840 3160 tristitia
856 3118 925 3158 sum
952 3118 998 3157 so-

165 3202 299 3278 poratbs.
317 3205 348 3256 ln
364 3197 542 3256 dormiendo
558 3200 658 3252 autem
668 3193 811 3250 videbam
833 3191 920 3266 quasi
942 3189 997 3246 do·

166 3291 239 3348 mini
254 3291 312 3346 mei
333 3287 473 3358 martyris
489 3284 703 3342 Emmeramrni
726 3299 788 3356 praa
808 3281 902 3337 oculis
924 3295 997 3352 pen-

165 3385 235 3440 dere
245 3380 428 3456 pastoralem
440 3379 568 3446 virgam,
584 3391 678 3447 qnam
700 3373 791 3442 vulgo
800 3371 904 3427 <linunt
918 3386 998 3425 cam-

165 3471 268 3527 botam
284 3469 329 3524 vel
344 3466 480 3522 ferulam.
497 3465 588 3534 Ctrjus
602 3478 681 3518 unco
697 3461 735 3518 ad
762 3461 870 3515 faciem
896 3473 997 3514 meam

165 3573 323 3622 converso,
337 3553 468 3610 sentiens
485 3552 592 3608 adesse
614 3550 688 3605 mihi
712 3547 858 3605 beneficia
877 3546 997 3619 patroni

165 3661 245 3718 saepe
260 3642 384 3716 experti,
399 3655 524 3696 manum
539 3638 694 3695 tentabam
709 3636 748 3692 illi
764 3636 903 3702 inserere,
917 3639 949 3690 ut
959 3634 996 3690 de

163 3733 316 3810 profundo
336 3729 436 3805 pelagi
451 3731 519 3801 post
534 3744 565 3784 se
590 3727 631 3783 sic
653 3743 702 3782 me
724 3725 928 3780 adhaerentem
952 3723 995 3779 di·

163 3827 306 3897 gnaretur
318 3820 481 3878 extrahere.
495 3820 576 3874 Tunc
591 3822 668 3873 certe
682 3815 713 3871 in
727 3815 794 3888 ipsa
808 3829 917 3870 manus
929 3829 996 3887 por-

162 3915 302 3984 rectione,
316 3928 411 3986 quam
426 3908 517 3966 veluti
529 3907 657 3978 vigilans
681 3905 832 3976 levabam,
856 3919 995 3978 experge-

162 4005 257 4062 factus
278 4003 339 4060 vidi
359 4004 478 4058 noctem
504 3998 562 4068 die,
585 3996 659 4054 laetis
683 3995 807 4066 tristitia,
833 3994 909 4050 aeris
932 3999 994 4050 tur-

161 4093 244 4164 bida,
259 4091 416 4149 serenitate
431 4093 556 4146 mutata.
570 4087 614 4143 Ad
628 4086 714 4157 cujus
728 4083 899 4158 spectacula
914 4083 995 4139 exhi-

161 4181 274 4237 laratus
289 4180 422 4236 mirabar
442 4195 512 4235 cum
526 4175 705 4234 mirantibus
728 4180 789 4231 tarn
813 4173 942 4229 subitam
966 4177 994 4229 et

1058 1689 1136 1729 rum.
1151 1674 1212 1730 Hoc
1227 1679 1327 1731 aumm
1342 1675 1426 1744 dixit,
1442 1677 1515 1749 quia
1538 1678 1619 1750 prius
1644 1684 1707 1736 erat
1735 1681 1879 1746 coriarius,

1059 1777 1111 1818 seu
1130 1763 1403 1821 calceamentorum
1428 1771 1510 1822 sutor
1534 1766 1667 1825 dolosus.
1694 1769 1755 1826 Sed
1781 1785 1880 1843 umna-

1057 1868 1151 1925 quam
1173 1851 1225 1908 diu
1238 1853 1361 1924 gavisus
1374 1859 1418 1910 est
1433 1871 1463 1910 se
1490 1857 1658 1926 monacbis,
1685 1857 1728 1916 ita
1753 1859 1878 1916 illusisse.

1057 1942 1131 1997 Nam
1145 1956 1207 1997 non
1222 1942 1317 1998 multo
1331 1947 1400 2015 post
1413 1943 1547 2016 maligno
1562 1945 1677 2019 spiritui
1692 1951 1743 2004 est
1757 1948 1877 2004 traditus.

1057 2031 1121 2096 Quo
1142 2037 1264 2100 urgente
1279 2032 1367 2087 nimis
1381 2032 1571 2105 furibundus,
1596 2038 1625 2091 et
1645 2036 1709 2106 jam
1738 2042 1878 2094 catenatus

1057 2117 1097 2174 ad
1111 2125 1249 2176 sanctum
1265 2123 1521 2179 Emmerammum
1544 2123 1680 2194 trahitur,
1700 2125 1785 2184 acin
1800 2128 1876 2183 chero

1057 2209 1096 2264 ad
1109 2208 1283 2266 columnam
1297 2210 1416 2282 ligatur,
1432 2213 1493 2285 qtio
1511 2229 1581 2270 cum
1605 2213 1709 2270 fratres
1734 2217 1874 2272 convenis

1057 2303 1133 2364 sent,
1148 2303 1177 2355 et
1190 2315 1244 2371 pro
1260 2316 1295 2356 eo
1320 2300 1456 2357 flebibter
1481 2307 1629 2372 orassent,
1654 2303 1808 2361 interdum
1830 2304 1876 2361 ela·

1056 2402 1139 2443 more
1151 2388 1306 2445 adstantes
1319 2390 1511 2463 perterrendo
1525 2391 1661 2462 saltabat,
1674 2393 1825 2450 interdum
1837 2411 1876 2450 sa-

1055 2477 1144 2549 pinus
1154 2477 1283 2548 jacebat.
1301 2479 1465 2535 Novissime
1480 2496 1549 2536 eum
1564 2480 1705 2538 diabolus
1721 2482 1753 2539 in
1768 2499 1876 2540 aeresu·

1055 2581 1201 2639 speusum
1216 2571 1278 2624 tam
1292 2567 1344 2623 diu
1358 2569 1461 2628 tenuit.
1475 2586 1634 2644 quousque
1653 2570 1791 2629 fidelium
1811 2572 1874 2628 votis

1055 2659 1083 2711 et
1097 2655 1228 2711 maxime
1245 2659 1273 2711 B.
1291 2658 1502 2714 Emmerammi
1516 2658 1689 2732 patrociniis
1701 2659 1874 2716 eisuccurre-

1054 2748 1099 2799 ret
1113 2745 1255 2816 majestas
1269 2743 1377 2801 divinae
1393 2745 1518 2818 pietatis.
1537 2749 1618 2803 Tunc
1645 2747 1772 2806 demum
1794 2749 1874 2822 relap

1056 2849 1108 2888 sus
1121 2833 1150 2888 in
1170 2833 1378 2906 pavimentum
1392 2852 1446 2908 per
1467 2835 1687 2894 daemoniacam
1712 2838 1872 2912 discerptio-

1054 2938 1125 2978 nem
1137 2927 1234 2979 erecto
1249 2922 1325 2980 collo
1340 2924 1429 2997 coepit
1439 2941 1576 2982 evomere
1591 2941 1732 2986 cruorem
1745 2945 1811 2985 cum
1834 2943 1871 2984 sa-

1053 3009 1111 3068 nie.
1129 3013 1194 3077 Qua
1208 3028 1278 3067 cum
1288 3011 1435 3086 plastrum
1445 3013 1624 3070 horribiliter
1635 3021 1714 3072 esset
1726 3017 1869 3089 pollutum,

1054 3116 1231 3173 spurcorum
1240 3102 1380 3175 princeps
1390 3102 1488 3158 subito
1499 3119 1621 3161 omnem
1632 3106 1869 3178 spurcitiaminde

1053 3189 1201 3260 auferens,
1227 3207 1329 3247 seeum
1353 3191 1392 3247 ad
1411 3191 1537 3249 vitream
1564 3194 1726 3251 fenestram
1751 3195 1865 3258 sustulit,

1052 3297 1145 3352 quam
1158 3281 1198 3338 ob
1212 3282 1308 3337 exitus
1321 3281 1442 3350 signum
1451 3283 1675 3348 comminuit‚et
1686 3285 1804 3342 sicinter
1815 3283 1865 3357 spi·

1052 3370 1152 3426 ritales
1163 3371 1323 3443 nequitias,
1337 3371 1466 3428 evanuit.
1485 3372 1533 3429 ille
1548 3378 1649 3430 autem
1662 3374 1750 3432 homo
1763 3375 1862 3430 multos

1050 3457 1119 3513 fecit
1133 3474 1229 3514 annos
1244 3458 1274 3515 in
1288 3460 1372 3530 gravi
1386 3461 1572 3532 poenitentia,
1589 3477 1723 3518 exercens
1742 3460 1856 3531 nudipe-

1051 3547 1141 3614 dalia,
1157 3547 1187 3602 iu
1208 3565 1328 3605 sumnia
1350 3565 1450 3604 rerum
1479 3549 1613 3608 miseria.
1632 3553 1724 3608 Sancte
1746 3551 1851 3604 limma·

1050 3637 1166 3692 ramme
1179 3651 1197 3692 a
1209 3642 1313 3693 sancta
1332 3637 1469 3695 trinitate
1486 3639 1592 3712 triplici
1616 3638 1747 3697 miractrlo
1767 3637 1854 3694 bono·

1050 3730 1122 3795 rate,
1131 3741 1185 3799 pro
1196 3727 1304 3783 nostris
1315 3729 1463 3784 intercede
1477 3729 1673 3800 negligentiis,
1701 3729 1776 3804 apud
1788 3744 1860 3794 eum,

1050 3815 1136 3885 cujus
1147 3813 1424 3873 clementiamnulla
1432 3817 1605 3874 mortalium
1613 3815 1862 3893 superantdelicta.

1086 3907 1128 3959 to.
1160 3907 1235 3960 inter
1262 3904 1421 3962 innumera
1448 3922 1576 3963 casuum
1603 3907 1804 3964 humanorum
1826 3904 1865 3960 in-

1049 3991 1177 4049 fortunia
1204 3992 1290 4050 valde
1306 3993 1474 4052 miserabile
1498 4013 1533 4053 ac
1556 3996 1653 4067 magis
1676 3996 1772 4054 flebile
1798 3993 1868 4050 vide

1048 4083 1095 4135 tur
1110 4084 1139 4137 et
1153 4085 1206 4149 est,
1229 4083 1311 4154 quod
1334 4082 1365 4138 in
1389 4084 1535 4152 homines,
1560 4101 1692 4159 quorum
1719 4099 1869 4160 possessor

1048 4183 1111 4224 esse
1128 4169 1217 4225 debet
1231 4172 1319 4240 Deus,
1344 4175 1375 4227 nt
1393 4172 1515 4244 propria
1539 4173 1690 4230 domicilia
1713 4174 1804 4231 intrat
1825 4173 1871 4228 hu·

161 4269 324 4343 perniciem
350 4268 459 4325 dextrae
484 4267 591 4322 excelsi
616 4265 866 4322 immutationem.
893 4266 993 4318 Nautes
1047 4258 1129 4313 mani
1143 4258 1258 4327 generis
1272 4259 1422 4316 inimicus.
1450 4261 1507 4319 Sed
1528 4262 1559 4318 id
1582 4278 1686 4319 revera
1707 4263 1826 4320 occulto
1848 4265 1872 4317 et

160 4375 232 4416 vero
246 4359 360 4414 viribus
369 4357 530 4430 resumptis
542 4355 652 4426 gratias
665 4354 833 4411 referebant
847 4355 905 4408 Deo
916 4352 993 4425 pari·
1043 4347 1124 4417 justo
1137 4347 1170 4403 fil
1183 4347 1235 4403 Dei
1246 4347 1370 4419 judicic.
1386 4351 1555 4408 'traduntur
1569 4351 1650 4408 enim
1661 4351 1817 4410 interdum
1828 4352 1873 4406 hu·

159 4453 204 4504 ter
218 4453 246 4505 et
260 4463 315 4520 pro
331 4444 424 4502 salute
439 4459 569 4502 necnon
583 4442 719 4500 miraculi
741 4439 916 4515 quantitate.
932 4442 992 4510 Ego
1043 4437 1176 4508 jusmodi
1191 4442 1312 4511 propter
1324 4443 1448 4512 peccata
1464 4442 1562 4498 carnis
1576 4443 1608 4498 in
1631 4442 1789 4501 interitum
1802 4446 1875 4499 sata·

161 4543 261 4594 atatem
286 4536 470 4607 gratificatus
487 4534 624 4590 omnium
643 4533 793 4590 bonorum
809 4530 893 4599 fonti,
909 4529 992 4602 quod
1045 4543 1100 4594 nae,
1117 4532 1149 4583 ut
1164 4527 1237 4584 salvi
1254 4527 1311 4584 sint
1326 4528 1490 4602 spiritusin
1503 4530 1551 4587 die
1564 4530 1705 4587 dominici
1722 4531 1875 4588 adventus.

160 4627 271 4684 meritis
286 4625 600 4698 nostrisnequaquam
616 4618 991 4697 potuitfieri,aleputabam
1047 4618 1066 4671 E
1090 4633 1221 4690 quorum
1250 4633 1328 4674 unus
1357 4619 1498 4677 Gestiliuh
1527 4621 1683 4690 vocitatus,
1707 4621 1877 4697 hospitibus

159 4715 330 4790 patrociniis
345 4713 508 4771 beatissimi
531 4713 669 4785 martyris
689 4707 913 4766 ffmmcrammi.
939 4711 992 4764 Per
1045 4705 1183 4778 pessimis
1208 4707 1384 4780 permissus,
1412 4708 1520 4766 nobilis
1540 4726 1658 4781 genere,
1685 4711 1745 4767 sed
1772 4711 1876 4784 ubique

159 4822 250 4879 quem
266 4803 385 4861 somnia
395 4807 424 4860 et
435 4801 595 4869 insomnia,
611 4800 664 4873 qui
676 4815 737 4856 non
762 4795 872 4854 dormit
893 4811 990 4869 neque
1045 4795 1136 4852 miser
1163 4796 1319 4870 multiplici
1356 4799 1505 4870 demone,
1537 4800 1615 4858 intus
1648 4800 1778 4872 diaboli,
1814 4801 1877 4858 foris

159 4893 420 4952 dormitateffieiat
434 4892 523 4948 nobis
538 4889 669 4957 innoxia,
686 4892 714 4944 et
735 4885 880 4943 concedat
902 4901 990 4958 posse
1046 4889 1152 4941 catena
1180 4883 1288 4955 bgatus
1310 4885 1387 4954 ferri,
1417 4903 1471 4960 per
1496 4888 1584 4961 plura
1611 4891 1797 4947 Sanctorum
1819 4890 1879 4946 loca

159 4983 281 5054 vigilare
296 4983 336 5039 ad
352 4999 443 5056 opera
458 4983 548 5037 bona,
1045 4973 1241 5030 mundandus
1255 4974 1422 5047 deducitur,
1436 4977 1489 5033 sed
1504 4977 1627 5034 minime
1653 4977 1818 5036 absolutus
1839 4994 1878 5034 re·

194 5073 220 5125 s.
236 5066 392 5140 Superiora
415 5065 538 5139 quidem
565 5061 696 5136 capitulo
711 5058 880 5133 prescripsi,
906 5057 991 5130 quod
1044 5061 1172 5118 ducitur.
1189 5065 1315 5120 Demum
1331 5063 1434 5120 divina
1447 5064 1638 5123 miseratione
1653 5065 1766 5124 hecub
1779 5067 1878 5134 voluit,

160 5157 307 5214 eircullato
333 5160 361 5210 et
380 5155 530 5211 monacho
547 5157 610 5207 erat
623 5148 831 5216 consolationi,
845 5147 903 5204 hoc
918 5163 989 5204 vero
1044 5151 1184 5220 dictante,
1194 5152 1309 5209 venitur
1319 5153 1394 5210 adS.
1405 5157 1673 5224 Emmerammurn,
1684 5155 1877 5212 taliumdcno

157 5247 306 5304 innectere
318 5243 398 5310 libet,
414 5260 482 5318 quae
498 5243 556 5299 sint
567 5240 715 5314 perversis
738 5237 838 5295 umori
852 5254 886 5294 ac
901 5237 988 5294 nihil·
1044 5240 1156 5297 eoelesti
1168 5241 1358 5300 liberatorem
1374 5245 1581 5314 magnificum.
1598 5243 1652 5302 Ubi
1677 5245 1813 5316 geminis
1832 5245 1878 5302 de·

158 5335 278 5394 ominus
293 5332 436 5407 apostatis
452 5332 566 5388 terrori.
583 5331 645 5386 Fuit
667 5329 698 5386 in
710 5327 874 5385 ratisbona
896 5327 989 5384 homo
1044 5329 1158 5387 vinctus
1172 5332 1294 5402 eatenis,
1311 5333 1386 5390 adeo
1399 5332 1492 5390 extitit
1513 5332 1647 5391 bestialis
1671 5339 1701 5391 et
1724 5333 1876 5398 immanis,

156 5425 293 5498 quidam,
308 5421 431 5480 nomine
448 5419 620 5492 sigibertus,
634 5418 699 5490 lage
710 5418 844 5474 humana
857 5433 909 5473 seu
920 5433 989 5473 con·
1043 5423 1076 5474 ut
1090 5419 1210 5478 atrium
1225 5421 1295 5477 viris
1306 5421 1410 5479 dextra
1423 5422 1560 5496 laevaque
1574 5423 1641 5497 pari
1663 5439 1799 5482 numero
1815 5421 1880 5481 diri-

157 5515 267 5572 ditione
281 5509 537 5580 mundanaliber‚
552 5508 606 5566 sed
621 5508 788 5565 christiane
803 5505 987 5580 variequeli-
1043 5510 1093 5577 sis,
1121 5510 1170 5566 vix
1192 5509 1230 5566 ab
1254 5509 1374 5568 interitu
1399 5511 1454 5581 sui,
1485 5527 1540 5568 nec
1566 5527 1628 5569 non
1651 5511 1788 5570 alierum
1816 5527 1879 5587 poe

155 5603 278 5662 bertatis
291 5603 409 5674 indigus
424 5603 453 5657 et
476 5613 562 5668 aeger.
589 5599 674 5655 Hunc
695 5597 797 5670 accepi
823 5596 987 5680 fantasticis
1043 5603 1086 5656 set
1099 5599 1241 5658 cohiberi.
1262 5601 1397 5676 Cumque
1421 5601 1474 5660 diu
1498 5605 1617 5662 oratum
1644 5605 1724 5662 esset
1754 5619 1815 5677 pro
1837 5617 1879 5670 ao,
