3996 6178
44 195 51 222 ,
97 149 167 206 1093
262 149 441 212 ΑΡΡΕΝΒΙΧ
459 155 510 209 All
528 155 732 212 ARNOLDUM.
753 181 788 194 -
807 153 1015 213 ansculfum
1035 157 1195 220 censuum
1213 165 1362 223 nonasp.
1384 167 1414 225 S.
1435 153 1655 244 amandat,
1750 173 1819 230 1001

93 275 217 348 propter
230 273 397 348 Christum,
423 310 458 319 -
479 280 611 350 ipsorum
635 286 677 338 cst
701 293 827 351 reputem
846 279 933 336 cun·
953 284 977 332 Α
993 280 1201 350 gloriossimus
1216 293 1331 362 martyr
1347 291 1451 349 christi
1464 295 1705 352 Emmerammus
1720 297 1820 354 mente

92 378 172 418 rum.
199 361 286 418 Unde
315 365 462 422 Dominus
484 365 556 424 alibi
579 367 619 424 ait
634 385 645 424 .·
668 370 702 426 Si
725 383 771 424 me
786 369 936 437 persecuti
990 369 1128 441 flagranti
1158 374 1275 433 sitiebat
1299 377 1338 434 ab
1362 361 1487 439 infantia
1510 382 1567 439 sub
1586 385 1686 441 solerfi
1706 379 1820 455 degens

91 457 172 520 sunt,
188 457 215 507 et
230 467 282 508 vos
295 461 527 528 persequentur.
544 457 613 514 Haeo
629 463 672 514 est
695 456 823 529 gratuita
847 457 935 514 mise·
990 475 1060 516 cura
1085 462 1307 536 magistrorum,
1334 483 1493 544 quousque
1520 470 1623 528 litterar
1647 471 1820 547 Pythagori·
1899 519 1904 526 .

91 540 167 597 ratio
181 539 362 612 salvatoris,
376 549 409 602 ut
421 561 492 602 suos
506 550 666 604 sectatores
683 545 818 604 haeredes
847 546 936 604 iaciat
989 565 1031 606 cae
1041 549 1114 623 (iti)
1129 555 1346 612 conscenderat
1359 556 1485 627 bivium,
1501 577 1579 634 que,
1595 577 1649 636 per
1662 577 1820 620 ramuscu-

92 629 177 699 regni
190 629 335 703 coelestis,
351 634 446 707 etqui
471 638 594 708 propter
619 636 720 709 ipsum
749 638 934 708 contempse-
988 639 1033 694 los
1048 655 1066 696 a
1081 640 1193 697 dextris
1209 646 1360 714 turgentes
1375 651 1404 703 et
1417 662 1435 703 a
1449 649 1583 715 sinistris,
1597 649 1679 708 dam
1691 653 1760 709 vitre
1774 651 1820 709 di-

92 724 162 776 rnnt
175 717 261 776 bona
278 722 467 795 temporalia,
483 724 546 780 siue
566 724 626 782 line
638 725 812 799 possideant
823 724 934 797 gaudia
989 729 1098 785 scemlt
1111 735 1138 786 et
1150 732 1263 789 mortis.
1278 737 1408 791 ascenso
1423 752 1545 811 quoque
1559 739 1650 811 hujus
1663 739 1767 798 litterae
1778 739 1822 798 bl-

94 809 292 882 sempiterna.
987 817 1045 885 vio,
1056 819 1208 892 spiritalia
1223 821 1333 879 dextris
1345 828 1401 882 eta
1416 825 1543 882 sinistris
1557 829 1743 901 prospiciens
1751 845 1821 886 ocu-

132 902 282 956 Haecooto
311 899 522 973 beatitudines,
551 919 570 960 a
595 903 720 960 Domino
744 903 878 978 prolatae,
895 905 933 962 ad
988 905 1028 975 lo,
1044 907 1195 966 sinistram
1210 911 1302 983 riam,
1328 927 1396 986 quae
1420 929 1495 971 voce
1518 914 1673 973 Dominioa
1701 918 1766 976 tote
1792 924 1820 975 ct

97 993 273 1046 sanctorum
289 988 466 1047 electionem
476 991 626 1066 pertinent
646 992 776 1064 generali
801 994 933 1050 vocatio-
987 1000 1119 1068 spetiosa
1132 999 1314 1070 nominatur,
1322 1003 1379 1060 sub
1394 1003 1477 1060 omni
1492 1001 1820 1076 lestinantiadeserult;

99 1095 138 1134 ne
154 1096 239 1152 :quse
255 1096 332 1137 suos
352 1081 557 1138 observatores
568 1081 743 1154 justificant,
753 1089 782 1140 et
796 1083 837 1140 ad
852 1088 934 1141 aeter·
988 1090 1016 1142 et
1028 1086 1262 1162 dexteramque
1277 1093 1363 1147 arcto
1388 1097 1415 1148 et
1432 1099 1562 1164 capusto
1586 1091 1704 1162 dicitur,
1735 1094 1820 1152 sicuti

99 1185 148 1224 nse
161 1167 306 1225 felicitatis
322 1169 434 1240 gaudia
450 1171 629 1243 perducunt.
988 1181 1041 1243 est,
1059 1175 1174 1234 idoneae
1190 1177 1284 1248 gratia
1297 1179 1469 1236 intentionis
1492 1181 1627 1255 arripuit,
1655 1187 1687 1240 ut
1713 1187 1822 1256 postea

138 1259 297 1313 llaecnona
311 1273 384 1314 vero
403 1274 471 1331 quae
496 1259 641 1333 sequitur,
671 1259 838 1334 specialiter
864 1276 933 1318 san·
989 1265 1054 1321 vitre
1069 1283 1130 1322 suae
1145 1267 1329 1324 conversatio
1345 1269 1564 1342 comprobavit.
1581 1272 1727 1345 Suscepto
1748 1287 1821 1328 vero

97 1345 153 1400 ctis
168 1346 312 1418 apostolis
327 1351 356 1402 et
368 1347 551 1420 martyribus
564 1348 732 1420 ascribitur,
748 1354 781 1406 ut
791 1349 935 1407 subinter·
989 1351 1065 1410 bene
1080 1355 1277 1412 conversandi
1291 1355 1515 1424 deliberatione,
1531 1357 1569 1414 de
1584 1358 1691 1416 virtute
1714 1360 1746 1416 iu
1759 1360 1821 1416 rir-

95 1439 146 1490 tur
160 1453 167 1490 ι
181 1437 272 1492 Bruti
284 1438 355 1494 estis
381 1453 447 1493 erem
465 1439 680 1496 maledixerint
695 1441 775 1496 vobis
797 1445 823 1497 et
835 1455 935 1511 perae·
987 1447 1082 1499 tutem
1097 1443 1256 1516 proficiens
1270 1445 1319 1501 die
1334 1451 1495 1520 noctuque,
1511 1446 1727 1506 acclamatione
1750 1463 1821 1506 con-

95 1525 161 1581 cuti
175 1539 225 1582 ros
249 1527 378 1596 [urrist.
407 1527 489 1583 Beati
510 1542 581 1598 ergo
597 1528 767 1600 apostolici
785 1522 949 1602 martyras
988 1531 1071 1590 cordi
1087 1532 1295 1589 universorum
1308 1534 1441 1592 elevatus
1461 1541 1505 1592 est
1525 1535 1557 1592 ln
1573 1535 1751 1610 episcopalis
1774 1535 1821 1594 di·

94 1631 158 1672 non
174 1615 306 1672 soluma
320 1616 518 1688 presentibus
533 1633 668 1674 carceres
683 1623 712 1674 at
726 1619 857 1689 vincula,
880 1618 934 1674 sed
953 1619 1108 1690 Bgnitatis
1136 1620 1309 1693 primatum,
1341 1622 1428 1694 Juxta
1459 1621 1668 1680 ecclesiasticae
1700 1624 1822 1682 decreta

22 1705 25 1714 ‘
95 1704 135 1760 de
151 1703 331 1760 absentibus
347 1704 565 1762 maledictionis
578 1710 607 1763 et
630 1707 822 1764 detractionis
847 1706 936 1762 susti·
990 1706 1064 1777 legis
1076 1707 1158 1780 prius
1174 1709 1287 1765 ordinis
1302 1710 1458 1768 clericatus
1474 1711 1618 1781 gradibus
1631 1713 1774 1770 ascensis.

94 1793 408 1866 nueruutopprobria
422 1811 428 1849 :
444 1825 479 1836 -
502 1800 531 1851 et
558 1795 691 1852 dicerint
715 1811 801 1852 omne
821 1797 935 1852 motum
1027 1799 1163 1870 Cumque
1190 1801 1317 1854 summis
1331 1799 1456 1872 polleret
1481 1799 1650 1872 virtutibus,
1678 1801 1709 1858 iu
1736 1801 1822 1878 apice

96 1881 260 1940 adversum
274 1897 325 1938 eos
339 1883 522 1940 mentientes.
540 1882 610 1940 ldeo
634 1889 737 1940 contra
760 1883 936 1956 praedicato-
991 1902 1114 1942 summo
1128 1885 1201 1942 illud
1216 1887 1423 1958 evangelicum
1448 1887 1561 1952 dictum
1586 1889 1705 1946 volvere
1724 1905 1823 1963 cmpe-

95 1989 145 2028 res
161 1977 391 2045 persecutorum
405 1973 537 2030 versutia
558 1973 646 2030 linxit
663 1973 833 2042 mendacia,
863 1975 936 2048 quia
990 1979 1036 2032 rat
1064 1975 1166 2032 animo
1187 1993 1194 2031 :
1216 1977 1274 2032 Cui
1299 1978 1369 2045 ptris
1397 1977 1604 2047 committitur,
1627 1977 1699 2050 ptus
1724 1979 1763 2035 ab
1788 1993 1822 2036 eo

98 2061 216 2118 nubum
231 2062 263 2118 iu
278 2061 322 2118 eis
336 2062 496 2134 vestigium
506 2063 613 2120 habuit
627 2063 750 2120 malitia.
772 2067 844 2131 Quae
859 2080 935 2138 pras·
991 2065 1126 2136 coicitur
1134 2077 1145 2136 ,·
1160 2065 1267 2120 timeus
1281 2080 1320 2121 ne
1336 2065 1482 2122 talentum
1506 2065 1563 2121 sibi
1586 2065 1732 2124 creditum
1757 2067 1822 2125 stus

100 2151 284 2223 sumptionis
297 2167 391 2208 causa
404 2152 614 2224 hujuscemodi
626 2151 764 2210 iecissent
774 2155 936 2228 mala,ipse
990 2155 1074 2212 lucro
1085 2159 1248 2228 reportaret
1258 2155 1296 2211 ad
1316 2155 1477 2224 Christum,
1501 2169 1570 2210 cum
1597 2153 1707 2214 decoro
1731 2155 1824 2214 ooml·

98 2240 247 2297 Dominus
267 2240 436 2310 subiunxit,
465 2241 576 2298 scilicet
598 2249 725 2312 propter
750 2259 797 2301 me
808 2257 820 2315 ;
847 2245 937 2317 quasi
990 2246 1054 2299 tatu
1069 2241 1244 2298 clericorum
1260 2241 1394 2298 futurum
1411 2257 1442 2298 ss
1456 2241 1685 2315 praedicatorem
1694 2243 1823 2302 destina-

96 2330 235 2386 diceret:
252 2333 318 2386 llaec
332 2331 436 2388 omnio
451 2347 511 2388 uon
540 2331 611 2387 odio
638 2331 740 2402 vestri,
765 2333 817 2388 sed
843 2350 937 2391 causa
990 2335 1076 2387 verat
1091 2331 1129 2386 ad
1143 2336 1262 2400 gentem
1279 2329 1477 2396 Hunnornm3
1502 2345 1568 2406 quse
1582 2334 1654 2387 tunc
1668 2331 1822 2404 temporis,

95 2420 242 2490 ingerunt
265 2421 399 2478 nominis
427 2421 496 2478 mei.
522 2453 556 2464 -
585 2421 720 2478 Gaudete
740 2428 768 2479 et
791 2424 934 2490 cecitate,
990 2419 1104 2476 lumine
1115 2419 1250 2476 'veritatis
1265 2417 1428 2486 obcaecata,
1443 2417 1569 2475 diversis
1588 2419 1737 2478 idolorum
1759 2421 1822 2479 cul·

97 2497 354 2582 quandoquidem
370 2511 620 2567 renumerationis
636 2511 764 2580 matiam
784 2517 936 2585 perpetuae
991 2510 1071 2565 tibus
1082 2524 1114 2564 sa
1129 2507 1327 2564 submittebat
1340 2507 1458 2563 devota.
1471 2509 1606 2581 Cumque
1620 2509 1660 2566 ab
1671 2509 1729 2567 hac
1746 2515 1822 2569 nutu

97 2615 157 2674 pro
170 2599 260 2656 vestri
275 2599 447 2656 certaminis
470 2599 638 2674 percipietis
663 2599 776 2658 labore.
805 2633 840 2642 -
863 2603 938 2670 Qua
991 2597 1093 2654 divino
1105 2595 1286 2670 prohibitus,
1305 2609 1360 2667 per
1373 2594 1533 2651 triennium
1554 2596 1625 2656 tidei
1648 2599 1763 2657 semina
1790 2601 1822 2657 in

98 2691 184 2744 niam
216 2703 327 2746 mercer
352 2695 449 2746 vestro
477 2692 576 2746 marito
598 2696 640 2746 est
664 2690 696 2745 in
721 2691 812 2746 acetis.
829 2692 937 2746 Merces
991 2685 1096 2744 Norico
1113 2687 1277 2760 spargeret,
1291 2683 1443 2740 etmultos
1463 2684 1623 2752 adlucem,
1649 2701 1716 2759 quae
1741 2687 1823 2746 Chri-

99 2781 279 2834 sanctorum
293 2777 400 2836 marito
425 2780 521 2838 mutto
547 2779 666 2848 dicitur,
686 2795 756 2834 oum
776 2779 937 2835 abomino
992 2780 1054 2832 stus
1070 2779 1124 2846 est,
1140 2775 1172 2829 in
1187 2777 1429 2841 eacouverteret,
1459 2789 1527 2830 cum
1554 2775 1657 2847 palma
1675 2777 1821 2850 martyrii,

97 2883 157 2941 pro
170 2867 347 2924 mentorum
360 2864 502 2940 qualitate
517 2868 548 2924 in
570 2867 679 2924 coelum
704 2867 877 2940 centuplum
893 2885 939 2926 re·
991 2862 1223 2940 permirabiliter
1246 2863 1457 2933 consummati,
1487 2862 1626 2934 migrarit
1654 2865 1693 2922 ad
1726 2866 1824 2924 bomi-

97 2955 321 3024 muuerabitur,
339 2960 369 3012 et
382 2955 442 3013 vita
455 2957 595 3029 perennis
614 2955 726 3028 gaudia
739 2956 937 3029 possidebunt
956 2943 1067 3042 enum
1081 2973 1088 3010 ε
1103 2952 1152 3009 oui
1166 2951 1233 3006 laus
1248 2954 1329 3006 estet
1341 2952 1436 3023 gloria
1450 2967 1504 3026 per
1516 2951 1634 3011 infinita
1646 2955 1758 3013 saecula
1770 2971 1824 3014 ste·

98 3045 132 3102 in
148 3043 403 3117 contemplatione
417 3043 529 3101 diviua.
991 3046 1142 3103 culorum.
1157 3042 1262 3095 Amen.

137 3135 254 3192 Harum
267 3137 335 3190 octo
349 3133 642 3204 beadtudiuum,uec
652 3148 713 3190 nou
728 3138 756 3190 et
766 3149 936 3208 nonaeque
1025 3131 1133 3192 arnolt
1144 3127 1232 3185 ubba
1245 3127 1336 3199 logon
1349 3132 1463 3198 tractat,
1480 3147 1571 3204 quem
1586 3131 1702 3191 dixerat
1716 3149 1786 3192 oon.

98 3224 185 3293 solis,
199 3229 232 3281 ut
243 3223 385 3297 diximus,
402 3224 584 3297 martyribus
599 3223 747 3295 convenit,
763 3224 936 3295 gustamina
1024 3217 1198 3280 Mercedem
1212 3217 1303 3288 gratis
1314 3218 1476 3276 monadem
1491 3217 1568 3276 dans
1580 3225 1648 3278 octo
1662 3221 1769 3280 beatis.

138 3347 372 3422 mmmmm

101 3523 1808 3556 m

467 3691 844 3814 uPrEanx
884 3697 987 3816 ab
1034 3692 1460 3816 ARNOLDUM.

807 3957 1123 3972 Ἢ

946 4121 991 4241 Ι.

276 4397 571 4490 nasoniano
611 4393 862 4506 ouusuuu,
906 4391 1249 4486 rnuvuuuuuu
1287 4392 1352 4486 uo
1388 4393 1659 4490 rauouunu

606 4603 650 4657 EX
668 4600 816 4657 PllAEllllS
834 4599 1045 4657 aoaasrnttll
1065 4599 1094 4656 S.
1114 4599 1333 4668 EdltERAltltl,

317 4785 476 4871 Tempore
490 4777 822 4850 antniseurctardt
835 4775 947 4867 11031)
960 4787 993 4845 et
1004 4775 1154 4846 Amoun
1165 4775 1346 4867 prepositi
1356 4797 1479 4846 munus
1491 4787 1624 4862 aperite.

555 4974 653 5048 (apud
666 4977 699 5031 a.
710 4973 744 5031 P.
759 4974 825 5030 Pan.
842 4972 989 5031 Thesauri
1000 4971 1145 5029 anecdot.
1161 4970 1183 5042 1,
1199 4985 1240 5038 ιιι,
1255 4968 1313 5028 col.
1327 4973 1385 5038 ar).

148 5279 236 5334 Anno
247 5276 287 5335 ab
302 5276 510 5334 incarnatione
527 5273 644 5333 Domini
655 5274 747 5331 nostri
759 5277 827 5333 Jesu
839 5273 944 5336 Christi
959 5279 981 5333 b
1000 5286 1133 5348 presens
1147 5269 1305 5345 descriptio
1325 5270 1403 5328 facta
1417 5273 1470 5328 est.
1493 5271 1578 5330 Hunc
1592 5273 1733 5332 abbatem
1748 5273 1829 5332 misit

107 5365 274 5425 millesimo
288 5367 438 5425 tricesimo
453 5367 562 5441 primo,
584 5365 743 5422 indictione
757 5379 816 5432 xiv,
845 5379 944 5420 rerum
998 5363 1085 5420 nobis
1114 5361 1219 5433 augia,
1249 5377 1340 5435 quem
1368 5375 1551 5418 conservans
1576 5363 1671 5435 maiia
1696 5377 1827 5439 superna

109 5457 246 5514 coenobii
273 5459 300 5516 S.
322 5456 537 5515 Emmerummi
557 5456 614 5513 sub
637 5454 746 5512 abbate
762 5453 944 5524 Burcbardo,
999 5449 1150 5522 adaugeat
1161 5450 1263 5508 omnia
1278 5449 1334 5505 sibi
1348 5449 1519 5507 commissa.

108 5547 183 5622 ipso
208 5546 334 5618 jubente
362 5549 391 5603 et
418 5545 613 5602 mbilominus
637 5542 768 5602 arnoldo
787 5541 946 5616 praeposito
1035 5541 1075 5596 Do
1089 5539 1205 5598 civitate
1220 5542 1277 5598 ista
1291 5544 1375 5598 terrra
1388 5539 1486 5598 salicta
1501 5555 1531 5598 tn
1545 5541 1633 5600 hobas
1648 5545 1677 5601 et
1689 5541 1813 5601 dlmidlr

111 5653 169 5697 eas
178 5635 506 5713 disquirente,lratrum
516 5639 596 5694 coetu
605 5632 778 5709 familiaque
788 5631 946 5708 probante,
1002 5629 1163 5690 servitores
1172 5631 1287 5690 habeut
1300 5645 1330 5688 ur
1343 5631 1461 5703 bobas;
1477 5629 1593 5693 silbons
1607 5631 1700 5694 babet
1721 5647 1765 5693 xu
1780 5633 1790 5702 ,¹
