3996 6186
179 185 181 188 -
213 145 264 200 075
702 138 854 196 DUDONlS
874 135 1002 192 necant
1021 131 1050 187 8.
1070 131 1224 196 Quinum
1242 137 1434 195 vmonanb.
1872 141 1929 192 (ΠΒ

212 264 306 333 gratia
330 262 418 335 primi
446 261 527 318 ssorrs
554 261 645 320 eorde
665 267 844 340 conceperat
862 261 986 318 volvens
1007 259 1075 314 luri
1095 257 1195 316 animo
1225 266 1334 326 motus,
1362 260 1460 317 renuit
1495 259 1616 316 illorum
1639 260 1847 332 petitionibus,
1876 277 1932 315 ne.-

211 352 323 418 animo,
340 351 664 411 liertinosanctissimo
688 352 790 409 abbati
800 351 902 408 dicens
925 363 1038 406 senno-
1092 347 1241 418 acquievit
1254 349 1390 404 charitati
1400 349 1438 406 ad
1452 364 1539 404 esum
1566 348 1726 417 udatenus,
1742 349 1795 406 sed
1819 349 1930 422 petivit

211 439 367 498 cinabatur
382 457 391 494 :
407 461 421 488 u
437 443 494 496 Cur
507 429 674 498 Christiana
686 441 789 510 religio
802 438 945 512 tripertito
958 436 1039 492 ordi·
1092 435 1363 508 ftotbomagensem
1378 437 1485 494 urbem
1499 437 1637 494 celerius.

210 543 247 586 ne
261 526 415 583 ecelesiam
429 525 598 600 frequentat
610 529 624 584 ‘l
634 530 766 586 Eruntne
787 528 876 584 unius
892 524 1038 582 mercedis
1412 541 1603 582 rrosrnorm.

209 614 359 687 uniusque
372 614 477 682 bravii,
503 615 554 688 qui
570 616 705 688 dispares
732 614 919 672 suntoflloiis
946 612 1039 670 chris-
1090 613 1313 670 omnebonum
1329 615 1547 686 praescitlleus,
1576 617 1605 672 et
1622 612 1816 687 praedestinat
1832 630 1929 683 unus,

209 703 296 760 tiana
312 703 535 772 religiositatis?
552 727 566 754 ιι
592 706 757 779 Respondit
778 705 873 762 abbas
891 723 897 760 :
914 727 927 752 ιι
947 706 1038 758 Uotis·
1091 704 1185 758 Omne
1196 703 1310 758 malum
1323 704 1441 776 praescit
1461 705 1552 773 Dens,
1566 721 1601 759 ac
1614 720 1676 760 non
1690 703 1927 760 destinatunus.

208 794 337 866 quisque
352 811 440 850 suum
451 795 618 852 mercedem
634 794 758 867 accipiet
770 794 937 852 secundum
950 808 1038 848 suum
1092 791 1169 848 felix
1184 792 1257 848 velle
1272 799 1354 848 tuum
1371 793 1498 864 praescit,
1514 793 1706 865 praedestinat
1721 797 1752 850 at
1763 809 1825 850 non

208 883 353 940 laborem.
374 882 431 937 Sed
458 883 510 940 tibi
540 884 656 942 nutanti
683 884 720 939 de
749 883 867 950 talibus,
898 881 1039 938 reserabo
1091 879 1147 945 Oui
1161 880 1215 936 tria
1230 897 1349 938 summa
1362 881 1586 949 manet‚trinum
1597 882 1760 954 specimen,
1771 882 1925 950 rigorum.

208 972 273 1030 baec
287 972 480 1030 enucleatius.
498 973 669 1028 christiane
685 972 837 1042 religionis
857 988 978 1028 summa
994 971 1040 1026 tri·
1092 967 1170 1024 l'elix
1184 968 1257 1026 velle
1272 975 1357 1027 tuum
1368 983 1440 1026 nam
1456 973 1530 1026 scire
1543 970 1592 1025 Dei
1603 969 1796 1041 anticipante,

208 1061 302 1116 modo
312 1060 539 1117 constatordine
550 1061 689 1118 disbncta
704 1079 710 1118 :
728 1060 871 1116 munifico
881 1060 1037 1127 laicorum,
1090 1057 1227 1113 Palmam
1241 1058 1375 1131 inartyril
1391 1059 1497 1115 merito
1508 1063 1658 1115 crescente
1672 1059 1798 1115 subibis.

209 1149 494 1220 canonicorumque,
511 1149 1038 1220 atquemonaelrorumlaboreexer·
1127 1146 1460 1220 Eademquippenocte
1474 1152 1658 1204 exaestuante
1675 1148 1823 1205 rufolclie
1853 1165 1924 1204 cunr

209 1237 276 1308 cita,
292 1239 462 1296 trinitatem
478 1237 509 1294 in
532 1238 678 1310 personis,
696 1241 789 1296 Deum
815 1238 954 1294 nnumin
970 1237 1038 1292 sub
1091 1235 1204 1290 necteris
1219 1235 1406 1298 humoribus,
1421 1237 1510 1308 coepit
1524 1235 1667 1306 gravibus
1678 1236 1806 1292 nimium
1818 1239 1924 1292 torreri

209 1327 318 1383 stantia
343 1326 473 1384 articulis
501 1326 560 1384 tide
581 1330 731 1384 exsecuta.
761 1329 895 1393 Quorum
915 1326 1038 1382 servitus
1091 1321 1255 1391 doloribus,
1270 1329 1412 1397 reputans
1438 1325 1495 1380 hoc
1514 1324 1671 1380 malumei
1696 1324 1842 1380 accidisse
1858 1341 1927 1396 pro-

209 1415 329 1472 feliciter
341 1415 480 1489 perfecta,
496 1416 533 1472 ad
547 1415 657 1472 coelum
679 1416 771 1474 tendit
797 1416 892 1489 aequis
921 1415 1039 1472 incessi·
1091 1415 1156 1483 pter
1171 1411 1338 1481 neglectam
1353 1411 1525 1469 charitatem
1538 1413 1596 1469 cibi
1609 1417 1638 1468 et
1649 1418 1748 1485 potus,
1759 1429 1856 1485 quam
1872 1413 1926 1468 ab·

207 1505 277 1562 bus.
293 1507 326 1561 Et
347 1521 523 1578 quanquam
541 1509 598 1560 tres
612 1505 730 1562 ordines
745 1505 814 1575 sint,
830 1506 869 1561 ad
892 1504 1038 1562 excollen-
1092 1503 1198 1556 nuerat
1224 1501 1380 1556 monacbis
1406 1501 1649 1574 deprecantibus.
1681 1500 1793 1558 idcirco
1818 1503 1926 1558 North-

209 1594 283 1651 dum
298 1594 412 1652 cultum
425 1611 503 1650 verre
513 1594 584 1650 fidei
598 1593 711 1650 bicallis
725 1594 773 1650 via
788 1600 832 1652 est
857 1594 978 1650 ambivii
992 1594 1040 1650 iti-
1057 1603 1275 1664 gfflassssol'um
1295 1589 1509 1661 Brilotlumque
1536 1587 1721 1661 principibus
1744 1590 1855 1656 ascitis·
1872 1591 1925 1645 atl-

209 1683 298 1754 neris,
314 1687 394 1740 certa
419 1699 472 1750 spe
496 1699 574 1738 verte
601 1681 792 1738 credulitatis.
822 1685 955 1748 Quarum
978 1699 1039 1738 una
1092 1675 1242 1749 ductoque
1254 1692 1347 1749 puero
1366 1677 1488 1734 nomine
1508 1678 1668 1750 Richardo,
1685 1678 1782 1750 specie
1806 1679 1927 1748 elegan-

208 1775 355 1846 πρακτικῆς
377 1771 500 1828 nomine
522 1770 620 1826 laxius
643 1771 730 1836 vehit,
758 1777 786 1828 et
813 1772 959 1828 canonica
981 1771 1039 1828 dici
1091 1766 1217 1832 tissimo,
1233 1767 1358 1824 cumeis
1385 1768 1490 1840 pandit
1513 1768 1657 1825 secretins
1679 1768 1815 1824 mirabile
1842 1786 1928 1824 arra-

209 1860 317 1916 meruit
333 1877 339 1914 :
355 1859 412 1916 sub
435 1858 521 1930 cidus
550 1859 661 1914 ditione
675 1858 789 1916 laicalis
805 1859 880 1914 ordo
906 1863 1040 1915 moratur
1091 1871 1243 1912 numsum
1259 1857 1377 1919 mentis,
1393 1857 1478 1929 quod
1492 1857 1610 1912 dudum
1635 1856 1776 1914 retulerat
1801 1859 1926 1914 Martino

209 1953 237 2005 et
249 1949 328 2008 vivit.
352 1949 450 2005 Altera
473 1963 544 2004 vero
566 1947 698 2015 nomine,
722 1950 870 2021 θιιριτιχὴς
896 1948 1039 2005 limitibus
1092 1945 1204 2002 abbati.
1220 1945 1354 2018 Cumque
1380 1945 1560 2002 nobilissimi
1595 1946 1751 2018 principes
1770 1947 1926 2002 Britonice

208 2037 278 2093 hinc
292 2036 481 2094 indecoactis
496 2035 587 2092 allata
601 2052 663 2092 non
679 2037 757 2092 vehit
780 2053 834 2109 per
857 2037 959 2110 plana,
987 2037 1038 2092 sed
1092 2035 1393 2108 dortnmannicaeque
1419 2035 1548 2106 regionis
1575 2036 1779 2109 experirentur
1806 2036 1926 2094 inaudi-

210 2142 331 2180 secessu
344 2124 474 2192 confixa,
489 2128 663 2196 secretoque
678 2127 803 2196 perenni
826 2125 904 2192 lietu,
918 2125 1040 2182 molitur
1093 2129 1166 2192 tum,
1182 2127 1210 2178 et
1224 2125 1312 2195 quasi
1327 2130 1553 2190 monstruosum
1569 2124 1759 2198 propositum
1778 2125 1925 2182 Guillelnri

210 2229 328 2286 semper
341 2213 378 2268 ad
396 2213 502 2270 ardua.
518 2212 761 2284 tloecapostolica
778 2218 822 2270 est
833 2213 1037 2282 denominata,
1091 2213 1185 2278 (lucis,
1202 2213 1233 2268 in
1250 2217 1404 2286 stuporem
1418 2219 1447 2270 et
1460 2214 1489 2270 in
1505 2215 1648 2270 exstasim
1671 2215 1820 2282 conversi,
1844 2214 1925 2270 dixe-

209 2319 303 2376 quam
318 2319 375 2360 nos
391 2307 561 2375 peccatores
574 2302 707 2373 exsequi,
723 2308 751 2358 et
765 2319 835 2358 eum
849 2319 885 2359 ea
911 2301 1039 2358 assiduis
1092 2307 1161 2358 runt
1171 2301 1298 2358 nimium
1313 2303 1460 2373 ejulantes
1471 2304 1511 2360 illi
1527 2323 1534 2360 ι
1551 2325 1565 2352 «
1587 2306 1645 2361 Cur
1664 2302 1734 2360 talia
1747 2309 1848 2360 mente
1864 2321 1926 2358 cor-

209 2392 332 2450 internae
360 2390 531 2450 intentionis
546 2389 664 2446 nisibus
683 2407 831 2448 conamur
844 2391 1007 2448 colluctari.
1023 2412 1038 2440 ιι
1092 2390 1138 2446 dis
1154 2390 1196 2446 tui
1210 2391 1349 2448 rimando
1362 2393 1543 2465 proposuisti
1556 2393 1569 2447 ‘l
1580 2397 1608 2448 et
1621 2393 1645 2448 si
1668 2391 1829 2462 cogitando
1839 2391 1922 2463 quod

209 2484 274 2540 flac
290 2484 390 2538 autem
404 2478 576 2536 Guillelmus
603 2479 741 2550 audiens,
756 2479 855 2536 retulit
869 2480 972 2536 abbati
996 2480 1038 2534 in·
1092 2494 1250 2552 nunquam
1263 2479 1314 2536 fiet
1327 2481 1465 2548 statuisti,
1494 2495 1587 2554 quare
1617 2481 1665 2538 cui
1692 2481 1839 2538 retulisti?
1854 2481 1924 2546 Ornis

210 2571 316 2644 quiens
332 2587 338 2625 :
356 2593 369 2620 u
387 2570 469 2626 Flore
482 2569 632 2642 primeva
647 2569 741 2626 atatis
753 2568 898 2626 laxiorem
916 2570 995 2626 viam
1011 2575 1040 2626 et
1093 2585 1148 2624 nos
1163 2568 1331 2626 defensabit
1344 2570 1385 2626 ab
1398 2570 1520 2626 incursu
1535 2571 1680 2643 pestiferae
1696 2569 1856 2626 ferocitatis
1870 2571 1922 2626 im-

209 2659 345 2716 latiorem
360 2658 490 2733 pacisci,
512 2657 684 2731 finibusque
699 2658 892 2731 praesu-ictam
904 2665 932 2715 et
947 2675 1037 2715 coan-
1093 2658 1269 2714 minantium
1286 2673 1487 2731 paganorum,
1503 2661 1610 2732 quisve
1630 2659 1670 2716 ab
1683 2659 1800 2716 insidiis
1812 2659 1923 2716 Franci-

211 2739 363 2819 gustala'm
379 2748 455 2804 rolui
469 2764 660 2820 summopere
686 2747 794 2803 imitari
812 2766 818 2802 :
835 2765 938 2805 verum
955 2754 1039 2822 pater
1094 2765 1152 2803 scae
1167 2748 1262 2816 gentis
1276 2763 1333 2804 nos
1347 2749 1494 2804 tuebitur?
1508 2749 1643 2821 Amplius
1655 2749 1739 2821 quod
1763 2765 1918 2822 nunquam

210 2853 306 2906 meus,
317 2837 526 2909 principesque
542 2835 587 2891 s'ui
599 2836 814 2892 constituerunt
827 2853 875 2892 me
888 2835 1040 2892 nolentem
1094 2835 1316 2910 adimplebitur,
1332 2851 1392 2894 non
1408 2842 1568 2910 reputetur.
1582 2861 1597 2888 c
1628 2837 1713 2894 Tunc
1739 2838 1922 2906 Guillelmus‚

210 2925 318 2982 ducem
334 2925 399 2982 sibi.
417 2924 474 2981 Sed
486 2923 558 2996 quia
572 2939 653 2979 nunc
665 2924 724 2979 mei
733 2925 809 2995 iuris
825 2941 960 2998 meaque
971 2942 1040 2982 sum
1055 2965 1078 3019 G
1095 2925 1303 2994 refragationis
1318 2931 1346 2982 et
1358 2926 1557 2984 dissuasionis
1567 2927 1653 2984 obice
1665 2931 1850 2992 commotus,
1870 2943 1925 2982 ree

210 3013 377 3086 potestatis
388 3011 551 3085 palestram
565 3012 685 3068 theorici
701 3013 784 3069 collis
799 3014 946 3070 hincinde
962 3015 1043 3070 siric.
1095 3015 1237 3086 pondisse
1253 3015 1344 3072 fertur
1360 3033 1366 3071 :
1381 3036 1396 3070 c
1411 3019 1443 3074 at
1468 3017 1667 3090 reputabitur.
1690 3022 1719 3074 et
1733 3020 1794 3074 Deo
1809 3017 1923 3074 favente

211 3103 269 3159 tius
298 3102 415 3160 limitati
452 3101 602 3159 mundum
631 3101 840 3176 relinquendo,
866 3108 1040 3175 mutatoque
1095 3103 1317 3176 adimplebitur.
1334 3107 1452 3172 Verum,
1467 3106 1611 3178 quoniam
1639 3106 1848 3178 omnipotcnb's
1870 3105 1917 3160 llei

209 3192 315 3249 babitu
341 3192 412 3250 volo
439 3190 574 3266 adipisci.
592 3215 608 3242 a
630 3192 761 3250 Audiens
776 3197 877 3250 autem
901 3193 1040 3250 Martinus
1094 3193 1310 3250 voluntatinon
1324 3194 1438 3250 debetis
1452 3195 1596 3262 resistere,
1621 3200 1651 3251 et
1664 3211 1764 3252 meum
1787 3193 1917 3266 proposi·

210 3283 306 3340 abbas
328 3282 433 3340 merito
457 3281 750 3354 praecellentissimus
775 3281 866 3351 hujus
895 3280 1039 3336 mirandae
1095 3285 1156 3337 tum
1172 3282 1301 3338 refutare
1318 3301 1325 3350 ;
1341 3297 1447 3354 precor
1471 3299 1526 3339 vos
1540 3291 1572 3340 ut
1584 3283 1716 3340 consiliis
1731 3282 1804 3339 meis
1821 3283 1919 3338 lasea·

209 3371 380 3432 intentionis
402 3372 600 3446 propositum,
631 3370 787 3441 suspirans
802 3369 902 3424 subito
929 3368 1038 3440 dirigit,
1093 3370 1140 3437 tia,
1157 3371 1350 3443 etquomodo
1369 3373 1572 3430 humanarum
1597 3388 1698 3430 rerum
1719 3387 1832 3430 sorsse
1853 3371 1921 3428 forte

209 3456 331 3528 imoque
348 3473 453 3513 vocem
474 3455 594 3510 trahens
621 3469 639 3508 e
666 3458 795 3526 pectore,
812 3453 910 3524 inquit
926 3469 933 3507 :
950 3475 964 3502 ιι
984 3454 1039 3508 [le-
1092 3459 1214 3528 habeat,
1229 3457 1326 3516 filium
1340 3477 1443 3518 meum
1463 3461 1644 3518 gichardum
1657 3461 1765 3518 ducem
1778 3460 1866 3516 vobis
1879 3476 1922 3516 me

210 3542 411 3612 sensorhujsss
425 3541 540 3614 palriae,
563 3556 616 3596 our
631 3539 700 3596 lali&
720 3540 845 3594 rimatus
868 3556 899 3596 es
915 3539 1039 3598 facere?
1093 3549 1249 3621 superstite
1265 3549 1390 3621 eligatis,
1415 3554 1444 3606 et
1457 3549 1622 3607 intentione
1641 3549 1844 3607 custodiendas
1857 3549 1924 3604 fide

211 3628 281 3692 Quis
300 3627 412 3684 fovebit
424 3627 536 3686 elerum
548 3630 576 3682 et
591 3625 765 3698 populum?
785 3627 854 3691 Quis
866 3632 971 3686 comta
983 3645 1038 3686 Ποῦ
1092 3636 1182 3692 litatis
1197 3642 1225 3692 et
1239 3637 1433 3708 militationis,
1447 3654 1557 3694 manus
1572 3645 1683 3694 vestras
1696 3636 1842 3694 manibus
1859 3639 1923 3707 eJus

210 3717 414 3790 ingruentium
428 3731 619 3790 paganorum
645 3715 784 3772 exercitui
795 3716 926 3774 obstabit
939 3721 952 3774 ι
967 3719 1038 3785 Quis
1092 3725 1178 3782 detis.
1195 3744 1210 3778 c
1226 3727 1382 3799 Extemplo
1398 3741 1468 3788 cum
1482 3727 1695 3784 Nortbmannis
1717 3726 1856 3783 britones
1868 3743 1923 3782 res

210 3808 341 3884 paternis
366 3807 484 3878 legibus
513 3808 594 3874 reget
631 3809 749 3862 strenue
782 3807 957 3880 populum?
987 3811 1039 3866 Cur
1091 3812 1263 3886 ponderum
1289 3815 1444 3872 Guillelmo
1468 3815 1631 3872 dicantes:
1662 3839 1676 3864 α
1699 3815 1772 3870 Huic
1801 3815 1920 3872 conabo

210 3914 332 3971 gregem
358 3895 525 3956 committes
552 3899 580 3950 et
594 3894 851 3953 commendabis?
871 3897 923 3954 Cui
947 3897 1039 3955 duca·
1092 3902 1265 3973 annuimus,
1283 3908 1312 3959 et
1323 3905 1407 3976 quod
1418 3921 1507 3975 rogas
1530 3905 1655 3962 fideliter
1670 3905 1826 3962 faciemus.
1842 3925 1858 3958 s
1873 3905 1922 3974 lgi

209 4004 281 4046 men
308 3984 467 4045 Britannia
493 3983 793 4057 northmannicaeque
826 3985 955 4055 regionis
982 3987 1039 4044 lar·
1092 3995 1139 4048 tur
1153 3994 1296 4050 continuo
1313 3995 1552 4051 northmannici
1579 3994 1714 4052 Britones
1728 3994 1921 4051 commende·

209 4076 325 4148 gieris?
344 4071 538 4132 Sollicitudini
562 4077 618 4130 luae
637 4072 746 4136 divine}
767 4072 928 4130 voluntatis
942 4076 1038 4148 provi·
1092 4085 1240 4138 reruntse
1264 4081 1412 4138 Richardo
1438 4083 1607 4153 unanimes,
1632 4087 1822 4140 sacramento
1846 4097 1920 4138 sera

209 4163 310 4220 dantia
321 4178 383 4218 non
398 4161 640 4230 concordabitur,
655 4177 711 4218 nee
735 4177 803 4234 quae
818 4162 930 4220 moliris
950 4179 1038 4234 agere
1090 4169 1160 4226 fidei
1175 4169 1216 4226 illi
1233 4187 1265 4226 se
1279 4175 1498 4228 connectentes.
1527 4171 1702 4230 Grrillelmus
1717 4187 1791 4230 vero
1805 4187 1919 4228 serene·

209 4251 399 4324 adimplebis,
412 4267 466 4308 nec
488 4267 537 4308 me
551 4251 669 4308 favente
691 4250 838 4308 ullatenus
854 4253 1036 4310 tractabitur.
1092 4258 1127 4314 tis
1144 4259 1335 4330 humoribus,
1359 4261 1567 4318 imbecillitatis
1588 4261 1696 4318 robore
1727 4263 1918 4324 confortatus,

209 4339 267 4396 Sed
282 4340 307 4396 si
321 4357 350 4396 vr
362 4339 516 4416 potestatis
532 4343 587 4394 tuae
598 4339 752 4412 professor
772 4356 838 4397 esse
864 4341 955 4412 burins
974 4358 1037 4398 mo·
1054 4315 1075 4368 ὓ
1091 4347 1179 4420 coepit
1192 4348 1412 4418 convalescere,
1425 4350 1540 4424 etquid
1565 4351 1637 4408 boni
1651 4355 1768 4424 poterat
1789 4349 1920 4422 qnotidie

209 4429 330 4486 naslerii
345 4434 374 4486 et
387 4428 497 4497 regule
524 4433 693 4482 ΘΗΩΡΙΚΗΣ
720 4429 784 4496 vise,
802 4429 973 4502 relinquens
995 4446 1038 4486 se·
1091 4435 1190 4493 solerti
1203 4453 1275 4493 eura
1288 4453 1386 4507 agere.
1403 4440 1531 4496 Francia
1546 4445 1647 4496 autem
1676 4439 1827 4512 principes
1850 4438 1921 4495 inn'·

209 4518 322 4586 culum,
351 4517 525 4574 incumbere
551 4515 720 4584 maluffl'isl
749 4516 774 4572 Si
799 4533 846 4574 me
871 4519 1035 4590 diffletis,
1090 4525 1390 4599 diapmdusetodii
1404 4528 1697 4586 ferebantadversus
1716 4528 1919 4594 autumnum,

208 4623 361 4682 nusquam
388 4605 518 4678 regionis
547 4621 607 4660 snae
633 4603 766 4662 invenire
803 4621 852 4662 me
881 4607 999 4678 poteris.
1022 4629 1036 4658 s
1091 4613 1218 4672 sednon
1234 4615 1388 4674 audebant
1401 4618 1558 4676 ostendere
1569 4617 1754 4676 malevolum
1764 4633 1827 4673 sm«.
1841 4617 1922 4686 0031.

210 4699 318 4758 Contra
332 4693 521 4766 istiusmodo,
533 4693 733 4752 excusationis
753 4697 781 4750 et
794 4695 1036 4754 contradictionis
1090 4703 1209 4762 tattonis
1220 4705 1419 4778 propositum,
1434 4709 1573 4766 Agma„
1587 4707 1722 4764 hortator
1736 4711 1766 4764 ar
1782 4707 1922 4764 igneum

208 4787 376 4857 molimina,
391 4786 454 4842 dux
476 4783 650 4842 Guillelmus
672 4781 864 4857 respondisse
886 4785 978 4844 fertur
992 4791 1036 4846 ta·
1090 4791 1237 4850 scelernm
1251 4793 1357 4852 effudit
1370 4797 1452 4854 virus
1468 4813 1529 4854 sua
1558 4794 1727 4854 calliditatis
1755 4811 1809 4869 pei·
1828 4795 1922 4852 corde

207 4877 249 4936 lla
264 4896 271 4936 :
285 4899 300 4928 u
316 4875 485 4934 bichardus
497 4873 578 4932 filius
591 4888 679 4930 meus
693 4871 915 4946 dilectissimus,
941 4876 1037 4950 pueri·
1088 4882 1240 4940 malorum
1251 4884 1422 4956 homiuum,
1438 4885 1575 4956 gaudens
1584 4885 1615 4942 in
1625 4885 1714 4958 pejus
1726 4884 1809 4942 abire
1825 4899 1920 4954 genus

207 4967 244 5026 ΕΒ
258 4966 352 5026 vialis
363 4964 532 5036 itimlassfla
545 4961 646 5022 adhuc
673 4962 835 5036 'fflVOIUtUSr
850 4963 1036 5039 principibus
1088 4971 1258 5041 bominum,
1272 4989 1311 5030 ne
1325 4975 1420 5048 possit
1432 4979 1564 5048 repetere
1586 4973 1707 5032 bortum
1733 4973 1918 5030 deliciarum.

208 5058 283 5118 meis
296 5056 422 5114 libenter
434 5053 611 5122 faventibus,
627 5052 689 5110 dux
712 5053 766 5110 erit
783 5070 839 5127 pro
862 5071 911 5112 me
930 5059 1035 5130 poten·
1089 5062 1234 5128 erocirca
1259 5063 1396 5122 excitarit
1422 5065 1503 5138 odia,
1532 5079 1726 5122 commovens
1749 5063 1919 5135 iurgiorum

208 5147 343 5204 tissimus
354 5145 485 5217 regionis
499 5145 615 5216 bedun
640 5147 668 5201 et
682 5143 765 5216 quod
780 5146 838 5200 lleo
853 5145 923 5202 vovi
948 5147 1034 5203 citius
1087 5151 1235 5218 incendia,
1275 5153 1418 5227 pacisque
1452 5154 1589 5212 Ecclesiae
1626 5153 1756 5212 turbavit
1793 5153 1918 5224 foedera,

207 5251 301 5308 quam
315 5239 421 5308 potero
432 5233 607 5308 explebitur.
622 5255 635 5284 ι
652 5234 784 5290 Exeunte
799 5239 900 5292 autem
920 5236 1035 5294 Guillel-
1087 5239 1311 5298 firmamentum
1336 5243 1401 5314 eJ'us
1428 5244 1545 5317 quoties
1577 5243 1736 5301 formidine
1757 5243 1917 5317 impressa

208 5341 260 5384 mo
272 5325 310 5380 de
324 5324 429 5396 templi
438 5324 518 5382 adito
530 5340 601 5382 eum
615 5323 725 5380 abbate
739 5325 873 5396 Martius,
889 5326 928 5382 ad
942 5327 1034 5400 pedes
1086 5326 1177 5384 liabie
1192 5327 1341 5401 siquidem
1354 5330 1535 5403 cupiditatis,
1562 5332 1700 5390 accendit
1714 5331 1917 5405 plurimorum

208 5415 273 5488 ejas
283 5413 397 5487 proruit
408 5414 627 5470 monachorum
646 5413 840 5486 phalangula,
868 5415 1033 5488 deprecans
1085 5417 1188 5488 corda,
1218 5435 1256 5476 ne
1279 5420 1506 5479 recordarentur
1525 5421 1710 5493 judiciorum
1729 5421 1793 5488 Dei,
1818 5435 1916 5494 neque

208 5509 242 5562 ut
255 5503 403 5578 acciperet
416 5502 447 5560 in
461 5503 602 5560 charitate
618 5504 667 5558 llei
682 5502 789 5573 diaria,
803 5504 871 5560 vitre
891 5519 1033 5576 corpora·
1084 5512 1184 5566 mente
1198 5515 1352 5568 cernerent
1362 5527 1406 5568 ea.
1425 5512 1622 5570 bisseminato
1630 5513 1730 5585 itaque
1745 5527 1800 5584 per
1824 5525 1917 5568 mem·

207 5593 245 5656 tn
258 5590 500 5654 abrotonum
515 5590 723 5650 Quando
747 5591 1032 5652 conbedbtionibuo
1083 5595 1144 5656 bre
1169 5597 1281 5658 diaboli
1309 5599 1439 5671 graviter
1463 5601 1522 5660 boc
1548 5615 1678 5674 rebeum
1702 5600 1915 5674 hostiliquera
