3984 6182
205 150 257 206 999

729 137 885 196 raucum
904 103 1200 192 tmrmmrrsrs
1219 133 1386 191 1181118111.

1846 133 1899 191 lm

205 271 346 330 fraudata
360 272 405 325 est
416 265 574 323 oculorum
589 261 699 334 officio,
712 262 873 334 conjugem
889 255 1032 316 888111111-
1051 257 1075 310 A
1090 259 1174 312 vente
1188 257 1343 329 quomodo
1358 256 1448 315 aliam
1459 272 1549 330 super
1560 254 1671 312 ducam
1686 255 1701 310 ‘l
1715 254 1831 321 Quibus
1853 271 1903 314 ver·

205 360 295 426 misit,
309 355 458 426 eliamque
482 358 565 408 extra
587 355 763 424 preceptum
786 351 835 406 1181
857 346 942 404 duxit
965 347 1031 416 (st).

207 450 272 516 Qua
284 442 372 516 culpa
386 439 556 498 adulterum
578 439 663 494 illum
674 455 743 494 eum
756 437 946 511 superducta,
972 432 1033 506 epi·

206 533 299 606 scopi,
313 530 345 587 in
358 529 444 602 cujus
456 529 513 585 boc
522 527 723 594 eratdioecesi,
732 523 954 583 animadversio
965 536 1034 579 con-

205 620 287 679 venit
296 638 303 688 ;
314 619 547 691 convictumque
557 633 594 673 ex
604 615 733 687 regulari
743 612 917 688 poenitentia
927 610 1035 668 multa·

205 714 256 768 vit.
269 709 326 768 Sed
340 706 528 782 persuasoris
542 705 683 763 instinctu
696 704 833 779 pertinax
842 701 947 758 mulier
956 699 995 756 ab
1003 699 1035 755 il-

205 800 292 858 licitis
308 797 498 872 amplexibus
514 794 614 852 divelli
626 810 689 851 non
701 793 807 868 potuit;
825 791 878 850 sed
905 807 974 848 oum
995 787 1034 845 ad

205 887 285 947 beati
300 884 514 944 Emmerammi
530 883 687 941 ecclesiam
708 886 873 938 conventus
899 878 963 936 fieri
986 878 1036 934 de

205 976 330 1045 buisset,
347 979 377 1032 81
388 973 493 1030 eadem
507 971 623 1042 mulier,
638 969 878 1028 commeantibus
892 967 961 1025 illuc
986 982 1035 1022 so·

207 1066 294 1133 81818,
310 1068 493 1138 properaret,
504 1063 535 1118 in
549 1061 626 1131 loco,
640 1061 692 1134 qui
705 1059 841 1116 vivarius
856 1057 1033 1132 appellatur,

207 1155 287 1212 unde
301 1151 576 1210 ecclesiamintuita
588 1150 652 1219 fuit,
673 1148 810 1206 ducentis
825 1147 885 1204 fere
901 1146 941 1204 ab
961 1144 1035 1201 urbe

1089 344 1134 400 bis
1149 351 1303 419 permotus
1316 347 1459 404 dominus
1482 345 1665 420 asperrimos
1690 361 1845 402 sermones
1867 349 1905 404 in·

1088 435 1166 491 vexit
1180 435 1301 493 dicens:
1318 460 1331 486 «
1349 437 1418 493 llaeo
1435 435 1510 492 mihi
1522 434 1776 502 faciatllominus,
1804 439 1834 492 et
1853 436 1904 492 bec

1088 523 1190 588 addat,
1205 525 1263 581 nisi
1276 526 1356 582 bane
1369 525 1399 582 in
1408 524 1634 582 matrimonium
1648 523 1826 596 sumpseris,
1839 529 1906 594 genti

1088 614 1242 671 Saxonum
1272 619 1299 672 te
1326 615 1456 684 tradam,
1481 631 1550 688 quae
1567 619 1610 670 tot
1638 613 1832 671 demonibus
1864 631 1908 688 per

1089 718 1229 776 spurcam
1240 704 1330 761 servit
1342 703 1553 761 idololatriam.
1571 703 1642 760 Novi
1657 703 1768 759 etenim
1779 719 1817 760 ac
1832 719 1908 778 expe

1087 791 1216 849 rimento
1229 792 1319 849 didici
1328 793 1400 866 quia
1416 794 1439 849 81
1454 793 1611 848 mulierem
1623 790 1671 847 hic
1691 790 1831 862 accipere
1856 805 1907 845 non

1088 883 1144 952 vis,
1161 881 1263 952 fugere
1279 882 1375 950 malis,
1389 899 1483 956 quam
1498 897 1619 938 mecum
1632 881 1818 937 commorari
1831 879 1860 936 in
1872 880 1908 934 bis

1088 970 1171 1040 locis,
1187 976 1220 1027 ut
1234 975 1263 1028 et
1277 971 1314 1026 de
1331 971 1401 1042 fuga
1412 971 1566 1038 confusus,
1588 975 1616 1026 et
1629 969 1829 1026 nihilominus
1851 973 1909 1042 post

1089 1059 1126 1116 de
1138 1060 1239 1134 precio
1251 1065 1302 1117 tuo
1318 1077 1457 1118 maneam
1474 1059 1681 1116 defraudatus.
1699 1083 1712 1108 »ι
1726 1060 1909 1132 Cumqueas

1090 1149 1178 1205 siduo
1193 1150 1383 1207 sermonibus
1393 1149 1571 1222 hujusmodi
1584 1149 1660 1206 inter
1674 1164 1705 1204 se
1717 1147 1909 1221 disceptarent

206 1243 360 1318 passibus,
376 1245 409 1297 ut
422 1244 494 1298 nota
509 1239 663 1296 commissi
678 1237 796 1295 sceleris
811 1253 879 1294 eam
907 1234 1036 1304 exagita·
1089 1239 1231 1295 dominus
1247 1255 1300 1313 per
1314 1243 1472 1314 peccatum
1488 1255 1604 1306 servus,
1621 1241 1650 1294 et
1669 1253 1775 1294 servus
1798 1251 1853 1310 per
1869 1237 1907 1308 ju-

206 1338 260 1391 ret.
277 1332 371 1406 Coepit
385 1337 487 1388 autem
499 1335 628 1387 tremore
640 1328 734 1386 nimio
750 1327 879 1397 concuti,
896 1331 924 1382 et
942 1324 1037 1380 111888-
1090 1329 1201 1386 811118111
1211 1329 1363 1398 dominus,
1379 1329 1536 1401 etatejam
1551 1344 1586 1384 ac
1599 1327 1736 1384 moribus
1749 1342 1851 1399 senex,
1866 1327 1906 1382 ali·

206 1423 269 1481 luta
283 1421 368 1480 humi
382 1420 517 1489 devolvi;
535 1425 563 1477 et
578 1437 646 1476 cum
660 1423 757 1475 erecta
774 1417 909 1474 fuisseta
937 1413 1034 1480 sociis,
1089 1423 1133 1476 ter
1147 1436 1178 1475 se
1193 1435 1255 1475 non
1268 1434 1357 1493 posse
1372 1419 1529 1476 advertens
1541 1417 1701 1492 imperium
1728 1415 1845 1472 domini
1872 1415 1906 1470 sui

208 1513 234 1570 si
244 1528 421 1586 processum
434 1510 535 1579 voluit,
554 1508 717 1583 procedere
726 1523 789 1565 non
802 1507 896 1564 valuit
913 1523 919 1575 ;
937 1505 961 1562 si
989 1521 1034 1560 reu
1089 1507 1250 1577 declinare,
1266 1507 1340 1581 quin
1354 1508 1385 1565 in
1401 1511 1521 1578 gentem
1532 1507 1697 1564 traderetur
1717 1507 1816 1562 Deum
1838 1505 1906 1576 igno

207 1602 270 1660 dire
284 1600 407 1672 studuit,
418 1597 564 1656 redeundi
579 1596 751 1654 facultatem
766 1611 827 1652 non
841 1593 955 1652 habuit.
986 1593 1036 1648 llis
1056 1603 1216 1666 grantcm,
1233 1598 1319 1670 cujus
1332 1597 1425 1656 vitam
1438 1597 1525 1671 quasi
1536 1601 1663 1653 mortem
1672 1595 1786 1664 timuit,
1802 1595 1904 1652 tandem

207 1692 239 1748 in
254 1689 401 1762 angustiis
423 1705 441 1744 a
466 1686 694 1760 superveniente
722 1684 874 1742 sacerdote
901 1682 1037 1756 quodam
1092 1703 1123 1744 88
1137 1686 1212 1744 velle
1234 1703 1301 1743 eam
1331 1685 1489 1744 confitetur
1516 1685 1634 1743 sibimet
1660 1685 1816 1759 copulare.
1838 1687 1901 1740 Tunc

208 1780 394 1854 deprehensa
409 1775 553 1850 requisita
562 1780 618 1844 est,
628 1791 689 1849 quo
703 1773 825 1830 crimine
836 1773 1039 1829 circumventa
1091 1775 1426 1833 exhilaratusdominus
1446 1775 1668 1850 apprehensam
1695 1773 1832 1830 mulieris
1855 1788 1902 1828 na·

208 1872 357 1943 peteretur
371 1867 451 1923 talia.
470 1869 528 1923 lloc
539 1864 631 1922 relato
657 1863 735 1922 sicut
762 1867 836 1931 erat,
859 1862 898 1919 ad
926 1861 1039 1934 episeo·
1091 1879 1165 1920 num
1179 1863 1300 1920 involvit
1310 1863 1412 1938 pallio,
1426 1868 1464 1934 et,
1490 1868 1523 1919 ut
1547 1861 1640 1920 moris
1666 1865 1712 1917 est
1733 1861 1902 1935 nuptiarum,

208 1973 283 2031 pum
298 1973 387 2012 suum
402 1954 519 2026 regredi
535 1954 574 2011 ab
588 1953 696 2010 eodem
710 1957 755 2010 est
768 1953 942 2027 presbytero
958 1967 1038 2008 com·
1092 1953 1154 2010 seni
1175 1953 1232 2010 sub
1247 1951 1372 2010 testibus
1382 1969 1450 2010 earn
1465 1952 1496 2009 in
1509 1950 1746 2009 matrimonium
1758 1950 1902 2014 concessit;

208 2046 333 2104 monita.
350 2044 438 2112 Quod
452 2043 527 2100 dum
542 2043 659 2100 fecisset
674 2047 703 2100 81
716 2043 812 2100 effusa
832 2042 863 2098 in
885 2041 1037 2114 lacrymas
1093 2041 1196 2117 sicque
1207 2042 1354 2099 discessit.
1371 2041 1536 2112 Religiosus
1557 2044 1660 2098 autem
1677 2055 1774 2097 senex
1800 2042 1902 2112 accepte

207 2135 318 2192 vulnus
332 2134 460 2208 aperiret
475 2139 504 2190 et
522 2133 757 2190 satisfactionem
786 2149 823 2189 ex
844 2147 922 2207 puro
948 2129 1037 2186 corde
1091 2131 1215 2189 muliere
1228 2132 1358 2206 perrexit
1371 2131 1411 2189 ad
1425 2132 1551 2189 domum
1565 2129 1749 2187 hereditatis
1766 2126 1901 2196 18118811

208 2223 402 2298 promitteret,
419 2227 559 2296 suscepta
574 2221 784 2279 Ecclesiasticse
813 2221 917 2277 formae
941 2217 1038 2276 medi·
1092 2239 1153 2297 qua
1167 2222 1341 2279 cubiculum
1353 2221 1508 2288 intrantes,
1522 2224 1551 2276 81
1570 2219 1712 2276 alimenta
1737 2221 1824 2291 J‘uxta
1845 2231 1899 2274 con-

208 2313 286 2384 cina,
302 2311 341 2369 ad
355 2310 507 2368 medicum
523 2327 613 2367 suum
627 2310 749 2368 beatum
770 2313 1036 2378 Emmeremmum,
1093 2311 1284 2369 suetudinem
1322 2310 1507 2385 nuptiarum,
1553 2309 1766 2384 percipientes,
1802 2308 1900 2376 18818111,

209 2417 316 2480 expers
331 2401 439 2456 animae
452 2399 597 2466 vulneris,
615 2403 643 2456 et
663 2399 800 2472 corporei
826 2413 932 2456 secura
956 2396 1039 2453 dolo
1091 2417 1183 2475 quem
1193 2401 1259 2475 ipsa
1273 2405 1441 2474 paraverat,
1457 2399 1541 2457 baud
1556 2399 1643 2472 parili
1656 2399 1763 2456 animo
1785 2395 1901 2456 ascende

209 2490 259 2558 ris,
275 2489 429 2562 processit.
450 2491 515 2556 Qua
529 2489 561 2545 in
588 2505 619 2544 re
648 2487 733 2545 facile
762 2488 917 2560 colligitur,
943 2502 1036 2561 quam
1091 2495 1170 2547 runt.
1186 2490 1342 2547 cuisenex
1359 2508 1365 2547 :
1382 2489 1551 2559 «18881118,
1566 2488 1671 2562 inquit,
1686 2487 1856 2545 charissima
1873 2486 1899 2540 11-

208 2578 297 2650 longe
312 2581 489 2652 separantur
503 2577 607 2634 incerti
620 2595 638 2634 a
652 2593 747 2649 regno
761 2577 822 2644 liei,
837 2577 891 2650 qui
916 2576 957 2632 sic
985 2575 1039 2632 dil·
1091 2577 1141 2650 lia,
1154 2594 1192 2634 ne
1206 2578 1263 2635 hac
1278 2578 1400 2635 thalami
1411 2578 1623 2635 commixtione
1643 2593 1800 2634 summum
1825 2575 1898 2632 offen·

208 2669 344 2727 feruntur
358 2668 397 2725 ab
408 2667 545 2737 ingressu
555 2667 717 2723 domorum
725 2666 887 2724 electorum
900 2681 1036 2722 suorum.
1091 2666 1199 2723 damus
1213 2667 1367 2736 artificem,
1384 2668 1456 2741 quia
1469 2665 1642 2740 temporalis
1654 2666 1721 2722 vitae
1731 2666 1837 2736 gaudia
1845 2679 1898 2738 pau·

208 2759 345 2827 Quodne
360 2757 449 2814 nobis
464 2756 801 2828 contingat,fortissima
818 2755 923 2812 Christi
946 2755 1038 2812 medi·
1092 2754 1133 2811 cis
1148 2755 1255 2812 dicbus
1274 2756 1427 2828 deficiunt,
1457 2756 1511 2814 sed
1538 2761 1650 2813 8181118
1677 2751 1899 2812 8111111818ωά8-

208 2847 277 2904 cina
291 2845 457 2919 probibeat.
1091 2843 1230 2902 trimenta
1245 2846 1535 2919 parturiunt.Fruere
1545 2844 1646 2918 itaque
1659 2843 1784 2902 artificio
1796 2859 1855 2900 meo
1875 2841 1897 2895 in

244 2941 270 2991 3.
287 2938 361 2992 Cum
374 2933 516 2990 virtutum
532 2933 676 2990 odoribus
705 2934 904 2990 aromatizans
928 2935 1035 2991 beatus
1057 2970 1077 3025 C
1092 2934 1217 3004 deliciis,
1234 2936 1330 2992 ethoc
1343 2938 1459 2991 tantum
1471 2933 1603 3006 indulge,
1615 2949 1653 2991 ne
1670 2933 1898 3005 mesubjugooo

208 3027 449 3080 Emmerammus
464 3021 593 3096 populos
607 3023 690 3080 adse
719 3025 848 3080 traheret
869 3025 1037 3098 undeques-
1091 3024 1253 3098 putationis
1268 3024 1505 3097 hujus.conjuge
1519 3019 1896 3097 viventepraecipuesnin·

202 3129 305 3184 secus,
317 3111 441 3187 contigit
455 3113 610 3186 quendam
625 3113 724 3171 virum
738 3114 869 3184 fidelem,
885 3114 938 3188 qui
955 3115 1037 3170 bona
1092 3113 1221 3171 teritum.
1241 3137 1254 3164 »
1269 3114 1320 3170 1118
1333 3119 1444 3186 autem,
1472 3113 1585 3170 carnali
1612 3112 1766 3185 voluptate
1790 3108 1896 3174 devicta

202 3202 381 3274 intentione,
397 3207 430 3258 ut
441 3201 509 3258 finis
524 3202 683 3275 probabat,
699 3202 770 3259 illuc
784 3203 926 3260 solusiter
936 3219 1036 3278 carpe·
1091 3203 1146 3260 viri
1160 3203 1206 3260 sui
1219 3204 1353 3277 petitioni
1368 3203 1491 3260 minime
1507 3202 1729 3260 assentiebatur
1743 3221 1749 3271 ;
1764 3201 1819 3257 imo
1840 3212 1894 3270 qua

208 3293 269 3365 bat,
286 3292 316 3349 in
330 3293 407 3362 loco,
424 3291 596 3365 quidioitur
615 3293 845 3361 verroniwaida,
869 3293 952 3367 quod
979 3309 1037 3349 ser·

207 3400 259 3440 mo
275 3383 395 3440 Latinus
410 3382 550 3455 exprimit
564 3382 741 3455 longinqua
753 3399 876 3457 pascua,
906 3382 1036 3439 latrones

207 3470 356 3538 incidisse,
372 3469 424 3542 qui
434 3486 504 3526 eum
515 3471 668 3528 detemum
683 3471 867 3544 expoliatum
883 3470 1036 3528 Orientali-

206 3557 265 3614 bus
278 3557 397 3614 Francis
407 3557 616 3614 vendiderunt.
633 3561 666 3614 Et
679 3558 775 3614 factus
790 3559 918 3616 estalias
933 3559 1037 3632 empti·

207 3645 275 3715 tius,
287 3645 339 3718 qui
357 3645 397 3701 ad
416 3645 593 3702 memoriam
619 3646 749 3702 martiris
774 3647 865 3703 voluit
896 3663 961 3703 esse
986 3648 1036 3704 ad-

201 3733 355 3792 ¹ventitius.
368 3733 497 3800 Quidam
512 3749 593 3802 vero,
605 3733 657 3808 qui
669 3734 750 3791 hunc
758 3735 865 3792 exinde
879 3736 1036 3793 venunda-

207 3827 271 3880 tum
285 3823 409 3897 acoepit‚
425 3822 481 3879 sub
493 3821 594 3878 venali
619 3824 800 3880 commercio
831 3824 952 3882 tradidit
977 3825 1037 3882 cui-

1090 3291 1121 3349 in
1135 3309 1237 3350 aurem
1250 3292 1374 3360 dixerat,
1390 3292 1514 3349 domino
1528 3308 1582 3349 suo
1599 3291 1808 3366 palificaturam
1816 3285 1894 3343 mina·

1091 3383 1190 3440 batur.
1207 3383 1300 3440 Senex
1324 3397 1395 3438 vero
1419 3399 1488 3438 cum
1512 3380 1688 3452 hujusmodi
1715 3375 1893 3436 exhortatione

1092 3489 1124 3530 se
1140 3477 1273 3529 cerneret
1285 3472 1386 3528 minus
1409 3471 1562 3545 perficere,
1587 3470 1736 3528 lasciviam
1758 3466 1836 3522 88818
1859 3477 1891 3517 ec

1091 3567 1284 3635 exasperatos
1297 3563 1425 3633 animos,
1438 3562 1602 3618 verborum
1618 3557 1753 3618 blanditiis
1765 3555 1801 3610 118
1822 3549 1885 3606 leni-

1090 3651 1132 3708 vit
1142 3651 1263 3708 dicens:
1279 3674 1293 3702 α
1308 3652 1477 3709 Videndum
1500 3656 1544 3708 est
1558 3652 1655 3715 nobis,
1676 3643 1830 3705 charissima
1842 3653 1885 3695 9)-

1090 3756 1150 3811 181,
1167 3756 1204 3797 ne
1221 3740 1376 3812 gentilium
1391 3741 1460 3812 ritu,
1476 3757 1545 3797 cum
1559 3741 1655 3797 simus
1669 3731 1819 3800 Christiani,
1826 3743 1891 3802 111111

1089 3830 1136 3888 1118
1153 3831 1382 3894 conveniamus.
1413 3830 1468 3888 sed
1495 3831 1597 3905 potius
1628 3845 1683 3904 per
1708 3827 1828 3885 triduum
1845 3835 1891 3876 nos

206 3913 279 3970 dam
292 3912 421 3982 Turingo
433 3911 463 3967 in
477 3909 590 3968 finibus
604 3912 852 3985 Paralhfflwrum,
866 3913 905 3970 ad
919 3913 950 3970 id
966 3918 1037 3970 lem·
1090 3919 1309 3988 contineamus,
1320 3920 1482 3977 Dominum
1493 3919 1700 3993 deprecantes,
1711 3921 1743 3974 ut
1762 3915 1808 3970 det
1821 3905 1894 3968 nobis

206 4002 287 4075 poris
299 4000 463 4058 crudelium
472 4016 664 4074 paganorum
677 4001 742 4074 (55).
758 4004 892 4076 Cumque
901 4019 932 4060 se
943 4004 1036 4061 homo
1089 4003 1221 4066 filiorum
1232 4009 1481 4084 procreationem,
1502 4009 1575 4083 quia
1594 4007 1704 4064 mulier
1728 4020 1787 4062 non
1806 4016 1854 4076 pro
1870 3995 1895 4052 li·

206 4092 390 4148 Ghristianus
420 4091 554 4148 vicinum
588 4096 720 4149 cerneret
746 4093 917 4164 gentilibus,
943 4094 1036 4152 idolo
1087 4097 1201 4169 bidine,
1219 4099 1270 4156 sed
1284 4114 1338 4172 pro
1355 4098 1469 4155 sobolis
1482 4104 1526 4156 est
1540 4113 1592 4171 spe
1605 4093 1798 4155 assumenda.
1818 4088 1896 4144 »Hel

205 4194 311 4236 rumve
326 4179 500 4247 cultoribus,
517 4179 607 4254 coepit
619 4180 688 4236 nisu
702 4197 765 4246 quo
792 4183 888 4255 potuit
911 4183 1034 4240 domino
1088 4186 1197 4244 mulier
1212 4204 1282 4244 cum
1296 4186 1442 4258 audisset,
1459 4185 1605 4261 despexit,
1626 4189 1656 4242 81
1682 4201 1715 4240 88
1744 4182 1896 4240 conuertens

206 4285 261 4326 suo
274 4270 431 4344 temporali
449 4275 509 4327 lam
521 4271 661 4344 81888118ι
673 4287 767 4345 quam
782 4272 908 4342 absenti,
934 4279 1034 4332 ratum
1053 4277 1128 4372 ¹,ad
1142 4276 1296 4349 parietem,
1310 4275 1396 4333 inerti
1419 4292 1451 4333 se
1480 4291 1587 4334 somno
1611 4273 1768 4333 immersit.
1795 4265 1897 4338 rugio

205 4363 234 4418 et
243 4363 419 4432 promptum
433 4359 573 4416 exhibere
585 4359 775 4418 famulatum.
791 4365 859 4418 Erat
877 4367 978 4420 autem
1002 4363 1034 4420 in
1088 4383 1139 4423 sus
1154 4371 1255 4422 autem
1270 4382 1360 4423 senex
1375 4383 1445 4423 cum
1460 4364 1603 4440 lacrymis
1618 4369 1648 4422 et
1666 4363 1827 4420 intentione
1851 4369 1899 4412 cor·

203 4447 294 4519 lignis
310 4447 458 4522 operandi
469 4448 574 4522 peritia
589 4448 750 4507 instructus
763 4468 769 4519 ;
782 4467 844 4523 qua
862 4451 1037 4510 molendina
1090 4454 1136 4510 dis
1174 4453 1363 4528 supplicabat
1412 4453 1656 4512 miserationibus
1695 4443 1899 4524 omnipotentis,

204 4536 301 4593 facere
316 4535 430 4593 solebat
440 4535 479 4593 ad
489 4536 745 4610 aquaeductus,ob
758 4542 867 4612 quae,et
875 4545 1035 4598 venustam
1088 4547 1187 4617 utper
1201 4542 1307 4600 merita
1331 4547 1360 4600 et
1387 4542 1616 4600 intercessiones
1643 4539 1747 4597 dilecti
1773 4537 1818 4596 sui
1839 4547 1902 4592 mar

203 4625 399 4683 aedificiorum
414 4625 663 4700 compositionem
679 4626 848 4684 admodum
859 4628 970 4686 charus
981 4629 1035 4687 fuit
1089 4632 1162 4705 tyris
1205 4631 1420 4689 Emmerammi
1456 4631 1514 4688 sibi
1554 4630 1729 4702 dignaretur
1773 4618 1900 4684 auxiliari·

204 4714 329 4772 domino
344 4731 457 4771 servus.
473 4714 556 4772 Unde
568 4719 597 4772 et
611 4713 763 4788 aliquibus
785 4715 957 4774 retinaculis
984 4734 1034 4775 cu·
1089 4723 1179 4794 cujus
1193 4721 1370 4791 orationem,
1384 4721 1457 4796 quia
1471 4720 1574 4778 divina
1588 4716 1852 4794 pietasexaudirit,
1866 4725 1901 4768 eo

204 4801 383 4877 piensbunc
401 4802 520 4860 sibimet
542 4803 639 4860 facere
665 4803 788 4862 firmum
812 4807 841 4864 81
862 4805 970 4877 fidum,
992 4807 1034 4864 vl-
1087 4812 1158 4869 dem
1183 4815 1338 4869 momento
1368 4811 1647 4868 misericordissime
1673 4807 1824 4883 patefecit.
1843 4806 1900 4861 11811

204 4892 298 4950 duam
309 4893 515 4966 juvenculam,
528 4892 696 4950 secundum
710 4893 807 4950 carnis
821 4894 913 4967 hujus
934 4901 1033 4970 putre-
1087 4918 1158 4959 eum
1172 4899 1344 4975 etipseprae
1358 4900 1473 4958 tristitia
1489 4899 1701 4968 obdormisset,
1722 4899 1769 4956 vir
1796 4893 1901 4970 quidem

204 4981 317 5050 dinem
333 4981 511 5054 speciosam,
527 4997 620 5055 quam
633 4980 751 5055 reliquit
775 4999 938 5040 conservus
967 4986 1032 5058 ejus
1086 4989 1388 5065 pulcherrimusante
1403 4987 1516 5046 lectum
1526 4988 1710 5063 quiescentis
1725 4979 1900 5053 astabatqui

204 5069 322 5143 absque
348 5069 480 5127 filiorum
509 5069 726 5143 procreatione,
748 5070 779 5127 in
806 5072 1032 5132 matrimonium
1085 5079 1205 5148 baculo,
1219 5096 1311 5154 quem
1326 5095 1420 5137 manu
1435 5079 1583 5150 gestabat,
1604 5079 1683 5136 latus
1710 5079 1778 5150 ejus
1803 5084 1900 5150 percus

203 5157 244 5214 tui
255 5157 424 5232 temptabat
436 5158 560 5216 sociare.
578 5161 676 5225 Quam
690 5175 830 5232 renuens,
853 5166 941 5232 sorte,
969 5180 1031 5221 non
1087 5170 1135 5238 sit,
1150 5169 1253 5226 dicem
1270 5187 1276 5225 :
1293 5188 1309 5224 ‹
1324 5171 1417 5241 surge
1432 5174 1461 5227 et
1481 5169 1559 5227 vade
1573 5167 1612 5225 ad
1628 5167 1788 5225 ecclesiam
1812 5158 1901 5220 beds-

203 5252 313 5315 mente,
346 5247 482 5319 captivus
512 5248 669 5323 respondit
703 5249 827 5308 dicens:
866 5255 1031 5312 «Uxorem
1085 5254 1154 5310 simi
1167 5253 1308 5328 martyris
1322 5253 1546 5324 Emmerammi,
1562 5268 1625 5326 quo
1638 5256 1667 5309 te
1699 5252 1809 5310 iterum
1832 5247 1901 5304 deso

202 5334 368 5406 legitimam
381 5335 412 5391 in
426 5337 523 5409 patria
544 5338 660 5411 reliqui,
690 5355 760 5395 cum
791 5356 846 5414 pro
866 5341 1031 5401 innumeris
1084 5343 1161 5401 visti.
1175 5367 1189 5394 »
1205 5344 1259 5400 cui
1272 5343 1318 5400 vir
1333 5359 1423 5400 senex
1438 5341 1612 5418 respondit:
1639 5363 1653 5394 «
1669 5337 1832 5407 Quomodo
1852 5333 1901 5388 sint

203 5424 347 5482 meisbuc
362 5423 495 5482 traderer
515 5427 655 5500 peccatis.
673 5449 687 5479 a
716 5431 800 5485 Nunc
826 5445 898 5502 ergo
926 5447 961 5489 ea
989 5433 1031 5489 vi·
1085 5433 1228 5491 alimento
1236 5437 1279 5492 tot
1287 5432 1650 5506 terrarumignotaspatia
1657 5421 1901 5505 perambulabat·

239 5602 780 5678 (telttecexrtribonehaustesunt.
998 5522 1112 5581 Now·

1114 5612 1252 5686 (81111188
1276 5617 1305 5672 81
1328 5613 1485 5688 8888811118
1498 5611 1590 5684 hujus
1603 5609 1709 5686 capitis
1721 5623 1762 5680 ex
1776 5603 1900 5664 aribone
