3996 6178
83 206 150 260 uer
552 169 554 173 ’
834 203 1043 264 rossanen.
1607 187 1612 196 ’
1728 219 1799 274 rere

116 329 161 386 Ad
173 335 212 398 ta,
226 332 327 386 sancte
341 329 434 394 Petra,
451 327 561 398 gaudia
572 344 685 400 magna
700 328 808 387 terens.
931 336 954 387 rt
969 332 1026 388 Neo
1040 347 1128 388 mora
1141 331 1179 388 sit
1192 331 1317 388 senibus
1333 332 1444 391 celeres
1457 334 1517 391 hue
1530 336 1649 395 tendere
1663 353 1797 416 gressus,

80 419 132 474 Hic
147 419 177 474 in
198 423 324 491 utroque
338 417 404 474 loco
416 421 442 474 te
457 416 519 473 vult
531 417 643 490 pollere
658 423 834 492 patronum,
1004 414 1165 478 Unanimes¹
1179 421 1290 495 pariter
1304 438 1367 495 quo
1378 438 1577 496 properemus
1591 423 1655 482 iter.

116 509 159 563 Tu
173 506 214 562 sis
229 505 340 564 auxilio
354 505 424 561 huic
436 505 467 560 in
481 509 610 579 utroque
625 505 704 564 loco.
968 507 1014 565 Ad
1027 508 1158 584 tratrem,
1173 512 1226 584 qui
1237 510 1312 568 lorte
1324 513 1431 584 jacens
1451 529 1506 587 per
1521 513 1638 570 somnia
1653 517 1762 590 stertet,

80 596 225 665 Gaudeat,
238 593 374 652 haeredes
389 594 512 668 studuit,
528 597 611 670 quod
625 597 738 654 habere
755 591 913 671 perennes,
1004 598 1140 655 Carmine
1153 598 1311 657 dulcisono
1323 616 1404 659 nunc
1419 606 1593 675 prosperate
1608 601 1711 660 domo.

117 685 231 743 Praedia
244 683 388 758 quodque
400 699 493 741 sacrae
508 685 632 743 contulit
648 685 795 744 Ecclesiae.
969 686 1095 758 Evigilat
1106 704 1188 745 nunc
1202 706 1292 747 omne
1318 691 1403 763 quod
1426 695 1482 762 est,
1512 691 1585 765 quia
1598 695 1688 749 natus
1712 692 1800 750 adest

83 773 175 844 Cujus
186 772 225 831 ad
241 773 419 847 obsequium
438 773 506 831 laus
527 791 589 831 non
604 773 688 832 sileat
711 773 762 848 pia
776 773 912 832 fratrum.
1662 783 1762 854 [Deus.

119 865 245 920 Ometur
258 863 405 936 templum
416 864 504 935 quus
515 863 555 921 ad
567 863 760 938 obsequium.
1003 867 1055 934 Tu,
1071 864 1170 934 irater,
1183 867 1265 923 solus
1277 884 1330 924 our
1343 869 1470 928 recubas
1482 870 1650 928 domibus?

81 954 169 1008 Grate
185 968 285 1010 comes
301 952 406 1012 Christi
425 969 462 1010 ne
476 953 565 1022 desis,
582 957 692 1011 sancta
711 953 806 1021 Geori,
967 953 1113 1011 'turmula
1128 953 1253 1011 caelestis
1262 957 1328 1027 jam
1342 957 1422 1014 venit
1436 959 1564 1017 etohvia
1580 960 1672 1030 testis,

118 1042 147 1098 Si
160 1042 241 1100 coelis
252 1047 388 1100 nostram
403 1043 480 1102 adde
496 1044 649 1117 precando
664 1059 795 1117 precem.
1004 1043 1088 1100 Hune
1102 1058 1197 1114 genus
1208 1059 1298 1101 omne
1324 1046 1455 1104 hominis
1481 1063 1563 1105 nunc
1591 1050 1672 1107 canit
1697 1049 1728 1107 in
1742 1065 1798 1124 po·

83 1135 146 1202 Fer,
162 1132 285 1202 Kiliane,
300 1148 432 1206 precem,
449 1133 474 1189 si
489 1133 578 1206 digne
593 1133 758 1206 poscimus,
773 1148 878 1190 aurem
1213 1209 1217 1216 Ι
1661 1139 1761 1212 [pulis.

118 1221 163 1278 Ad
173 1221 279 1280 Christi
289 1226 425 1279 nostram
438 1221 491 1291 ier,
513 1221 636 1293 Kilistra
656 1239 786 1298 precem.
968 1222 1061 1292 Surge
1075 1221 1150 1278 citus
1165 1223 1264 1293 frater,
1281 1222 1370 1281 irater
1389 1240 1473 1280 mors
1485 1229 1514 1280 et
1540 1241 1662 1300 quoque
1688 1229 1796 1286 somni.

82 1312 129 1369 Sis
143 1314 241 1369 Cesar
255 1311 365 1384 dignus
377 1312 486 1369 sanctis
508 1316 537 1368 et
551 1311 680 1369 amabile
695 1312 806 1385 pignus
1002 1312 1094 1382 Perge
1108 1327 1212 1368 comes
1227 1311 1325 1380 sociis,
1342 1315 1371 1369 et
1385 1327 1582 1386 properemus
1599 1314 1697 1386 aquis.

119 1401 266 1458 Coelorum
282 1401 357 1472 regi,
372 1403 469 1459 Caesar
483 1401 624 1472 amande,
636 1401 715 1458 veni.
966 1401 1067 1470 curre,
1080 1415 1164 1474 puer,
1179 1417 1271 1473 nune,
1284 1418 1380 1474 curre,
1396 1418 1482 1476 puer,
1496 1418 1579 1459 nunc
1593 1402 1705 1475 tingere
1719 1404 1798 1476 lym-

82 1492 182 1547 Coesar
194 1490 345 1547 amandus
357 1490 451 1562 adest,
465 1489 579 1547 hostilis
595 1490 677 1548 lraus
691 1489 779 1547 cadat
802 1489 910 1547 omnis.
1673 1493 1761 1566 lphis,

119 1581 203 1634 Nunc
216 1578 304 1635 timor
319 1579 417 1634 omnis
432 1579 527 1646 abest,
546 1581 644 1636 cesar
654 1579 804 1636 amandus
816 1578 911 1635 adest.
1002 1583 1039 1636 Te
1053 1579 1159 1651 Tegrin
1175 1595 1284 1636 somno
1300 1581 1425 1638 suscitat
1437 1581 1501 1654 ipse
1516 1581 1582 1638 Sec.

82 1670 201 1724 Portent
213 1669 377 1738 gaudentes
391 1673 505 1724 cunctae
521 1684 578 1725 sua
597 1684 723 1726 munera
739 1671 841 1740 gentes
928 1694 948 1748 Β
966 1672 1061 1741 ilerge
1074 1669 1159 1726 dolos
1170 1670 1268 1726 somni
1284 1668 1372 1741 gelidi
1384 1669 1441 1726 sub
1451 1670 1568 1741 gurgite
1578 1670 1673 1744 ponti,

120 1761 258 1828 congrua
271 1758 352 1814 dona
364 1758 430 1828 sibi,
447 1761 544 1815 Cesar
555 1758 696 1830 amande,
713 1759 775 1815 tibi.
1002 1758 1200 1832 Abluiturque
1214 1759 1309 1830 nelos,
1324 1759 1408 1832 quod
1424 1759 1512 1816 trehit
1527 1759 1566 1816 ad
1581 1760 1730 1817 tenebras.

83 1849 142 1902 Nos
157 1846 209 1902 tibi
223 1861 278 1918 pro
294 1846 417 1902 modulo
431 1851 588 1920 portamus
599 1863 725 1904 munera
745 1847 859 1904 Christo
968 1848 1093 1904 hetheus
1108 1847 1260 1905 internum
1274 1849 1398 1923 eupiunt
1425 1848 1609 1922 baptismata
1636 1849 1797 1917 Christum,

121 1937 238 1991 Pectore
250 1934 290 1992 ab
302 1935 411 2004 exiguo
420 1952 476 1992 uos
490 1935 543 1992 tibi
556 1952 611 2009 pro
626 1936 759 1992 modulo.
1003 1937 1059 2003 Qui
1083 1937 1165 1992 bunc
1186 1936 1298 2009 patitur
1325 1936 1478 2006 morbum,
1503 1952 1567 1993 non
1582 1936 1718 2010 sequitur
1740 1940 1795 1994 llo-

85 2023 225 2079 Solamen
239 2022 346 2092 flentis,
362 2023 464 2080 lumen
479 2024 519 2080 sis
533 2024 608 2080 lueis
620 2025 743 2095 egentis,
1621 2024 1760 2097 [minum.

121 2115 152 2166 El
168 2113 257 2185 stipes
268 2111 391 2180 (alaudis,
408 2127 468 2168 una
481 2112 562 2168 salus
577 2113 669 2186 inopi.
1349 2117 1414 2171 XVl.

82 2202 119 2256 Te
135 2205 223 2256 vocat
237 2201 347 2256 auxilio
362 2201 598 2275 muherprivata
614 2202 732 2272 marito,
767 2209 772 2222 ’
965 2205 1016 2260 Ad
1039 2205 1070 2262 S.
1102 2203 1314 2260 Godelerdum
1329 2203 1465 2260 abbatem
1484 2198 1721 2274 Tepc‘msensem,
1749 2204 1800 2260 cui

119 2289 277 2362 orphanus
290 2294 380 2364 atque
396 2307 451 2346 suo
467 2296 494 2348 te
508 2297 597 2348 vocat
611 2291 732 2348 auxilio.
1078 2309 1145 2349 cum
1161 2293 1275 2348 ceteris
1286 2292 1439 2361 fratribus
1455 2292 1526 2349 bene
1536 2297 1690 2363 precatur.

84 2381 105 2434 0
121 2378 248 2434 nimium
262 2378 358 2447 tortis,
371 2395 463 2451 quem
477 2379 578 2435 nullus
593 2380 705 2437 territat
715 2381 820 2448 bostis,
967 2380 1070 2440 Nobile
1085 2381 1260 2452 gauderem,
1276 2381 1301 2436 si
1315 2379 1432 2448 scirem,
1445 2380 1544 2436 dicere
1557 2394 1690 2448 carmen,

119 2469 210 2538 Cuius
222 2471 251 2524 et
264 2467 424 2540 imperium
437 2484 498 2524 non
508 2469 615 2525 retinet
629 2468 770 2542 spatium.
967 2471 1117 2529 iratribus
1127 2469 1310 2527 omnimodis
1326 2468 1507 2526 salutamina
1524 2469 1640 2526 mittere
1655 2467 1763 2526 vellem

86 2556 222 2612 Ecclesia
239 2555 375 2612 stabilem
394 2557 433 2612 ler
447 2573 501 2630 per
516 2559 565 2612 tua
578 2560 713 2630 tempora
726 2572 843 2630 pacem,
966 2560 1072 2627 Qualia
1082 2557 1242 2633 psallentes
1252 2558 1492 2632 mirarenturque
1503 2557 1645 2628 legentes.

120 2647 214 2718 Atque
228 2644 279 2700 llei
292 2643 415 2700 landem
430 2643 568 2700 Ecclesiae
580 2645 728 2701 stabilem.
966 2649 1069 2707 abbas
1085 2663 1154 2707 ecce
1166 2665 1265 2718 meus,
1281 2662 1407 2705 necnon
1422 2651 1519 2704 vester
1534 2646 1734 2717 Gotahardus,

85 2733 176 2805 Copia
189 2748 226 2790 ne
238 2731 329 2788 rebus
345 2731 421 2789 desit
433 2748 494 2806 pax
509 2737 599 2806 atque
614 2733 721 2790 diebus
968 2741 1062 2798 Omne
1077 2738 1205 2808 bonum,
1216 2737 1301 2812 quod
1312 2737 1426 2794 dilectis
1441 2736 1508 2806 sibi,
1522 2736 1650 2795 mandat
1674 2735 1796 2792 amoris.

83 2827 229 2896 Tempora
242 2821 334 2892 longa
346 2826 397 2879 tuo
411 2822 462 2879 det
475 2821 582 2878 Christi
600 2823 722 2882 dextera
736 2839 839 2895 regno,
967 2827 1094 2886 Mitlihus
1109 2831 1142 2884 ut
1156 2831 1241 2900 pater
1250 2829 1304 2898 ost,
1320 2830 1349 2883 et
1362 2825 1579 2900 blandiloquus
1595 2825 1639 2882 uti
1660 2824 1761 2895 irater,

121 2911 238 2968 Differat
253 2915 281 2967 et
295 2915 365 2967 voto
381 2915 516 2984 tempora
531 2911 623 2982 longa
636 2917 697 2969 tuo.
968 2915 1190 2989 consociosque
1205 2931 1300 2984 meos,
1313 2915 1367 2988 qui
1379 2918 1508 2987 turgent,
1524 2915 1630 2972 acriter
1644 2915 1739 2984 urget.

83 3000 264 3073 Prosperitas
279 2999 366 3055 detur
378 2998 509 3073 populis,
523 2999 575 3056 tibi
590 3000 809 3074 multiplicetur.
927 3043 948 3098 c
968 3008 1067 3062 irater
1081 3004 1265 3074 Eroumund,
1280 3004 1421 3078 quamvis
1436 3020 1498 3061 non
1517 3003 1608 3076 digne
1620 3005 1744 3060 vocatus

118 3089 161 3147 ld
174 3090 318 3146 mandata
331 3089 381 3146 Dei
393 3092 512 3162 pectore
527 3089 567 3146 sis
584 3090 682 3147 celeri,
967 3097 1113 3153 Centenas
1124 3093 1233 3163 decies,
1245 3092 1340 3150 milies
1353 3109 1484 3166 quoque·
1493 3093 1613 3150 salutes.

83 3183 200 3237 Munere
212 3177 368 3252 multiplici
383 3182 482 3235 tecum
498 3177 535 3234 sit
548 3179 643 3249 gratia
658 3180 777 3248 Christi,
967 3182 1085 3240 Dilectis
1100 3182 1238 3251 Domino,
1251 3181 1361 3254 pariter
1374 3185 1538 3254 sanctoque
1552 3179 1685 3247 Quirino.

118 3271 154 3324 Te
165 3267 336 3341 repleatque
352 3266 399 3322 sui
411 3281 536 3324 munere
551 3267 716 3341 multiplici.
967 3271 1084 3330 Gaudia
1095 3272 1250 3345 praesentis
1264 3271 1329 3327 vita
1344 3274 1426 3328 sator
1439 3275 1528 3344 atque
1543 3269 1650 3325 luturae

83 3358 208 3415 Brachia
224 3357 399 3431 sampsonis
412 3357 464 3414 tibi
475 3358 567 3415 donet
579 3365 607 3414 et
620 3375 654 3415 os
662 3359 839 3428 Salomonis,
966 3364 1082 3431 Augeat
1094 3359 1225 3418 invobis
1238 3374 1357 3432 pacem,
1377 3358 1549 3431 tribuatque
1559 3356 1691 3430 quietem

120 3445 252 3502 Absalon
266 3445 383 3514 faciem,
397 3445 464 3514 iob,
484 3445 644 3520 danielque
665 3439 768 3504 iidem.
967 3449 1094 3507 Numine
1109 3453 1217 3506 cuncta
1231 3465 1286 3506 suo
1299 3448 1431 3523 depellat
1444 3435 1667 3518 tristia‘sancto,

85 3534 181 3590 Gloria
195 3533 322 3606 lausque
335 3533 395 3590 [leo
410 3533 472 3590 nati
487 3535 648 3592 comitante
663 3538 785 3608 tropaeo.
968 3537 1112 3605 Quamvis
1128 3537 1292 3595 multorum
1304 3537 1478 3610 quatiamur
1491 3536 1570 3593 mole
1586 3534 1745 3592 malorum.

903 3669 910 3682 .
967 3630 1007 3684 lle
1022 3627 1068 3684 bis
1083 3642 1227 3702 superum
1241 3626 1404 3684 Dominum
1424 3625 1589 3697 rogitemus
1615 3640 1684 3681 rum
1712 3638 1801 3697 prece

527 3755 533 3767 .
1587 3711 1762 3784 [Christum,

241 3802 277 3857 In
292 3801 447 3857 duodecim
460 3801 609 3870 apostolos
622 3802 750 3858 ,Domini
967 3807 1003 3861 Ut
1016 3805 1093 3860 Deus
1108 3803 1300 3876 omnipotens
1315 3802 1397 3859 mala
1412 3803 1511 3875 pellat,
1526 3817 1673 3874 prospera
1683 3800 1799 3857 reddat.

85 3891 219 3947 Ecclesia
234 3894 335 3946 Petrus
351 3889 406 3946 lert
420 3888 618 3946 fundamenta
628 3889 745 3946 beatus.
966 3895 1004 3949 Te
1018 3891 1193 3948 veneranda
1206 3907 1326 3959 manus,
1339 3889 1487 3961 senioque
1500 3890 1763 3956 detritaseneetus‚

86 3981 156 4036 Paul
162 3997 196 4036 us
212 3981 251 4036 ad
264 3979 384 4051 ignotas
400 3979 518 4036 devexit
532 3979 647 4035 semina
664 3984 768 4036 terras.
967 3982 1077 4039 Omnes
1087 3979 1280 4054 presbyteros
1294 3993 1441 4051 versuque
1456 3977 1554 4034 saluto
1569 3977 1626 4032 sub
1640 3991 1712 4032 uno.

84 4071 215 4126 Andreas
229 4070 325 4126 erucis
339 4069 449 4126 invexit
463 4069 603 4126 vexillula
620 4069 733 4126 Patras.
968 4070 1059 4141 Wigo,
1076 4072 1254 4140 Perngerus,
1268 4066 1422 4134 Gundroh‚
1446 4082 1500 4122 seu
1521 4066 1631 4124 charus
1660 4064 1769 4123 Othoru
1779 4083 1797 4120 t.

84 4159 239 4232 Pelpando
251 4159 356 4233 plagas
370 4159 490 4216 detersit
504 4159 629 4216 vulnera
643 4160 786 4216 Thomas.
968 4159 1088 4217 Fortites
1102 4161 1132 4214 at
1145 4154 1275 4225 valeant,
1291 4159 1321 4212 et
1334 4155 1428 4212 vitam
1441 4159 1575 4228 tempore
1590 4155 1725 4226 longam.

84 4250 169 4305 Hiero
179 4265 233 4322 per
244 4248 390 4304 iacobum
407 4246 540 4304 salvatur
554 4264 628 4319 gens
644 4247 845 4322 solymorum.
967 4254 1000 4308 Et
1013 4248 1144 4306 Cotafrid
1159 4248 1189 4305 in
1200 4246 1247 4303 his
1264 4246 1353 4304 simul
1365 4251 1408 4304 est
1423 4246 1495 4304 mihi
1506 4247 1635 4304 scribere
1648 4246 1763 4320 calvus,

84 4339 182 4395 (traria
195 4343 280 4410 grata
294 4339 344 4394 Dei
361 4353 452 4410 super
464 4353 569 4394 omnes
581 4353 649 4394 ecce
663 4339 794 4394 ioannis.
967 4337 1128 4398 Candidior
1140 4335 1245 4409 cignis,
1260 4335 1435 4394 nutriatvos
1450 4337 1593 4411 temporis
1607 4340 1681 4394 retas

85 4430 120 4484 Ut
134 4427 263 4483 tenebris
280 4426 397 4482 lichnus
412 4425 584 4496 fulgescitet
595 4441 646 4482 ore
656 4427 821 4500 Philippus.
929 4400 950 4455 ⁰
967 4427 1079 4488 Saecula
1089 4426 1268 4500 perducens,
1283 4427 1406 4484 tandem
1421 4427 1599 4502 superisque
1614 4442 1773 4484 recensens
1790 4443 1797 4494 ;

84 4514 292 4572 Bartholomaei
306 4513 419 4571 meritis
435 4513 644 4570 tenebrescens
659 4514 743 4571 lndia
754 4514 861 4572 cernis.
967 4521 1000 4576 Et
1007 4519 1154 4590 juvenum
1165 4516 1238 4572 mihi
1250 4516 1413 4574 consimilis
1428 4520 1461 4573 tu
1473 4516 1605 4574 turmula
1615 4514 1716 4589 possis

85 4607 210 4661 Summa
238 4604 359 4662 llathree
382 4603 468 4676 petis,
495 4619 564 4659 oum
588 4608 685 4660 terrea
715 4604 799 4661 lucra
822 4603 911 4661 relin·
965 4612 1069 4682 AEque‚
1082 4622 1195 4680 vosque
1210 4623 1304 4676 meos,
1320 4621 1397 4682 quos
1412 4621 1496 4663 raros
1506 4621 1570 4662 esse
1585 4604 1733 4660 dolemus.

787 4693 873 4766 [quis.
965 4697 1031 4753 Ahl
1048 4696 1104 4754 ahl
1118 4711 1200 4753 mors
1214 4695 1314 4768 rapuit
1323 4693 1679 4768 quosdam‚quoquevita
1688 4689 1796 4748 beavit.

84 4783 224 4853 Arlaxen,
240 4787 411 4855 Zaroenque
425 4781 528 4839 Simon
542 4789 574 4839 tu
588 4781 707 4839 Perside
727 4782 842 4839 sternis.
966 4790 1113 4861 sospem,
1125 4785 1215 4843 uthic
1228 4784 1349 4842 valeant
1362 4800 1369 4838 ε
1382 4781 1479 4839 astilli
1490 4783 1531 4838 im
1543 4797 1618 4856 paee
1628 4780 1794 4854 quiescant.

84 4872 181 4930 Corda
214 4871 349 4943 maligna
388 4870 476 4940 dolis,
511 4871 679 4945 eademque
708 4872 834 4930 Tbadaee
864 4887 911 4928 re-
942 4878 1090 4945 .Salvote‚
1104 4875 1199 4949 pueri,
1215 4873 1308 4930 sancti
1325 4871 1491 4946 famulique
1507 4871 1644 4941 Quirini3

733 4961 874 5034 [stringis
966 4972 1049 5025 Nunc
1064 4968 1195 5038 superet
1208 4962 1315 5019 subtus
1331 4977 1385 5019 vos
1400 4961 1529 5030 osculor,
1556 4959 1665 5034 inclyte
1692 4965 1796 5018 ooetus.

83 5050 219 5107 Ecclesiae
235 5053 337 5107 Sancta
351 5047 522 5105 numeraris
543 5053 621 5105 totle
633 5051 748 5108 Mathia.
966 5055 1113 5115 Omnibus
1123 5057 1156 5108 ut
1169 5050 1256 5108 vobis
1267 5050 1325 5107 sim
1337 5049 1426 5120 filius,
1447 5053 1500 5107 aut
1515 5064 1603 5119 mage
1616 5065 1728 5106 servus.

83 5137 269 5196 Prudentum
282 5139 391 5195 chorus
404 5136 579 5208 ingreditur,
596 5144 698 5196 manet
707 5140 909 5214 insipientum.
966 5147 1028 5202 Hoc
1040 5157 1146 5217 precor
1160 5141 1308 5198 inclinans
1321 5141 1448 5214 vultum,
1465 5155 1527 5197 non
1542 5143 1641 5196 mente
1667 5139 1797 5213 superba
1898 5151 1901 5160 ·

84 5229 251 5286 dulciculas
266 5227 372 5287 Christi
387 5243 461 5300 cape
474 5226 541 5284 vitoe
553 5228 648 5299 Janua
660 5244 796 5302 sponsas.
966 5237 1008 5291 lle
1033 5229 1173 5307 precibus
1185 5229 1291 5287 vestris
1307 5230 1500 5302 commendo,
1515 5228 1621 5286 concio
1637 5232 1751 5286 saneta.

82 5318 274 5392 Supplicibus
284 5318 425 5375 miserere
441 5316 509 5387 tuis,
524 5331 576 5372 rex
591 5316 714 5386 christe,
731 5320 865 5392 popellis.
1345 5320 1434 5376 XVll.

349 5408 351 5414 ’
473 5409 526 5464 XV.
985 5410 1021 5467 In
1034 5409 1132 5479 fitium
1147 5408 1244 5466 uiduae
1253 5407 1434 5476 Noimtticae,
1464 5402 1671 5465 aceretae·
1756 5421 1779 5456 ’τ

245 5497 282 5552 lu
292 5497 401 5554 Notati
408 5496 538 5563 Domini,
555 5501 581 5552 et
596 5495 753 5566 baptismo.
1270 5498 1489 5556 resuscitatum.

84 5587 107 5644 Ο
121 5585 205 5654 socii,
221 5585 261 5654 io,
275 5584 324 5642 iol
341 5585 431 5652 cives,
443 5585 610 5640 concurrite
624 5583 723 5640 cuncti
968 5587 1098 5646 Plurima
1112 5602 1182 5644 cum
1193 5585 1337 5644 Dominus
1351 5587 1471 5645 lecisset
1482 5586 1569 5658 signa
1582 5601 1636 5660 per
1650 5585 1765 5654 orbem,

120 5676 266 5733 Paruulus
279 5679 307 5732 et
320 5675 462 5749 populus,
478 5689 608 5745 magnus
620 5674 721 5732 adeste
734 5674 853 5734 chorus.
968 5679 1051 5735 lianc
1064 5675 1169 5735 urbem
1185 5691 1346 5751 properare
1358 5676 1570 5750 volens‚quam
1583 5674 1797 5748 nomineltaim
