3998 6176
188 139 241 194 203
305 187 311 194 ,
626 199 632 207 ,
713 125 742 180 S.
764 121 932 180 satanan
950 117 1191 210 mantuanus
1207 116 1373 175 EPlSCOPI.
1850 121 1908 176 264

155 296 160 304 »
187 245 219 318 ἰιι
229 254 438 316 vadimonium
453 253 592 326 ponatur.
608 247 723 305 Etenim
743 245 902 303 saeculares
913 260 1015 319 perso·
1033 241 1155 316 apusri
1168 239 1287 316 parvrdi
1301 255 1392 314 super
1415 237 1556 296 eamdem
1571 255 1674 298 arcam
1688 239 1907 312 ascenderunt,

188 365 236 405 nas
256 345 389 403 debitam
404 338 599 398 reverentiam
615 336 708 394 sacris
716 335 866 410 mysteriis
882 333 1021 390 nesciunt
1073 333 1128 406 qui
1152 331 1230 388 illico
1248 329 1280 386 in
1299 328 1462 388 amentiam
1481 329 1558 386 versi
1578 334 1668 398 sunt;
1695 329 1746 386 sed
1768 335 1797 387 et
1815 347 1908 388 canes

187 427 527 508 impendere,qu0niam
541 426 675 483 hicnsns
690 427 805 482 nonest
818 423 861 480 eis
877 421 1020 479 commis·
1073 421 1148 478 forte
1169 420 1375 492 ascenderant,
1391 423 1420 476 et
1442 418 1474 475 in
1498 419 1616 476 rabiem
1640 418 1754 478 efferati
1774 419 1907 478 fuerunt.

189 542 249 582 sus.
270 526 403 580 Fortasse
426 521 527 575 autem
552 515 724 587 coningere
751 517 849 588 potest
873 515 906 568 ut
925 526 1020 586 prope
1076 509 1172 567 Sensit
1195 508 1337 567 dominus
1363 506 1506 565 ultionem
1529 507 1663 565 dianam
1682 525 1748 566 essa
1766 523 1802 565 eo
1823 509 1910 582 quod

187 629 290 672 arcam
313 610 361 667 vel
385 609 416 665 in
440 624 477 665 ea
491 606 583 664 domo
612 607 644 661 in
663 621 726 679 qna
744 618 818 660 vasa
843 599 1021 660 abscondita
1074 616 1148 656 vasa
1167 603 1295 670 sacrata,
1310 615 1372 655 non
1387 597 1433 654 bis
1448 597 1624 673 deputanda
1637 598 1711 656 locis
1733 597 1781 656 vel
1794 600 1907 673 pactis,

188 706 267 770 sunt,
278 699 504 758 committantur
517 694 663 752 adulteria
675 698 704 751 et
717 691 930 751 fornicationes
942 693 971 747 at
985 705 1021 746 ea
1074 705 1130 764 pro
1135 689 1367 748 accommodata
1380 688 1509 763 pecnnia
1522 688 1702 763 accepisset;
1715 688 1909 764 nimiumque
1989 745 1990 752 ,

189 789 315 849 crimina
328 805 395 862 quse
407 787 484 843 bam
503 783 554 842 Dei
567 786 742 858 provocent.
760 785 834 839 Nam
849 796 920 837 cum
933 778 965 836 in
978 777 1025 834 hi.
1074 779 1247 852 perterritus
1261 778 1336 851 iugit
1349 777 1387 836 ad
1401 777 1568 850 ecclesiam,
1584 778 1658 852 quid
1673 779 1786 836 iactum
1809 779 1911 836 iuerat

188 880 280 938 storia
298 881 414 948 Regum
432 874 560 946 legimus
575 875 678 943 Onam,
692 887 728 928 eo
743 870 826 945 quod
839 867 1020 927 calcitranti-
1075 866 1217 926 omnibns
1235 865 1394 932 intimarit,
1409 869 1438 922 et
1453 881 1539 924 sacra
1553 881 1629 923 vasa
1648 865 1828 940 quantocius
1843 883 1863 924 a
1878 882 1910 924 sc

188 971 246 1028 bus
262 968 360 1026 bobus
374 981 479 1024 arcam
493 963 611 1021 Domini
620 961 756 1032 tetigerit,
772 959 851 1017 illico
860 958 1020 1027 interiiss03
1075 956 1184 1027 emisit,
1199 972 1262 1015 non
1276 955 1385 1014 minori
1405 956 1565 1014 formidine
1589 972 1682 1031 quam
1697 956 1770 1015 olim
1782 957 1911 1014 Philistii

189 1064 218 1118 et
231 1059 263 1116 in
273 1057 400 1116 Levitico
414 1057 600 1128 praeceptum
616 1051 652 1108 sit
666 1055 766 1108 Aaron
780 1053 808 1106 et
820 1049 889 1106 filiis
904 1049 1021 1120 ejusne
1075 1061 1177 1103 arcam
1191 1045 1311 1102 ioederis
1334 1045 1453 1103 Domini
1474 1049 1596 1120 propter
1617 1045 1826 1102 imminentem
1845 1046 1910 1102 cla-

189 1148 393 1224 permitterent
405 1143 473 1200 liliis
500 1142 592 1201 Caath
613 1156 687 1198 vasa
708 1138 870 1196 sanctuarii
885 1138 961 1195 ferra
972 1136 1020 1193 vel
1074 1135 1144 1192 dem
1160 1151 1178 1192 a
1192 1151 1223 1191 se
1236 1134 1424 1209 expulerunt.
1439 1135 1510 1202 Quoe
1532 1151 1581 1192 res
1601 1135 1678 1192 adeo
1693 1140 1778 1192 terrae
1790 1135 1910 1192 incolas

189 1232 472 1309 magaranciatis
499 1231 630 1305 perirent
653 1227 810 1286 demedio
836 1227 1018 1294 teritorum
1074 1224 1223 1292 extermit,
1255 1229 1288 1281 ut
1315 1224 1533 1282 sceleratiorem
1561 1224 1697 1299 quolibet
1725 1223 1910 1282 indololatra

189 1323 344 1400 quomoda
359 1319 450 1380 audet
463 1319 615 1394 quispiam
639 1321 722 1376 extra
748 1315 911 1374 Ecclesiam
931 1331 1020 1372 snam
1073 1315 1236 1389 praedicent
1250 1314 1302 1388 qai
1315 1330 1403 1372 sacra
1414 1330 1487 1371 vasa
1500 1314 1642 1389 deinceps
1657 1314 1689 1371 in
1696 1314 1909 1372 vadimonium

190 1414 379 1486 orrincunque
392 1409 611 1484 percomesus
624 1407 732 1465 clerico
748 1406 810 1462 sive
831 1404 919 1475 laico,
934 1420 1019 1461 aram
1073 1404 1207 1478 posuerit
1219 1403 1267 1459 vel
1282 1403 1439 1476 acceperit,
1460 1401 1613 1476 Perpende
1631 1418 1703 1475 ergo
1718 1407 1833 1476 quanta
1847 1399 1910 1458 cul·

190 1503 295 1563 Christi
308 1500 356 1558 vai
371 1499 542 1575 sepulcrum
565 1499 631 1570 ejus
645 1497 676 1554 in
697 1495 908 1553 vadimonium
922 1493 1019 1550 darc?
1073 1507 1114 1565 pa
1129 1491 1168 1548 sit
1176 1507 1251 1549 vasa
1264 1491 1302 1550 de
1321 1490 1389 1548 sinu
1403 1489 1534 1548 ecclesie
1549 1505 1664 1564 rapere,
1676 1494 1705 1548 at
1717 1489 1909 1547 secularium

191 1591 268 1660 Quid
280 1590 360 1648 enim
373 1603 445 1646 crux
460 1586 582 1656 est,nisi
594 1584 781 1644 araChristi‘t
798 1587 830 1640 Et
845 1583 919 1656 quid
930 1581 1017 1652 calix,
1038 1609 1059 1664 B
1074 1579 1216 1636 manibus
1232 1579 1426 1638 committere.

189 1680 247 1737 nisi
259 1676 430 1754 sepulcrum
445 1676 583 1748 ejusdem
596 1673 715 1731 Domini
726 1673 840 1730 nostrii
855 1670 932 1738 Quid
945 1685 1017 1742 ergo
1109 1671 1239 1727 caveant
1251 1668 1353 1743 itaque
1367 1667 1481 1743 prelati
1495 1667 1631 1726 Ecclesiae
1646 1683 1684 1726 ne
1694 1685 1741 1726 res
1752 1667 1809 1726 sibi
1822 1685 1910 1726 com·

190 1786 275 1828 aram
300 1773 330 1825 et
354 1764 525 1840 sepulcrum
548 1763 580 1820 in
604 1762 811 1820 vadimonium
834 1761 929 1835 ponit,
948 1777 1018 1817 cum
1072 1757 1182 1815 missas
1205 1761 1234 1814 et
1258 1763 1430 1831 susceptam
1456 1773 1626 1832 pauperum
1647 1757 1908 1832 dispensationem

189 1859 267 1917 iuda
286 1856 435 1916 Christum
449 1852 572 1922 vendit;
592 1856 622 1909 et
635 1852 688 1925 qui
701 1850 733 1908 in
747 1850 955 1908 vadimonium
971 1865 1019 1906 ac·
1073 1847 1257 1919 negligenter
1266 1851 1437 1921 tractantes,
1449 1847 1604 1905 incurrant
1615 1847 1829 1906 detrimentum
1841 1847 1908 1906 ani·

190 1947 270 2020 cipit,
285 1961 355 2002 cum
370 1941 525 2012 militibus,
546 1956 584 1998 ne
608 1941 714 1998 Christi
729 1938 977 1997 resurrectionem
991 1942 1020 1996 et
1073 1953 1130 1993 me
1156 1953 1227 1993 sate.
1244 1935 1350 1992 Audivi
1374 1937 1454 1993 enim
1475 1934 1513 1994 de
1535 1935 1721 2011 quibusdam
1742 1936 1906 2012 episcopis,

191 2035 328 2108 gloriam,
356 2047 450 2107 quam
475 2031 514 2088 ad
540 2029 712 2105 sepulcrum
735 2029 852 2086 Domini
870 2029 1018 2098 viderant,
1073 2027 1189 2085 sicutin
1202 2026 1338 2100 quadm
1346 2025 1528 2100 epistolamc
1542 2025 1695 2101 scripsisse
1706 2025 1760 2084 tibi
1770 2027 1905 2097 memini,

190 2124 397 2200 praedicarent,
412 2119 573 2195 pecuniam
590 2135 609 2176 a
628 2118 779 2176 sceleratis
801 2117 910 2174 ludaeis
929 2116 1019 2173 susci·
1073 2116 1145 2189 quia
1168 2113 1324 2172 saecularia
1344 2130 1429 2171 arma
1451 2113 1698 2188 complectuntur,
1714 2119 1744 2171 ct
1762 2115 1905 2172 militares

191 2214 243 2288 pit.
260 2211 397 2284 Legimus
411 2225 532 2285 quoque
558 2208 589 2264 in
611 2207 731 2264 Daniele
752 2222 855 2279 regem
879 2206 1019 2279 gentilem
1073 2203 1906 2279 copiaspretioconducunl,ctaliasimilianequaquam

191 2302 354 2370 Baltbazar,
368 2316 404 2357 eo
418 2298 501 2372 quod
515 2296 546 2352 in
557 2296 647 2364 vasis,
662 2311 731 2370 quoe
745 2295 784 2352 de
798 2295 909 2370 templo
923 2293 1020 2352 Domi-
1073 2294 1117 2351 eis
1128 2293 1336 2352 convenientia
1345 2297 1521 2367 sequuntur.
1538 2296 1579 2350 Dc
1591 2293 1702 2367 quibus
1712 2309 1774 2350 non
1784 2309 1840 2366 ago
1851 2293 1906 2350 scd

191 2393 223 2449 ni
247 2395 332 2466 pater
354 2390 419 2462 ejus
440 2385 609 2455 sustulerat,
631 2385 807 2442 concubinis
829 2385 891 2442 suis
913 2388 1019 2458 potum
1073 2384 1237 2458 Propheta:
1260 2373 1427 2454 Principes,
1448 2383 1555 2458 inquit,
1580 2384 1672 2440 vestri
1693 2385 1766 2441 socii
1787 2385 1904 2455 surum,

190 2477 407 2546 ministraverit,
423 2476 522 2533 subito
545 2491 672 2533 manum
691 2475 885 2550 scriptantcm
897 2474 1017 2543 vidisse,
1073 2474 1126 2548 qui
1141 2473 1199 2530 sibi
1217 2473 1362 2531 creditam
1375 2473 1573 2532 Ecclesiarum
1592 2472 1792 2531 substantiam
1808 2473 1839 2530 in
1853 2491 1903 2530 su·

191 2575 221 2628 et
230 2569 267 2626 de
282 2567 434 2641 scripturae
446 2563 686 2637 interpretatione
699 2563 1019 2634 cognovissemortem
1072 2562 1225 2638 predictos
1248 2579 1322 2620 usus
1345 2561 1457 2620 nefarie
1480 2561 1648 2620 effundunt.
1673 2565 1778 2638 Spreta
1791 2563 1904 2637 quippe

188 2658 248 2716 ,sibi
262 2658 373 2714 instare
386 2659 415 2712 et
428 2653 609 2712 divisionem
622 2652 707 2724 regni
723 2653 778 2710 sui.
1073 2650 1236 2725 episcopali
1250 2649 1360 2721 officio,
1376 2669 1411 2710 ca
1426 2655 1657 2727 appetantque
1671 2652 1849 2710 omnimodo
1861 2652 1905 2709 iu·

227 2751 288 2820 Ego
314 2746 390 2820 ipsc,
410 2748 442 2801 ut
470 2743 508 2800 de
532 2741 730 2816 praesentibus
756 2739 874 2798 interim
900 2738 1018 2814 loquar,
1074 2754 1142 2808 gere
1155 2743 1313 2814 oporteret.
1329 2740 1411 2798 Unde
1425 2741 1551 2798 consilio
1570 2757 1640 2798 meo
1654 2740 1902 2816 praelatiquique

193 2853 288 2896 unum
302 2835 356 2892 tibi
369 2833 496 2891 breviter
510 2831 639 2905 exempli
653 2845 746 2888 causa
763 2829 916 2904 proteram
936 2828 1020 2902 qnod
1072 2827 1104 2885 in
1129 2833 1278 2902 quantum
1301 2828 1476 2902 prevalent,
1497 2845 1603 2886 omnes
1627 2846 1647 2888 a
1670 2845 1703 2886 se
1730 2829 1904 2886 occasiones

191 2941 289 2999 nuper
301 2923 414 2991 audivi,
427 2921 528 2979 nescio
543 2935 582 2978 an
597 2920 637 2977 ad
649 2925 676 2977 te
690 2935 812 2993 quoque
827 2916 1019 2990 iamaperve·
1073 2917 1240 2988 abscidant,
1257 2917 1367 2991 quibus
1390 2919 1551 2977 innumera
1572 2918 1686 2978 damna
1708 2917 1776 2976 tiliis
1797 2919 1858 2975 suis
1875 2923 1905 2975 et

192 3011 437 3073 nerit.Acciditin
447 3009 599 3068 Britannia
608 3009 716 3066 minori
725 3007 881 3082 quoddam
893 3005 1020 3064 miracu·
1073 3007 1163 3064 rebus
1175 3006 1381 3066 ecclesiasticis
1396 3008 1554 3082 provenire
1569 3008 1675 3078 solent,
1683 3013 1716 3067 nt
1729 3008 1804 3066 bene
1816 3007 1904 3064 mini-

193 3105 267 3162 lum.
279 3106 354 3161 Nam
365 3100 492 3175 quidam
503 3098 725 3156 nummularius
733 3113 807 3154 vasa
815 3094 952 3153 acclesiae
963 3094 1020 3152 sibi
1073 3101 1200 3154 strantes
1212 3097 1251 3154 ab
1265 3113 1302 3154 eo
1314 3096 1483 3155 mercedem
1499 3098 1644 3172 recipant‚
1660 3099 1744 3172 cuius
1758 3097 1902 3155 stlocum

193 3195 260 3254 loco
282 3190 446 3251 vadimonii
466 3190 498 3248 in
525 3206 595 3248 arcs
617 3187 747 3264 reposita
770 3186 923 3256 servabat;
947 3202 1021 3244 casn
1072 3189 1183 3256 tenent,
1197 3190 1227 3244 ct
1239 3186 1364 3258 vesana
1376 3187 1462 3262 sequi
1475 3187 1628 3246 deberent.
1644 3187 1723 3246 Vale.

855 3381 1246 3505 APPENDlX.

226 3603 386 3696 Eputcla
402 3602 640 3672 canonicorum
658 3597 932 3682 Cerceiensium,
950 3595 1154 3754 ῗίίᾴερανίἰ,
1173 3596 1350 3666 Guillelmt'
1363 3597 1459 3670 ducis
1472 3597 1662 3685 Aquitania
1674 3611 1707 3666 et
1720 3597 1868 3667 aliorum

929 3709 953 3774 p
968 3708 1167 3755 ammarum.

378 3834 545 3892 EPISTOLA
564 3833 642 3890 CXIV
660 3831 741 3903 [clim
761 3831 836 3902 Clll).
1072 3827 1170 3897 ratde
1179 3827 1245 3901 ipso
1256 3826 1360 3886 itinere
1369 3827 1529 3886 nobiscum
1540 3827 1904 3904 agens,conquerantibus

1071 3917 1840 3994 nosbispostabscessumejusmultanosapluribna
1849 3919 1903 3977 ad-

1071 4023 1159 4066 versa
1173 4023 1327 4082 passuros,
1342 4012 1372 4065 et
1383 4007 1563 4066 nominatim
1576 4025 1595 4065 a
1610 4008 1763 4067 llulcberic
1778 4009 1903 4083 eJ'usque

1071 4097 1225 4170 nepotulo,
1248 4113 1373 4154 snorum
1396 4113 1519 4171 quoque
1542 4097 1705 4171 manipulis
1728 4097 1842 4165 istrum
1855 4097 1903 4154 illc

1072 4191 1244 4245 constanter
1264 4191 1294 4245 et
1306 4186 1525 4256 confortatorie,
1540 4191 1574 4245 ut
1588 4186 1673 4256 solet,
1686 4188 1719 4244 in
1732 4187 1842 4246 talibus
1856 4203 1902 4244 ra-

194 3978 368 4037 Clarissimo
385 3976 600 4034 turonensium
622 3975 846 4045 archieposcopo
863 3975 904 4031 Η.
917 3973 955 4030 Α.
970 3974 1019 4031 dc-

228 4083 321 4127 canus
336 4073 364 4125 et
379 4071 441 4124 tcta
465 4066 657 4137 concrepatio
670 4065 883 4122 canonicorum
901 4063 1019 4122 Sancta

227 4156 334 4213 Martae
348 4154 576 4212 carnotensium
588 4167 688 4224 prona
702 4157 790 4224 atquc
804 4153 911 4210 deuota
919 4151 1018 4222 fideli-

228 4244 298 4301 ²⁰²i⁸
311 4242 479 4314 ⁰⁶⁸⁶⁹¹⁴i²⁴m
495 4248 522 4300 εἰ
537 4243 681 4300 ⁰r⁰²i⁰ni⁸
695 4241 884 4325 mmmm·
1073 4276 1214 4351 spondit:
1231 4276 1374 4334 llalorum
1383 4277 1509 4350 injurias
1523 4276 1596 4334 boni
1608 4277 1817 4351 equanimiter
1827 4277 1902 4334 terre

228 4375 328 4446 Nuper
337 4376 500 4446 antequam
511 4375 680 4430 Romanum
693 4371 867 4444 intempore
882 4373 1020 4447 cupisset
1072 4363 1192 4422 debent.
1209 4367 1245 4422 Ut
1265 4364 1346 4422 enim
1369 4365 1427 4440 ipsi
1448 4365 1544 4439 legitis
1566 4365 1598 4423 in
1618 4366 1755 4441 quadam
1778 4365 1904 4424 bomilia

191 4461 382 4520 beatissimus
402 4463 486 4520 Pater
498 4465 600 4518 noster
619 4461 773 4518 ltrlbertm
788 4462 845 4535 (til)
860 4461 1018 4537 episcopus
1037 4453 1152 4532 pbcati
1164 4471 1250 4529 papae
1266 4455 1406 4527 Gregorii,
1423 4456 1516 4514 ‘mnus
1534 4473 1595 4514 '²⁰²1
1607 4457 1680 4528 fuit,
1695 4457 1827 4530 quitavit
1841 4473 1904 4514 ma·

191 4555 303 4619 vestro,
317 4550 454 4622 discitis,
470 4550 551 4608 dulci
565 4567 638 4607 usus
647 4555 693 4608 est
706 4550 865 4624 colloquio.
879 4551 963 4608 Unde
972 4567 1018 4608 re·
1074 4545 1117 4601 tos
1130 4559 1191 4601 nou
1203 4546 1352 4603 toteravit.

190 4656 297 4698 versus
306 4641 382 4698 dam
395 4639 530 4714 quadam
540 4638 787 4697 dieinccnrentu
798 4640 1020 4698 nosucrcside-
1107 4641 1223 4714 Adiecit
1242 4647 1385 4718 preterea
1398 4657 1429 4701 sc
1443 4642 1531 4702 vobis
1553 4641 1736 4701 indoluisse
1755 4642 1900 4712 locutum,

228 4818 282 4892 (to)
298 4815 469 4875 dalbertum
492 4819 617 4874 Romam
642 4833 712 4874 cum
737 4816 865 4875 boberto
883 4833 952 4888 rege
966 4832 1019 4891 pe·
1073 4833 1218 4892 sanaque
1232 4836 1359 4893 repausa
1369 4822 1507 4894 quadam
1522 4821 1745 4892 eatdujuooctc
1758 4821 1903 4879 accuse

191 4889 271 4946 tlisse
285 4889 531 4972 peregrinationis
556 4905 648 4945 cansa
667 4887 814 4970 suspicor.
834 4891 898 4946 lica
912 4891 1019 4946 etenim
1073 4893 1220 4956 univesa
1249 4893 1380 4964 probata
1409 4899 1605 4966 receptaque:
1636 4893 1782 4964 ejurmom
1811 4897 1902 4949 suat:

190 4961 346 5030 Rcocrtus,
361 4959 459 5034 lnquit
481 4960 589 5018 Paulus
603 4959 699 5018 AEmil.
715 4975 745 5016 m
765 4959 842 5015 illius
862 4959 935 5030 Vita,
952 4975 1019 5017 cum
1075 4962 1173 5020 Sancti
1189 4963 1324 5046 Spiritus,
1340 4966 1362 5022 D
1377 4964 1549 5022 Constantia
1561 4968 1740 5038 martyrum.
1758 4963 1843 5033 Quod
1855 4979 1902 5020 ra-

191 5031 291 5088 Ramae
301 5033 431 5097 esset,ad
442 5033 643 5103 diviapostoti
656 5047 742 5090 aram
756 5031 901 5100 sumptum
911 5030 1019 5088 obtulit
1072 5049 1260 5104 sporrsortum
1286 5036 1482 5106 composuisse
1500 5035 1605 5105 ferunt
1628 5051 1695 5093 cum
1711 5035 1901 5104 Constantia,

129 5165 136 5178 Ι
190 5101 475 5171 pridiesestioitatis
489 5104 621 5174 apostati
640 5105 671 5159 ic
695 5118 752 5174 qua
771 5101 938 5171 ccttptcnc
952 5103 1020 5159 Cor·
1073 5106 1156 5163 itlius
1171 5121 1259 5178 uuor,
1275 5107 1435 5164 Haterium
1458 5107 1600 5164 maritum
1622 5111 1754 5178 rogasset
1769 5111 1803 5162 ut
1817 5107 1848 5161 ic
1863 5105 1902 5161 il·

192 5171 288 5227 nebus
300 5173 438 5230 Centurio
448 5175 666 5231 continebatur.
679 5171 803 5230 lnvetmi
814 5173 1018 5246 manuscripto
1075 5177 1131 5232 tias
1143 5177 1274 5248 gratiam
1289 5179 1414 5250 aliquod
1423 5193 1545 5236 camec
1559 5177 1707 5235 conduct.
1720 5177 1796 5235 Cum
1809 5176 1904 5233 Avat-

193 5239 312 5298 Ghron.:
326 5245 415 5299 Acco
427 5247 495 5299 lona
508 5247 579 5301 Dat.
593 5261 649 5302 rea
663 5247 849 5302 &aucarum
868 5244 1018 5313 prosimus
1073 5247 1170 5303 tanen
1190 5249 1344 5316 occaect,
1367 5249 1453 5306 nullo
1474 5255 1667 5320 appugnante
1695 5253 1902 5322 quassaatcoc,

191 5313 316 5369 Raram
329 5328 421 5370 causa
435 5314 598 5372 devotionis
617 5322 645 5374 et
657 5315 908 5387 carpocratianis
925 5317 1017 5386 profi-
1072 5319 1124 5374 sed
1137 5333 1169 5374 ec
1188 5319 1220 5374 ic
1243 5320 1438 5378 tabernaculo
1462 5321 1588 5391 hymnos
1611 5321 1821 5385 conducente,
1846 5334 1903 5376 sua

193 5384 304 5439 circeos
326 5383 425 5454 pridie
443 5386 553 5456 cipitia
575 5387 633 5456 Ap.
653 5387 746 5445 Pauli
765 5387 872 5444 attulit
890 5387 1016 5458 Autiplt.
1071 5395 1175 5459 spuma
1189 5404 1330 5461 magnam
1344 5407 1499 5449 murorum
1508 5397 1627 5462 partem
1643 5392 1771 5449 caruase
1783 5392 1902 5461 suunt,

193 5453 308 5512 Cornel.
329 5455 476 5513 Centurio.
494 5458 553 5514 Hie
567 5460 644 5514 euim
659 5465 724 5516 erra
737 5459 868 5515 cuminis
880 5473 1017 5515 reomen-
1072 5460 1152 5516 vetut
1168 5460 1311 5518 divinitus
1333 5477 1369 5520 ac
1388 5464 1503 5534 supera
1518 5463 1688 5520 seruatori
1700 5478 1753 5519 suo
1767 5463 1903 5546 qratiam

80 5524 82 5538 '
193 5527 333 5599 lustaus,
354 5526 528 5585 liberalitas
551 5531 657 5586 studia
680 5533 832 5604 sacraque
852 5530 1018 5598 disciplinis
1069 5538 1245 5602 prasentare
1279 5533 1486 5603 referentibus.
1524 5533 1605 5592 Paul.
1639 5531 1735 5591 AEmil.
1768 5549 1801 5590 m
1833 5533 1902 5605 ejus

192 5598 321 5669 mous,
338 5599 448 5671 pauca
473 5603 642 5661 sauctuatis
664 5618 807 5660 umacus.
830 5601 1018 5671 Astaboras
1072 5601 1146 5660 Vita.
