3990 6184
151 235 214 295 raas
549 267 551 274 >
695 303 701 310 .
740 228 785 288 nn
805 225 947 288 ceratus
966 227 1173 287 nouasrnau
1193 231 1256 290 sur.
1640 295 1644 308 ,
1783 237 1851 293 aaa

151 354 262 418 Domini
275 351 404 416 frabrica
418 356 575 415 delectaret
588 355 773 423 auditumst
786 353 894 410 dilecta
910 355 969 408 lieo
986 355 1009 408 A
1024 349 1096 408 boni
1117 353 1269 424 adhibeat,
1300 357 1346 413 vel
1372 358 1423 431 qui
1450 355 1542 414 alium
1558 357 1588 414 in
1612 358 1718 416 timore
1734 359 1851 416 Domini

150 450 249 506 civitas
262 452 380 522 aptaret
392 445 523 518 ingentia
537 449 614 502 tecte
629 444 706 502 infra
719 443 790 501 fidei
810 441 968 498 aediticium
1023 440 1121 498 flectat
1138 446 1167 497 et
1179 441 1356 502 introducat.
1373 449 1483 504 Omnes
1497 461 1565 520 quae
1578 450 1695 503 terrena
1716 451 1786 505 sunt
1808 465 1854 505 sa-

150 555 181 595 ex
195 543 310 596 sacrata
324 543 424 595 autem
436 535 541 592 visibili
555 549 607 592 ara
621 535 660 590 ad
688 531 857 591 interiorem
878 531 969 588 altare
1022 529 1118 602 piunt,
1127 529 1343 604 indisciplinate
1354 538 1526 607 appetentes
1536 535 1850 608 redundantiasupcr-
1935 535 1942 542 ’

149 627 212 683 vitae
228 627 332 683 ordine
343 627 529 682 transeuntes
539 622 760 679 succendamus
773 621 970 678 odoramento
1025 610 1191 675 fluentium.
1215 622 1315 677 Patres
1338 623 1389 694 qui
1412 623 1452 679 ihi
1468 625 1634 681 conversati
1663 629 1732 680 sutri
1759 631 1852 681 certa-

149 709 369 781 benevolentioa,
384 709 606 780 misericordiae,
621 709 752 782 justitie,
777 708 969 779 benignitate,
995 751 996 754 ,
1024 711 1141 780 verunt,
1155 707 1184 764 in
1200 713 1260 765 tota
1286 712 1398 781 justitia
1414 715 1442 768 et
1454 712 1484 768 in
1499 714 1582 769 omni
1604 713 1710 769 timore
1724 713 1852 775 Domini.

149 804 385 868 mansuetudine,
402 800 571 869 sobrietate,
587 800 618 855 in
632 799 783 869 agnitione
796 811 868 854 vero
890 813 971 869 mys·
1027 796 1108 853 Unde
1137 797 1177 853 ab
1201 800 1343 856 omnihus
1357 801 1454 857 felices
1481 802 1644 859 audiebant
1661 819 1667 858 :
1683 825 1697 850 «
1714 805 1770 858 Vos
1784 803 1854 860 estis

147 893 208 950 terii
223 894 273 950 lici
287 891 378 948 Patris
392 889 538 946 exaltetur
558 894 665 946 unctus
693 888 769 962 lapis
794 893 971 943 ornamento
1024 883 1200 942 benedictus
1224 901 1296 956 grex
1323 889 1437 954 Christi,
1466 905 1520 946 vos
1545 890 1615 946 estis
1644 887 1805 947 electorum
1818 891 1854 946 li-

147 993 227 1056 purae
238 981 441 1038 confessionis.
455 981 500 1036 su
515 979 754 1052 uniuscujusque
768 981 906 1035 nostrum
920 991 972 1032 cor
1025 969 1065 1040 lii,
1082 989 1136 1028 vos
1149 974 1218 1030 estis
1232 975 1350 1032 dilectio
1364 977 1415 1032 liei
1429 982 1456 1034 et
1471 977 1610 1050 proximi,
1632 994 1684 1032 ros
1708 977 1777 1034 estis
1806 995 1854 1034 co-

147 1071 246 1142 altere,
263 1072 321 1126 sint
334 1069 447 1143 puritas
465 1069 513 1125 vel
548 1069 668 1125 castitas
698 1069 755 1124 vivi
783 1065 910 1139 lapides,
935 1064 973 1120 sit
1026 1061 1136 1118 lumnre
1165 1063 1221 1118 sub
1249 1064 1335 1132 coelrr,
1358 1066 1410 1138 qui
1443 1065 1645 1138 temporaliter
1671 1066 1754 1122 statis
1775 1067 1857 1122 velut

145 1161 230 1216 timor
244 1157 361 1215 bomini
374 1156 500 1232 pervigil
516 1161 627 1225 custos,
644 1159 672 1212 et
686 1156 761 1213 fides
773 1154 924 1223 sacerdos,
939 1156 973 1208 ut
1026 1149 1124 1219 angeli
1139 1157 1359 1226 superterram.
1385 1156 1499 1226 Corpus
1523 1155 1635 1228 quippe
1660 1155 1779 1225 gestatis
1801 1153 1856 1210 hu·

110 1315 116 1322 .
144 1247 346 1305 intratiomini
374 1245 603 1304 tabernaculum
631 1245 705 1302 nihil
732 1244 899 1301 inveniatur
922 1241 972 1298 foe-
1025 1253 1163 1306 manum,
1176 1255 1254 1312 opus
1269 1245 1369 1297 alitem
1382 1239 1523 1314 perficitis
1533 1241 1720 1313 angelorum.
1734 1263 1748 1292 a
1762 1245 1810 1298 vae
1825 1243 1855 1298 in

145 1338 227 1408 dnm,
242 1336 285 1392 nil
298 1335 512 1416 intromittatur
535 1333 705 1406 indignum.
730 1333 878 1390 abscedat
903 1347 972 1388 cum
1026 1343 1147 1384 reversa
1157 1329 1294 1402 quisquis
1309 1334 1337 1385 et
1351 1331 1411 1386 fide
1432 1330 1599 1388 secundum
1625 1345 1729 1387 casum
1759 1329 1856 1387 elteri-

143 1425 335 1498 passionibus
347 1424 376 1480 et
392 1419 624 1480 adversitatibus
641 1423 703 1479 suis
715 1421 864 1484 diabolus,
885 1424 913 1476 et
927 1419 972 1476 in·
1026 1421 1117 1473 tatem
1132 1417 1244 1486 dicens,
1258 1423 1287 1474 et
1301 1433 1362 1475 nou
1375 1419 1531 1475 attendens
1544 1420 1616 1492 qnia
1632 1423 1709 1476 Dens
1719 1421 1855 1476 omnium

91 1547 97 1554 -
144 1517 318 1571 malcum
331 1510 593 1570 benedictionibus
606 1516 635 1568 et
650 1511 757 1568 divitiis
780 1509 972 1584 plenitudinis
1028 1505 1170 1562 virtutum
1182 1522 1301 1581 semper
1312 1508 1387 1564 lines
1413 1508 1548 1582 priorum
1577 1509 1726 1565 connectit
1750 1507 1857 1580 princi-

144 1603 284 1661 Ghristus.
302 1606 383 1659 intus
398 1602 547 1676 siquidem
559 1599 666 1657 subtile
682 1601 799 1658 Domini
825 1599 973 1672 judicium
1027 1594 1084 1666 piis
1100 1590 1303 1652 secundorum
1321 1597 1424 1652 :verbi
1442 1597 1522 1653 enim
1548 1598 1654 1668 gratia,
1679 1599 1710 1653 ut
1735 1600 1857 1652 neutros

144 1690 334 1764 aspiciamus,
350 1695 380 1747 et
407 1692 437 1748 in
462 1692 518 1748 hac
541 1695 654 1756 nostra,
679 1691 740 1746 imo
770 1689 819 1744 Dei
845 1688 972 1756 civiate,
988 1703 1008 1756 g
1027 1683 1211 1757 praedicabili
1222 1685 1353 1742 claritate
1369 1689 1559 1758 monstraret,
1574 1686 1674 1757 vigilia
1699 1685 1858 1760 apparitio-

143 1789 236 1851 quam
250 1779 281 1834 in
304 1775 497 1851 percussione
525 1777 603 1848 ignis
631 1777 744 1849 iudicio
756 1775 875 1848 justine
897 1777 973 1831 Deus
1026 1776 1074 1829 nis
1090 1773 1196 1831 Christi
1212 1774 1367 1833 calamites
1391 1776 1469 1847 ignis
1496 1780 1578 1833 extra
1601 1775 1732 1833 ecclesiae
1755 1775 1856 1831 aulam

144 1867 288 1924 humilem
302 1867 441 1934 ostendit,
467 1881 504 1924 ex
518 1859 652 1940 ternpore
668 1864 908 1923 cumvirtutibus
926 1879 972 1919 rc·
1026 1862 1127 1920 locum
1139 1876 1261 1920 omnem
1275 1865 1436 1938 liquefecit,
1459 1867 1535 1922 sicut
1559 1865 1672 1922 circum
1698 1880 1729 1923 se
1756 1865 1857 1936 ignem

144 1950 390 2011 memoreramns.
407 1954 459 2012 Hic
473 1971 545 2025 crgo
559 1954 644 2011 locus
657 1955 787 2024 liguram
800 1957 828 2008 et
843 1951 972 2024 speciem
1027 1953 1198 2008 videntibus
1214 1951 1357 2025 adjuvare
1378 1951 1457 2010 idem
1479 1950 1527 2010 vel
1554 1955 1741 2025 exstinguere
1767 1967 1857 2008 nemo

144 2047 357 2112 congruentem
372 2043 471 2099 adhuc
486 2057 548 2099 non
563 2046 727 2114 acceperat,
753 2055 821 2096 cunr
850 2055 868 2095 a
895 2051 971 2111 prae-
1026 2047 1151 2096 conatus
1167 2045 1221 2112 est,
1234 2043 1377 2116 autquod
1391 2043 1540 2116 reliquum
1564 2045 1640 2100 esset
1662 2040 1777 2100 salvum
1805 2041 1857 2098 ha-

65 2119 84 2140 “
145 2129 210 2185 fatis
223 2130 291 2185 viris
306 2131 435 2204 propriis
450 2130 621 2202 sumptibus
644 2145 680 2184 ac
706 2127 882 2184 muneribus
907 2141 971 2182 ma·
1026 2129 1106 2198 bere,
1123 2130 1168 2186 vel
1183 2129 1213 2186 in
1229 2131 1425 2188 salvationem
1449 2132 1613 2189 viventium
1642 2133 1681 2188 ad
1705 2131 1856 2204 opinabile

143 2217 222 2272 xime
235 2221 281 2273 cst
292 2218 451 2273 decoratus
465 2217 542 2273 infra
556 2217 632 2272 fines
646 2214 745 2274 Galliae
757 2220 788 2271 ct
811 2215 970 2287 Hispaniae,
1026 2219 1141 2276 honum
1156 2219 1277 2290 erigere.
1295 2221 1468 2294 lleiquippe
1481 2221 1625 2278 sententia
1648 2225 1676 2276 et
1703 2221 1783 2276 beati
1810 2220 1855 2277 ni-

142 2306 218 2362 inter
233 2305 344 2376 sinum,
361 2311 398 2374 et,
424 2313 457 2363 ut
484 2310 619 2378 patenter
638 2303 753 2372 dicam‚'
778 2309 972 2377 conspectum
1027 2303 1137 2363 chaelis
1154 2307 1311 2364 clementia
1322 2309 1373 2381 qui
1385 2309 1462 2378 ignis
1472 2309 1538 2380 jam
1553 2308 1671 2364 dudum
1690 2308 1856 2365 damnave-

144 2393 329 2450 celeberrimi
349 2399 378 2450 ct
398 2393 631 2452 nominatissimi
659 2393 770 2449 montis
793 2392 971 2461 canegonis,
1027 2401 1073 2451 rat
1087 2395 1217 2452 maxime
1234 2395 1410 2453 admirabile
1426 2402 1488 2454 tam
1514 2397 1721 2454 exstructionis
1749 2411 1856 2468 genere

143 2483 281 2540 Litterani
297 2483 468 2540 suavissimi
481 2481 593 2538 fluvioli
609 2481 691 2537 vallis
704 2481 842 2537 videlicet
867 2479 971 2550 longa·
1027 2501 1120 2558 quam
1132 2484 1348 2556 magnitudinis
1359 2487 1491 2559 itemque
1505 2485 1717 2542 munificentiae
1744 2485 1775 2541 in
1795 2486 1855 2541 sin-

142 2572 263 2628 nimiter
272 2576 419 2643 porrecta,
435 2571 528 2628 verbo
543 2577 643 2627 autern
659 2569 708 2626 liei
725 2586 761 2626 cx
790 2570 972 2643 protectione
1028 2573 1104 2642 gulis
1120 2571 1210 2628 rebus
1224 2577 1252 2629 ct
1266 2573 1367 2644 glorie
1377 2573 1458 2630 intus
1473 2574 1518 2630 vel
1533 2574 1614 2642 foris,
1630 2589 1711 2630 nunc
1724 2577 1770 2630 est
1784 2574 1855 2630 ardi-

141 2661 320 2718 mirabiliter
333 2663 461 2730 visitata,
478 2665 506 2718 et
520 2659 753 2734 magnanimiter
762 2659 913 2718 varietatis
927 2655 973 2714 vei
1027 2659 1150 2717 ficetum
1177 2659 1396 2736 persplendide.
1425 2665 1536 2720 Revera
1572 2662 1652 2719 enim
1688 2661 1857 2735 appetibilis

140 2750 349 2807 edificationis
364 2750 502 2806 membra
515 2750 663 2806 distincta.
681 2749 797 2816 Quoda
822 2751 879 2804 lieo
903 2763 972 2820 pro·
1028 2749 1183 2823 privilegio
1193 2750 1301 2816 insula,
1312 2767 1378 2824 quae
1387 2755 1430 2808 est
1438 2753 1625 2826 portioterraa
1634 2755 1856 2821 ornamentum,

137 2841 244 2909 batur,
259 2839 404 2912 quoniam
419 2836 549 2908 insignia
563 2837 792 2912 pulchritudinis
813 2835 972 2894 arboribus
1028 2844 1058 2894 et
1067 2838 1155 2894 totius
1168 2838 1271 2911 patriae
1286 2834 1317 2894 ln
1331 2838 1432 2896 multis
1448 2840 1700 2914 supplementum,
1729 2837 1858 2908 regionis

138 2933 167 2986 et
181 2927 335 3002 paradisis
350 2927 483 2999 undique
498 2932 604 2983 ornata
633 2925 807 2982 nemoribus
834 2924 971 2991 cernitur,
1028 2943 1100 2982 vero
1114 2927 1243 3000 propriae
1258 2927 1387 2984 salutare
1399 2928 1452 2984 dat
1461 2927 1606 2985 auxilium
1617 2927 1815 3000 prudentibus
1831 2931 1859 2983 et

136 3024 171 3074 ut
186 3017 288 3087 angeli
303 3017 381 3072 cives
396 3017 427 3072 in
442 3033 477 3073 ea
492 3017 644 3084 degentes,
673 3013 829 3071 beatorum
853 3011 973 3086 spiritns
989 3047 1008 3100 C
1028 3011 1167 3086 indoctis,
1178 3015 1279 3089 parvis
1294 3015 1461 3088 etmagnis,
1477 3017 1539 3073 sive
1563 3016 1689 3084 rusticis,
1716 3016 1859 3090 promeri-

135 3105 310 3179 periculum
324 3105 526 3162 antecedentis
542 3103 613 3160 mali
638 3103 773 3159 tollentes
803 3102 971 3159 credantur.
1028 3109 1127 3160 torum
1152 3103 1294 3176 qualitate
1322 3104 1435 3160 obtinet
1457 3105 1621 3161 honestatis
1645 3105 1763 3161 culmen
1778 3120 1859 3160 sum-

135 3195 233 3253 Vellis
248 3195 337 3252 etiam
351 3195 382 3249 in
395 3209 457 3267 qna
471 3209 526 3250 nec
553 3193 645 3264 frigus
672 3191 818 3258 hiemalis,
845 3205 903 3247 noc
930 3189 973 3246 sol
1029 3208 1124 3249 mum,
1142 3181 1240 3248 insula
1252 3192 1335 3266 puris
1350 3193 1541 3266 honestisque
1555 3192 1711 3266 praeceptis
1731 3207 1766 3248 ac
1792 3190 1859 3248 dul·

134 3283 254 3342 aestatis
278 3282 367 3338 nimis
390 3297 497 3338 nocere
523 3281 689 3351 consuevit,
717 3281 790 3353 quia
810 3279 974 3336 obumbrat
1029 3282 1134 3338 cedina
1149 3281 1366 3338 benedictionis
1383 3281 1505 3354 inclyta,
1521 3281 1674 3352 dignitatis
1700 3281 1747 3360 vel
1775 3280 1860 3338 recti·

134 3373 162 3430 ei
194 3373 294 3444 gratia
308 3371 470 3444 spiritualis
496 3377 524 3427 et
544 3370 669 3444 copioso
692 3384 816 3425 munere
844 3367 973 3425 liberali·
1029 3370 1141 3428 tudinis
1155 3371 1194 3428 ad
1211 3371 1376 3428 reverentia
1392 3371 1503 3428 civium
1517 3371 1647 3438 sincera,
1663 3370 1693 3448 in
1703 3370 1860 3428 munimen

132 3462 209 3519 tetis
224 3459 273 3516 vel
288 3459 489 3516 redundantia
505 3459 598 3532 pacis,
623 3464 661 3527 et,
690 3463 722 3514 ut
747 3457 884 3515 clementi
913 3473 973 3513 ser·
1030 3461 1167 3518 omnium
1182 3460 1498 3535 constipatacavcrnis
1518 3466 1546 3517 et
1572 3459 1688 3528 fistulis,
1715 3459 1857 3528 ionibus,

131 3563 234 3607 mone
259 3550 449 3619 restringam,
479 3553 600 3621 tempus
633 3547 852 3604 habitatoribus
878 3547 973 3620 plenae
1029 3553 1057 3604 et
1071 3547 1206 3605 aurifluis
1217 3549 1298 3618 rivis,
1311 3549 1462 3620 segetibus
1473 3551 1503 3606 et
1513 3549 1607 3606 vineis
1618 3549 1783 3606 eminenter
1797 3547 1859 3616 glo-

129 3638 249 3702 astatis,
277 3642 310 3690 ut
336 3621 459 3693 veniant
485 3638 524 3693 ad
550 3628 750 3693 maturitatem
774 3635 972 3710 perfectionis.
1028 3637 1109 3694 riosa
1123 3655 1130 3694 ι
1146 3637 1321 3711 qnaenisiet
1333 3638 1496 3695 astantium
1511 3637 1622 3694 meritis
1638 3637 1724 3693 fuerit
1737 3635 1857 3704 violata,

132 3723 198 3797 ipsi
214 3723 327 3777 etenim
342 3723 526 3778 delectantur
540 3723 658 3778 lenitate
672 3724 850 3794 prudentie,
872 3723 973 3796 splen·
1028 3725 1190 3784 nobilitatis
1202 3743 1264 3783 suae
1279 3727 1391 3783 viribus
1403 3727 1435 3782 in
1446 3729 1540 3784 Deum
1550 3731 1686 3783 servatur
1695 3725 1778 3799 pacis
1792 3724 1859 3780 oleo

127 3814 211 3870 dore
229 3809 312 3879 fldei,
328 3810 523 3866 confessionis
537 3811 655 3878 decore,
666 3810 786 3880 iustitiae
809 3809 972 3883 pulchritu-
1027 3812 1120 3868 linita.
1135 3813 1278 3878 Quamvis
1306 3819 1407 3870 autem
1431 3813 1652 3870 decertantibus
1677 3815 1713 3869 sit
1739 3814 1770 3869 in
1798 3813 1858 3869 lato

127 3901 221 3970 dine,
253 3899 388 3956 ubertate
412 3900 634 3966 misericordiae,
665 3904 698 3955 ut
723 3900 835 3968 singuli
856 3899 972 3956 anima·
1028 3900 1193 3971 angustior,
1208 3900 1239 3954 in
1254 3901 1701 3972 praemiumvincentibusejus
1724 3901 1807 3956 sinus
1827 3900 1858 3954 in

123 4006 204 4048 rum
222 3988 354 4045 munilia
366 3989 396 4044 in
412 3991 504 4045 Deum
518 3993 661 4062 spectent.
1028 3989 1178 4043 immensa
1191 3987 1377 4059 longitudine
1392 3993 1493 4044 manet
1505 3988 1642 4061 amplior.

166 4082 301 4145 Omnes,
317 4078 453 4151 inquam,
469 4078 520 4152 pio
532 4093 635 4133 amore
649 4093 681 4134 se
695 4077 824 4133 invicem
835 4076 972 4149 diligunt,
1064 4080 1124 4147 Age
1140 4091 1211 4147 ergo
1219 4075 1355 4133 festivum
1372 4075 1464 4148 diem,
1485 4077 1574 4133 turba
1595 4076 1691 4133 fidelis
1710 4075 1857 4133 laetabun-

122 4169 273 4229 invieem
302 4167 413 4234 fovent,
437 4171 465 4223 et
487 4168 576 4240 quasi
603 4181 698 4222 unum
722 4182 829 4239 corpus
854 4165 973 4223 diversa
1028 4165 1074 4222 dis
1098 4165 1207 4222 animis
1229 4165 1353 4222 induere
1377 4165 1593 4237 fortitudinem,
1618 4171 1646 4222 et
1680 4166 1778 4238 jubila
1805 4183 1857 4222 ex-

120 4259 281 4318 membra
297 4260 463 4313 sustentant
490 4256 689 4313 fraternitatis.
718 4261 749 4312 ln
778 4255 910 4312 adversis
938 4256 974 4311 si·
1028 4255 1195 4324 saltatione,
1212 4255 1358 4328 quoniam
1371 4256 1565 4314 tuimoerores
1580 4257 1610 4312 in
1629 4255 1776 4327 gaudium
1789 4261 1858 4315 sunt

117 4349 269 4426 quidem
302 4346 393 4402 rebus
426 4351 478 4403 aut
510 4346 729 4403 contrariorum
750 4360 894 4401 accensus
907 4349 971 4402 tan·
988 4396 1010 4449 D
1027 4344 1270 4412 mutati,ettristc
1281 4343 1419 4402 habitum
1428 4345 1459 4401 in
1469 4345 1725 4403 amictamtetiuae
1736 4361 1856 4402 versum

116 4440 179 4495 diu
213 4434 358 4492 divinum
400 4438 566 4508 exposcunt
599 4433 783 4506 praesidinm,
813 4449 972 4506 quousque
1027 4438 1079 4491 est.
1108 4435 1252 4491 Parietem
1281 4433 1360 4492 enim
1386 4433 1544 4492 discordia
1570 4450 1662 4509 quem
1690 4431 1856 4490 aedificave-

114 4541 261 4586 summa
293 4524 322 4578 vi
355 4529 444 4596 atque
469 4523 660 4580 inclinatione
683 4522 819 4579 inimicos
832 4523 863 4578 in
879 4523 972 4586 Deum
1025 4525 1072 4580 rat
1093 4522 1243 4594 diabolus,
1268 4523 1410 4596 parietem
1450 4524 1563 4594 effodit,
1590 4525 1618 4579 et
1643 4527 1761 4595 petrem
1794 4536 1855 4578 non

112 4623 147 4675 et
178 4611 337 4673 homines
379 4611 577 4681 confundunt,
609 4627 721 4682 magna
745 4611 790 4667 sui
820 4611 971 4686 supplica·
1026 4613 1196 4681 commovit,
1226 4611 1423 4669 fundamenta
1443 4612 1579 4668 Ecclesiae
1595 4611 1737 4678 excussit,
1754 4613 1856 4667 attur·

110 4710 207 4766 tione
245 4717 288 4758 ac
317 4701 487 4771 archangeli
521 4701 702 4770 benignitate
738 4702 872 4775 protecti.
911 4703 972 4757 Ete-
1025 4715 1090 4759 rem
1114 4701 1301 4758 immobilem
1327 4715 1389 4758 non
1417 4700 1515 4769 elisit;
1542 4699 1658 4773 lapides
1686 4699 1803 4771 dejecit,
1827 4704 1856 4756 et

107 4797 185 4854 nim
200 4787 308 4850 laude
323 4788 454 4844 habendi
465 4793 534 4844 sunt
560 4805 637 4861 quos
660 4786 856 4858 religiosiores
874 4788 972 4846 reddit
1025 4790 1141 4848 radices
1152 4805 1215 4847 non
1225 4789 1342 4858 evellit;
1357 4789 1530 4845 unctionem
1541 4789 1623 4856 vidit,
1637 4793 1666 4846 et
1678 4788 1781 4862 templi
1794 4788 1854 4846 for-

104 4879 302 4962 praesentia
318 4877 568 4946 archangelorum
583 4883 611 4933 et
624 4893 691 4934 reos
705 4877 875 4935 testimonia
888 4895 970 4935 com·
1024 4877 1180 4936 titudinem
1192 4893 1263 4933 mox
1276 4875 1415 4932 deseruit.
1432 4879 1543 4947 Lugeat
1567 4891 1602 4934 ac
1630 4875 1789 4934 erubescat
1806 4891 1855 4933 ve·

102 4965 373 5050 provincialium
382 4965 506 5020 sinistrae
516 4967 717 5037 persuasionis
733 4966 968 5026 inclamantium.
1025 4972 1160 5024 ternosue
1170 4963 1273 5038 praedo
1287 4964 1422 5037 praedem
1438 4965 1583 5036 amisisse,
1599 4965 1672 5038 quia
1697 4964 1854 5038 impletum

102 5067 243 5124 Omnes
263 5071 301 5112 se
317 5054 399 5126 ipsos
409 5053 562 5126 decipiunt
576 5069 645 5108 cum
657 5057 767 5112 Domus
790 5055 905 5114 Domini
932 5058 971 5114 ab
1025 5055 1162 5112 videmus
1187 5053 1269 5125 quod
1294 5053 1443 5127 propheta
1466 5054 1647 5111 vaticinante
1672 5053 1852 5110 audivimus.

98 5154 171 5212 illis
187 5145 370 5222 inhoneste
398 5141 515 5198 laeditur
539 5141 586 5197 vel
613 5141 797 5216 deturpatur,
824 5151 853 5201 et
879 5147 971 5204 meili-
1026 5141 1170 5216 squidem
1197 5141 1305 5215 inquit,
1328 5141 1485 5214 captivitas
1511 5159 1529 5200 a
1565 5143 1640 5200 forte
1667 5141 1795 5210 tolletur,
1825 5147 1854 5198 et

99 5243 220 5298 fluam
237 5232 300 5290 vel
315 5229 498 5286 uberrimam
510 5229 614 5285 mundi
637 5229 761 5300 gloriam
792 5235 970 5308 percipiunt,
1024 5231 1107 5305 quod
1121 5230 1256 5288 ablatum
1271 5231 1377 5300 fuerat,
1393 5248 1412 5289 a
1428 5231 1552 5290 robusto
1568 5232 1740 5290 salvabitur.
1772 5231 1854 5289 Dica-

95 5337 132 5388 et
147 5331 316 5403 paternae
331 5321 444 5377 virtutis
458 5319 631 5393 velpictatis
649 5319 722 5376 nihil
743 5323 837 5379 simile
867 5329 970 5395 agunt,
1024 5335 1092 5376 mus
1120 5333 1193 5376 sene
1222 5335 1348 5376 omnes:
1377 5322 1483 5378 Gloria
1509 5323 1540 5378 in
1556 5323 1681 5379 eccelsis
1691 5323 1761 5378 Dec.
1776 5327 1804 5377 et
1820 5321 1852 5377 iu

96 5419 165 5476 sed
197 5416 305 5471 bona
333 5414 361 5465 et
382 5410 497 5482 optima
532 5409 559 5463 in
601 5409 713 5465 deliciis
750 5409 914 5482 decerpunt
937 5429 971 5470 ac
1024 5409 1364 5479 terapocaomiatras
1381 5409 1638 5470 mecootaneeus
1655 5411 1780 5481 (Lucu,
1797 5408 1853 5480 ii.)

91 5503 321 5576 deglutiunt,
351 5513 457 5554 omnes
471 5499 543 5554 vani
553 5513 587 5553 ac
598 5496 705 5553 tumidi
719 5501 747 5552 et
763 5497 925 5567 furibundi,
940 5501 971 5557 in
1025 5496 1204 5568 Evigilemns
1218 5511 1342 5571 prorsus
1358 5503 1386 5554 et
1413 5513 1480 5568 nos,
1491 5497 1656 5571 quihabitu
1666 5497 1714 5553 vei
1728 5500 1852 5569 aspectu

92 5591 266 5668 nequitia
281 5585 390 5642 dediti.
408 5587 502 5657 super
511 5586 558 5642 his
570 5589 670 5642 autem
682 5587 801 5642 nonest
814 5585 972 5658 quiltcum
1025 5585 1102 5642 hanc
1113 5585 1370 5642 conversationem
1381 5585 1548 5657 angelicam
1563 5586 1795 5660 promeruimus,
1821 5577 1855 5642 'et

87 5679 285 5744 auscultet
301 5669 516 5743 vafintelfigat,
531 5685 663 5732 necnon
685 5677 731 5730 est
759 5672 811 5745 qui
838 5671 971 5730 studium
1025 5673 1109 5732 nullo
1122 5673 1242 5733 modos
1256 5674 1406 5750 speranda
1416 5675 1583 5742 clementia,
1593 5674 1851 5750 quoniamprimi-
