4044 6184
191 201 238 254 lit
735 199 913 258 rennuunt
935 195 1161 255 senonasrrcr
1183 197 1359 252 ilNlllillAV.
1852 198 1904 249 t5⁴l

191 337 262 378 suas
275 321 355 378 eluro
371 323 561 381 matrimonio
581 323 728 398 nupsisse,
743 339 921 395 generorum
936 321 1019 396 petiit
1032 323 1056 376 A
1076 319 1153 377 inter
1165 319 1308 378 humeros
1322 319 1535 377 violentissime
1549 317 1693 376 revincire
1709 316 1784 374 lecit.
1798 318 1904 392 Sieque

191 411 366 482 genitorem,
391 427 480 468 casus
506 416 618 480 narrat,
641 413 742 469 uxoris
768 429 880 470 noxam
898 410 1018 482 detegit.
1075 409 1178 466 subter
1192 409 1317 467 ascellas
1327 407 1537 483 regyrantibus
1550 407 1755 480 ligaminibus,
1770 411 1904 464 ventrem

192 504 291 567 l‘orro,
314 503 397 570 llugo
431 500 605 558 Excatridus
627 501 760 558 lldelium
793 500 1021 573 amicorumque
1074 496 1433 569 crudisnodiseoarctnri,
1447 497 1825 571 adeoutipsiusinauditre
1835 513 1906 554 eon·

191 588 311 655 auxilio,
327 588 501 657 liberorum,
528 605 700 646 socerorum
715 590 936 664 antiquumque
949 587 1021 644 ami·
1074 586 1211 645 nexionis
1223 587 1315 645 modo
1330 587 1372 644 sie
1393 586 1484 644 miser
1498 586 1675 644 constrictus
1697 585 1904 654 suffocaretur,
2008 655 2009 664 χ

191 695 260 734 enm
277 676 375 752 (pulso
389 694 460 734 mox
475 679 572 752 rivali)
586 679 617 736 in
631 679 779 736 honorem
795 677 928 736 restituit.
944 680 1021 734 Prre·
1075 681 1108 735 ut
1122 676 1270 734 anhelitus
1285 675 1389 749 gracili
1403 675 1553 749 spiraculo
1567 675 1614 732 vix
1630 675 1686 732 sibi
1700 674 1850 732 sufficeret
1863 676 1905 732 vi-

192 773 271 824 torca
297 766 450 824 ‹leciuturu
479 773 523 824 est
551 768 593 825 uti
625 770 786 840 coniugem
806 768 951 843 reeipial;
980 766 1022 825 sic
1076 765 1232 824 taenia
1246 765 1277 822 in
1304 764 1435 822 solitario
1462 763 1598 822 conclavi
1612 763 1716 821 clauso
1742 763 1905 822 duodecim
2009 835 2010 838 Ἴ

191 851 270 908 enlm
286 854 446 926 possesieri
453 855 539 924 juxta
550 857 701 928 majorum
715 857 860 925 instituta,
871 871 926 913 nec
940 871 1024 930 pror·
1075 854 1229 912 lanceatos
1244 855 1334 925 viros,
1350 869 1427 928 quos
1440 869 1526 930 aeque
1545 869 1665 911 vesanae
1680 853 1787 912 ruentis
1802 869 1906 928 exper-

189 955 245 996 sus
259 940 352 997 ullum
368 943 594 1000 essededecns:
621 959 693 1001 nam
706 945 754 1002 ille
768 945 820 1019 qui
840 945 919 1002 lianc
933 943 1025 1002 habe·
1077 949 1124 1002 tus
1138 949 1211 1016 erat,
1224 944 1368 1002 instanter
1380 949 1477 1002 astare
1494 943 1589 1016 iubet.
1613 943 1668 1011 Qui
1688 941 1711 1000 si
1726 943 1862 1001 viderent
1872 944 1907 1001 il-

192 1029 255 1096 liat,
272 1029 361 1086 simul
373 1047 408 1087 ae
423 1031 544 1089 vidisset
563 1049 724 1090 commune
740 1033 795 1090 sibi
803 1033 951 1106 judiciuin
977 1033 1023 1089 in·
1076 1033 1139 1090 lum
1154 1032 1255 1091 divina
1269 1032 1344 1090 solvi
1359 1033 1475 1102 virtute,
1501 1032 1590 1104 illico,
1614 1047 1652 1090 ne
1673 1031 1760 1090 vivus
1773 1033 1906 1090 evasisse

193 1118 344 1184 cumbere,
361 1124 489 1177 cesserat
501 1121 582 1191 iusto
605 1126 756 1196 rectoque,
770 1122 900 1180 alienum
913 1122 963 1194 jus
974 1121 1025 1178 de·
1077 1122 1262 1196 gloriaretur,
1272 1138 1379 1181 omnes
1392 1138 1453 1180 uno
1479 1122 1539 1180 ictu
1553 1121 1662 1196 pariter
1683 1121 1907 1180 transverbera-

192 1222 287 1262 sercre
302 1212 433 1280 paratus.
447 1208 526 1266 Alter
541 1213 639 1267 tumrur
651 1227 706 1285 pro
719 1217 790 1268 nota
804 1211 962 1268 homicida
973 1227 1024 1268 vo
1076 1218 1142 1270 tum
1156 1211 1378 1270 obtruncarent.
1395 1215 1432 1270 nt
1451 1217 1519 1287 post
1537 1213 1692 1270 modicum
1716 1211 1907 1271 intervallum

192 1295 324 1364 luntatis,
342 1296 439 1369 ipsam
454 1298 493 1354 ab
506 1299 608 1355 animo
623 1301 746 1374 respuit,
760 1317 883 1374 prorsus
894 1301 941 1358 eiii
954 1316 1023 1374 pra·
1076 1301 1125 1361 ille
1139 1301 1301 1360 miserabili
1328 1302 1464 1360 addictus
1479 1303 1628 1375 angustia,
1653 1301 1763 1371 sitiens,
1785 1301 1907 1360 difficile

78 1401 81 1406 ·
192 1401 229 1439 vu
243 1386 423 1442 couscientia
438 1388 537 1458 maius
554 1387 663 1447 vulnus
689 1390 834 1447 intulisset
845 1407 938 1466 quam
958 1406 1023 1448 eor·
1076 1392 1177 1452 verbis
1190 1389 1221 1449 id
1236 1392 1401 1467 exprimere
1414 1392 1521 1468 potuit,
1536 1395 1620 1450 tanta
1647 1391 1834 1450 vinculorum
1848 1393 1907 1451 du·

192 1489 292 1551 purete
308 1473 449 1531 castitatis
465 1475 593 1534 violatio.
610 1479 646 1535 Ut
658 1483 757 1536 autom
773 1479 803 1535 in
819 1479 1024 1554 superioribus
1077 1481 1143 1538 ritia
1157 1481 1315 1552 organales
1329 1479 1422 1539 libras
1436 1481 1716 1539 obstruxeratruuc
1729 1495 1908 1557 unus,quos

192 1562 298 1634 paucis
313 1563 481 1636 suppleam,
498 1565 614 1624 addunt
627 1567 717 1626 ctiam
732 1568 815 1625 illum
831 1585 850 1624 a
864 1569 1023 1643 luimispi-
1077 1569 1149 1642 dixi,
1170 1569 1329 1628 satellitum
1341 1570 1432 1647 petita
1457 1586 1538 1645 aqua
1559 1587 1628 1628 cum
1656 1570 1836 1645 deprimeret
1845 1568 1907 1625 illa-

178 1651 263 1707 *ratis
278 1651 431 1725 potionem
457 1654 557 1713 lierbre
581 1661 731 1729 polentem
758 1658 968 1733 assumpsisse,
996 1664 1059 1730 eta
1077 1664 1202 1734 queatos
1215 1659 1272 1717 sub
1287 1665 1404 1730 gutture
1419 1660 1545 1731 cubitos,
1558 1665 1591 1718 ut
1605 1660 1705 1717 laxato
1719 1662 1821 1717 mento
1833 1659 1908 1715 hau-

193 1743 233 1796 ita
244 1742 370 1818 magieis
393 1747 679 1818 praecantationibus
695 1753 818 1821 tactam,
837 1755 869 1806 ut
884 1751 977 1810 semel
986 1767 1024 1809 ex
1078 1752 1158 1806 stum
1171 1749 1215 1806 ori
1231 1749 1296 1822 ejus
1312 1753 1414 1824 aptare
1429 1753 1541 1825 posset,
1554 1749 1603 1806 illa
1616 1749 1766 1806 nodorum
1780 1746 1908 1804 difficul-

193 1847 229 1886 ca
244 1830 381 1888 bibentes
396 1832 472 1889 adeo
492 1834 588 1892 lethea
607 1836 757 1895 oblivione
782 1839 969 1913 hebetentur,
992 1846 1024 1898 ut
1078 1841 1124 1894 tas
1139 1853 1203 1895 sese
1215 1837 1344 1895 absolvit
1359 1837 1445 1908 ultro,
1462 1838 1535 1913 ipsis
1559 1841 1676 1895 tantum
1689 1835 1833 1894 resticulis
1847 1836 1908 1894 lroe·

193 1936 248 1975 ucc
262 1935 357 1988 genus
376 1919 455 1978 ultra
479 1937 534 1980 nee
560 1924 687 1982 domum
699 1927 873 1985 meminisse
896 1929 1021 2004 possint.
1077 1927 1211 1984 rentibus
1223 1926 1353 1985 brachiis
1375 1928 1447 2002 ipsis
1470 1926 1582 2002 quibus
1608 1927 1726 1986 fererant
1750 1925 1905 2002 appositae.

194 2009 408 2083 lleinsuperna
434 2011 491 2069 sibi
507 2012 842 2084 rniscralionefsanetam
857 2018 958 2076 l'idem
973 2036 1024 2095 ap
1078 2019 1143 2091 lpse
1158 2032 1238 2089 vero,
1264 2017 1393 2074 sentiens
1422 2033 1453 2074 se
1481 2016 1621 2074 divinitus
1651 2015 1794 2082 solutum,
1817 2013 1908 2089 eoepit

192 2097 378 2170 paruissem
391 2117 408 2156 a
420 2104 541 2174 stupore
555 2103 634 2161 illius
644 2105 746 2162 oblivii
760 2107 916 2178 excitasse,
933 2114 1023 2184 atque
1077 2104 1156 2163 illine
1171 2109 1371 2180 prestrenuns
1394 2105 1534 2178 effugere.
1552 2107 1587 2164 tlt
1607 2105 1648 2162 illi
1669 2105 1768 2164 statim
1784 2121 1819 2162 ex
1832 2120 1909 2178 prae-

191 2187 222 2242 in
237 2192 369 2244 mentem
398 2205 564 2262 revocasse,
584 2198 613 2250 el
633 2198 734 2252 lamen
749 2201 820 2270 post
842 2195 893 2254 illa
907 2213 1021 2257 memo·
1078 2199 1163 2268 cepto
1179 2193 1302 2252 senioris
1316 2194 1416 2270 ipsum
1432 2194 1628 2254 mucronibus
1649 2193 1750 2252 adorsi
1768 2192 1909 2250 confode-

190 2277 266 2334 riam
280 2277 424 2335 habuisse
434 2280 595 2338 tardiorem
611 2299 618 2339 r
634 2283 812 2357 disponente
828 2287 887 2344 Deo
902 2287 1021 2357 scilicet,
1077 2299 1120 2355 re,
1135 2287 1218 2342 tanta
1232 2283 1375 2342 condano
1396 2283 1503 2341 divinae
1525 2283 1639 2342 virtutis
1666 2284 1695 2340 vi
1716 2281 1848 2340 obstricti
1876 2282 1908 2339 in

133 2423 134 2428 ,
191 2369 232 2430 ut,
249 2365 380 2439 antique
390 2368 584 2441 correptionis
600 2371 730 2442 vestigiis
744 2371 844 2431 adhue
863 2375 1022 2434 testificari·
1076 2372 1144 2431 loco
1153 2371 1278 2443 hoesere,
1292 2377 1324 2431 ut
1336 2389 1393 2432 nee
1406 2373 1521 2432 moveri
1532 2373 1655 2449 quidem
1668 2374 1829 2448 quisquam
1856 2387 1908 2430 eo-

191 2453 281 2525 tibns‚
308 2455 497 2529 perpendant
518 2457 567 2516 alii
582 2460 702 2534 quantis
724 2461 761 2518 de
777 2461 864 2520 malis
882 2480 952 2524 eum
964 2468 1022 2525 llo·
1077 2479 1145 2520 rum
1158 2468 1269 2538 posset,
1277 2479 1333 2521 nec
1347 2463 1466 2540 penitus
1480 2463 1572 2522 verba
1586 2461 1625 2520 ad
1639 2461 1812 2521 alterutrum
1822 2461 1906 2520 dare.

192 2542 292 2600 minus
306 2543 476 2602 absolverit.
1079 2553 1185 2626 Sicque
1198 2558 1320 2628 repente
1345 2551 1469 2625 angelus
1485 2552 1601 2611 llomini
1617 2550 1778 2609 coarctavit
1796 2567 1859 2624 eos,
1875 2557 1909 2608 ut

509 2637 622 2696 CAPUT
640 2641 706 2698 lllV.
1078 2659 1112 2700 ac
1132 2641 1157 2700 si
1183 2642 1303 2717 lapidea
1330 2643 1471 2702 simulcra
1493 2643 1662 2701 immobiles
1685 2647 1906 2718 permanerent.

192 2722 235 2779 Ile
250 2724 410 2794 peregrino
423 2731 511 2795 copto
523 2733 550 2782 et
570 2727 733 2801 maculato,
746 2733 1023 2807 sabitoqrrcsoactae
1079 2735 1159 2790 Unus
1183 2732 1402 2802 tantummodo,
1426 2733 1501 2790 iuter
1522 2731 1725 2792 suffocationis
1753 2731 1908 2805 angustias

425 2815 510 2870 Fidis
523 2817 640 2874 croallio
655 2819 790 2880 liberato.
1077 2821 1215 2898 obscenae
1225 2821 1436 2895 interjectionis
1449 2822 1527 2880 rlans
1539 2822 1700 2895 mugitum,
1713 2838 1783 2880 cum
1798 2821 1907 2896 mandi

227 2898 375 2968 Peregrini
385 2901 522 2974 quidam,
542 2906 757 2965 lemovicensis
771 2909 843 2984 pagi
862 2911 1021 2990 indigenas,
1077 2908 1251 2970 ditlleullate
1278 2910 1309 2970 in
1331 2909 1409 2971 lianc
1430 2925 1536 2971 vocem
1562 2911 1680 2988 erupit:
1711 2935 1725 2964 a
1743 2913 1805 2969 Vah
1822 2911 1908 2984 ljam

191 2984 335 3042 abeuntes
350 2987 391 3044 ad
416 2991 555 3048 Sanctam
572 2992 685 3067 Fidem,
700 2998 878 3059 transierant
901 3008 1058 3093 propterc
1077 3002 1182 3078 pergit.
1195 3027 1208 3052 a
1223 3003 1345 3074 Cretera,
1359 3003 1437 3060 llius
1449 3001 1652 3077 immotusque
1664 3001 1767 3060 taudlu
1781 3000 1909 3076 perstitit

191 3073 346 3174 castellum
362 3076 484 3178 Oeballi,
499 3081 583 3154 quod
604 3083 712 3144 dieitur
733 3091 890 3148 torenna:
911 3093 1022 3167 quibus
1076 3092 1179 3168 quoad
1189 3091 1238 3150 ille
1253 3092 1369 3150 altered
1382 3091 1528 3151 domnam
1550 3092 1712 3151 Bactrieem
1737 3091 1906 3163 transfugit,

190 3161 265 3218 torte
279 3161 334 3220 rau
349 3164 457 3270 obvius
479 3169 604 3270 puidam
633 3174 769 3245 eiusdem
795 3180 899 3254 oppidi
922 3182 1021 3240 muni·
1076 3182 1128 3256 [ut]
1153 3198 1218 3240 seso
1247 3181 1278 3239 in
1305 3182 1377 3255 tuga
1390 3182 1542 3257 reciperet.
1558 3181 1610 3240 cui
1631 3181 1681 3240 illa
1695 3184 1726 3240 in
1742 3181 1908 3240 crastinum

189 3267 270 3352 ceps,
284 3267 389 3311 eorrrm
404 3271 554 3328 rnrmrous,
571 3263 692 3322 nomine
703 3267 865 3326 Gosbertus
880 3271 1021 3340 ;elerieus
1074 3270 1167 3327 ducos
1179 3270 1337 3344 delegavit,
1350 3271 1488 3345 quandiu
1501 3271 1577 3330 lines
1588 3271 1700 3330 castelli
1719 3272 1808 3343 louge
1819 3287 1908 3330 exee-

188 3341 392 3445 qoidemsolp
405 3349 594 3418 cognomine,
611 3352 664 3410 sed
677 3359 745 3415 actu
759 3359 892 3416 terrenus
910 3360 995 3419 miles
1012 3381 1020 3430 ;
1075 3358 1167 3431 deret,
1182 3364 1340 3435 tutumque
1352 3360 1407 3419 iter
1431 3367 1584 3436 carperet;
1600 3361 1647 3420 eui
1659 3366 1723 3420 erat
1736 3365 1837 3418 l'etrus
1852 3378 1908 3419 vu-

188 3444 240 3502 qur
256 3435 356 3488 statim
370 3439 604 3507 iuventaeausu,
616 3441 729 3513 redegit
743 3461 849 3503 omnes
867 3447 898 3506 in
911 3449 1022 3524 captio
1075 3447 1229 3506 eubulum.
1246 3449 1378 3524 [lenique
1404 3465 1472 3508 cum
1497 3449 1585 3509 sociis
1606 3451 1645 3509 ad
1666 3452 1803 3509 conchas
1817 3451 1907 3509 attin·

188 3533 269 3576 nem.
281 3521 415 3578 Domuus
430 3525 568 3583 Oebalius
583 3528 657 3588 torte
667 3530 791 3605 abierat,
807 3535 894 3608 cujus
909 3535 1020 3611 conjux
1074 3549 1157 3607 gens,
1171 3539 1199 3596 et
1213 3553 1268 3614 pro
1294 3536 1481 3598 absolutione
1501 3558 1557 3599 sua
1569 3546 1667 3614 grates
1680 3540 1754 3600 inibi
1779 3541 1907 3599 llomino

188 3609 258 3662 tune
272 3607 339 3679 (sed
352 3625 423 3712 mox
438 3627 492 3686 per
509 3613 670 3676 divortium
698 3621 738 3678 ab
765 3625 872 3682 eodern
892 3627 1020 3703 deserta)
1073 3625 1257 3700 persolvens,
1271 3633 1339 3703 post
1353 3628 1422 3687 inde
1444 3630 1528 3688 laetus
1553 3637 1596 3688 est
1610 3629 1646 3690 ad
1662 3630 1785 3706 propria
1808 3647 1907 3687 rever-

187 3694 302 3753 domna
313 3697 440 3800 Beatrrx,
462 3703 520 3762 lroe
535 3706 639 3765 andito
651 3711 776 3770 mandat
791 3715 875 3773 militi
893 3721 936 3786 ut,
953 3718 1020 3777 sisa
1062 3715 1343 3789 margaritarum
1361 3719 1469 3778 relictis
1496 3719 1526 3778 in
1546 3721 1747 3779 testimonium
1779 3721 1905 3793 virtutis,

187 3798 324 3888 anonam
338 3788 408 3845 velit
432 3791 543 3851 habere
567 3795 755 3870 benevolum,
773 3803 900 3864 llomeos
919 3805 1019 3868 statim
1072 3817 1141 3880 (111ae
1155 3807 1338 3866 remansisse
1351 3809 1413 3867 dial
1435 3809 1511 3868 laxis
1538 3810 1625 3869 nodis
1640 3811 1802 3886 pendentia
1833 3809 1906 3868 bra-

186 3872 269 3931 abne
285 3881 375 3947 sinat,
402 3897 457 3939 nec
482 3899 605 3958 prorsus
620 3888 709 3947 unius
731 3891 813 3950 horre
833 3896 929 3970 spatio
941 3899 1021 3959 intra
1073 3890 1157 3949 chiis.
1174 3893 1262 3951 Anno
1276 3893 1336 3950 lere
1350 3900 1379 3952 at
1402 3893 1786 3970 dimidiopostsecundum
1800 3897 1907 3953 acon-

186 3969 271 4037 sepla
285 3967 441 4044 municipii
456 3971 587 4034 detineat
614 3983 744 4038 coactos.
760 3983 797 4041 ar
809 3983 857 4042 ille
880 4003 942 4045 nou
964 4005 1018 4063 au.
1072 3980 1136 4038 eliis
1151 3983 1363 4056 reversionem,
1386 3985 1493 4044 accidit
1507 3985 1580 4043 mihi
1595 3990 1676 4044 certo
1688 3985 1808 4058 negotio
1818 3985 1905 4044 dom-

185 4051 307 4154 densnex
320 4059 382 4158 toto
394 4058 525 4120 dominre
552 4067 703 4127 mandalis
722 4073 868 4132 contraire
885 4089 892 4133 ε
921 4101 936 4128 a
950 4076 1018 4152 flos,
1072 4067 1103 4128 ni
1126 4069 1261 4130 Willelmi
1275 4073 1464 4132 ffiemvorum
1484 4074 1601 4132 comitis
1622 4073 1705 4132 adire
1722 4073 1849 4144 cunam,
1873 4074 1903 4132 iu

185 4147 293 4214 ¹¹¹tl1¹¹b
305 4150 500 4246 Pf⁰,¹¹3¹l³⁰‘i⁰
514 4151 646 4213 dominre
658 4157 817 4236 dimittam,
833 4169 946 4224 retento
961 4167 1019 4227 hoc
1072 4153 1134 4234 qua
1146 4177 1215 4219 cum
1229 4161 1375 4222 domnam
1388 4165 1551 4222 Beatrieem
1565 4163 1698 4235 viderim,
1714 4179 1733 4222 a
1759 4163 1905 4222 llicaredo

186 4227 250 4328 solo
264 4245 316 4330 qur
326 4233 401 4332 milri
415 4236 714 4316 injuriosiorexstilil,
727 4265 819 4324 quem
834 4253 1018 4329 impunitum
1073 4248 1162 4308 tratre
1173 4267 1230 4309 suo
1250 4253 1536 4326 liothomagensium
1560 4254 1668 4312 comite
1682 4252 1740 4313 illie
1764 4253 1903 4323 missam,

185 4314 267 4416 abire
282 4317 402 4420 difficile
425 4329 478 4383 est.
494 4329 579 4394 Quod
596 4331 621 4388 si
635 4332 675 4393 lta
690 4336 747 4395 sibi
761 4354 821 4398 non
835 4341 954 4411 sufficit,
967 4361 1020 4405 no·
1072 4337 1210 4398 ardenter
1221 4341 1286 4412 ejus
1300 4339 1483 4417 colloquium
1508 4357 1679 4416 aggressus,
1699 4341 1776 4401 illico
1791 4343 1906 4414 recogi-

183 4409 258 4461 vent
272 4421 334 4464 non
345 4417 663 4494 impetraturnmquod
673 4425 763 4484 etiam
774 4444 829 4503 pro
837 4438 941 4492 sancta
949 4435 1016 4494 lide
1034 4393 1057 4452 D
1071 4431 1134 4486 tare
1148 4429 1226 4506 caepi
1238 4445 1329 4506 super
1340 4431 1398 4490 lroc
1421 4433 1587 4492 miraculo:
1614 4434 1701 4506 cujus
1720 4433 1822 4502 verba,
1848 4450 1904 4506 per

184 4497 282 4596 celtus
297 4511 365 4554 sum
378 4514 534 4606 nunquam
555 4525 604 4566 me
627 4511 866 4580 turicremam
892 4521 944 4594 ila,
971 4525 1017 4584 di-
1071 4521 1404 4582 omniamonachorum
1418 4523 1677 4582 conchacensium
1692 4523 1812 4598 [verbis]
1832 4539 1904 4580 con·

182 4597 282 4642 missis
319 4591 443 4662 caeteris,
473 4593 557 4653 illum
581 4615 678 4659 anaim
706 4604 792 4677 jubet
818 4613 1016 4686 compedibus
1070 4607 1236 4679 comantia,
1252 4627 1317 4668 esso
1345 4616 1484 4687 poterant
1498 4612 1655 4688 probabile
1677 4614 1902 4684 alffllmsssslufflr

181 4673 357 4746 constringi,
386 4693 463 4752 quos
491 4686 602 4744 rrrstica
627 4687 731 4762 lingua
756 4694 864 4754 bodias
904 4707 1013 4774 voeat;
1070 4697 1095 4754 si
1109 4698 1177 4774 quis
1191 4699 1340 4759 dubitaret
1365 4701 1395 4761 in
1425 4702 1489 4761 aliis
1513 4701 1603 4760 edam
1633 4701 1706 4759 milii
1733 4700 1772 4759 ab
1787 4699 1903 4758 eisdem

180 4775 311 4834 quorum
326 4764 411 4837 clari,
428 4772 563 4830 martello
586 4776 699 4837 duriter
720 4783 821 4843 obtusi
834 4787 886 4862 tut
899 4789 1018 4850 inextri-
1069 4790 1205 4849 rancus.

180 4849 284 4910 cubilis
299 4852 350 4912 illa
362 4855 446 4916 fieret
470 4864 628 4940 connexio,
644 4868 722 4927 ultro
736 4872 926 4951 franguntur,
942 4879 1016 4956 ipsis
1387 4883 1502 4942 CAPUT
1520 4887 1573 4942 XV·

179 4941 270 4998 etiam
279 4942 445 5046 trustrabm
460 4953 658 5052 compedibus
687 4965 907 5037 conquassatis.
929 4969 1014 5029 Deni—
1245 4971 1290 5032 De
1304 4973 1526 5032 adolescentulo
1538 4975 1724 5033 resuscitato.

177 5041 237 5098 que
247 5029 346 5089 alteris
358 5039 672 5136 compedibusmutuo
685 5051 784 5124 petitis
793 5053 895 5114 itidem
912 5064 1013 5120 aetum
1103 5061 1236 5134 llisergo
1256 5061 1297 5120 ita
1317 5061 1462 5120 hactenus
1485 5061 1574 5120 veluti
1587 5063 1627 5120 ad
1651 5062 1709 5120 alia
1728 5059 1905 5119 festinando

177 5119 285 5234 θῗῑζῦθ
313 5125 404 5224 Ῐθῗωβ
432 5143 554 5205 quoqne
573 5135 680 5195 eadem
702 5141 820 5212 jactum
847 5145 964 5222 accidit,
984 5156 1014 5210 et
1067 5149 1481 5228 succinctepraelibatis,aliud
1490 5149 1750 5226 peucineredibile
1761 5150 1904 5220 occurrit,

178 5206 240 5260 art.
270 5209 336 5310 «Ut
361 5212 585 5320 ’videopsancta
611 5225 695 5285 Fides
720 5229 789 5304 (nisi
813 5238 880 5294 astu
907 5241 1012 5315 caveo)
1066 5241 1161 5312 quod,
1185 5257 1224 5299 ne
1239 5239 1355 5299 silentio
1373 5245 1485 5318 pereat,
1506 5239 1660 5298 vivacibus
1684 5237 1905 5297 commendare

178 5305 282 5395 meum
295 5298 369 5356 mrln
394 5317 551 5368 mimicum
563 5313 594 5370 vi
618 5316 733 5378 unieret
748 5337 755 5380 τ
770 5337 877 5382 verum
892 5327 1012 5390 annitar
1066 5329 1238 5389 studuimus
1253 5329 1413 5389 schedulis.
1429 5328 1641 5388 tlltraclusanm
1656 5327 1748 5402 vulgo
1762 5327 1906 5384 dicuutur

172 5393 230 5524 {⁸⁰
242 5387 283 5440 ¹¹¹¹
297 5399 345 5442 ΝΞ
357 5403 444 5492 ’6093
460 5410 555 5468 ‘lllssm
579 5408 718 5466 *1⁰¹⁰le
739 5413 834 5484 possit
845 5415 974 5476 evenire.
993 5443 1009 5471 a
1065 5419 1241 5493 partes,ubi
1260 5419 1322 5478 duo
1347 5417 1500 5493 conjugali
1522 5418 1633 5478 toedere
1652 5417 1767 5486 sociati,
1784 5415 1903 5489 absque

172 5559 177 5568 1
194 5485 253 5528 une
266 5487 337 5532 vero
346 5483 435 5537 arctis
449 5483 632 5552 chordarum
652 5497 860 5560 voluminibus
887 5503 1007 5565 lacertis
1064 5507 1202 5567 sobolum
1217 5509 1399 5568 iocunditate
1427 5508 1539 5566 diutius
1556 5509 1735 5566 manserunt
1761 5503 1875 5563 steriles
1892 5523 1900 5576 ;

170 5573 201 5615 ur
211 5575 332 5624 erucem
345 5573 416 5672 aute
429 5578 533 5645 pectus
547 5584 725 5660 constrictis,
736 5595 805 5664 post
815 5592 880 5649 haee
895 5597 1008 5654 utram·
1063 5597 1204 5671 quiinitio
1214 5597 1340 5656 consilio
1351 5597 1390 5656 ad
1406 5601 1516 5656 sancta
1529 5592 1899 5671 virginispropitiatorium

168 5662 229 5721 que
244 5652 379 5724 palmam
390 5673 470 5720 orrea
483 5665 764 5752 collumutrobique
777 5681 1003 5754 circumactam,
1058 5686 1251 5778 accedentes,
1263 5703 1336 5751 mox
1345 5693 1375 5747 ut
1384 5685 1513 5763 manetis
1522 5685 1599 5746 votis
1610 5683 1705 5744 redrix
1719 5686 1904 5761 peregerunt
