3998 6176
104 197 146 250 ³³³
456 194 458 198 ·
724 178 906 264 SERDDNES
924 177 972 236 tn
991 177 1167 246 POPULUll.
1570 181 1572 188 ’
1751 191 1804 248 334

102 321 220 372 olorum.
238 313 315 372 Scito
329 317 442 386 ergoet
461 311 665 372 animadverte
683 309 750 366 :Ab
765 307 845 365 exitu
864 320 922 360 sor·
937 305 963 358 A
973 301 1089 373 justum
1111 323 1117 360 :
1140 304 1205 378 ipse
1230 310 1275 364 est
1301 308 1432 366 exoratio
1459 325 1515 386 pro
1538 311 1669 388 peccatis
1695 313 1804 372 nostris
1859 373 1860 381 ,

101 405 203 474 monis,
218 409 250 462 ut
259 404 370 462 iterum
383 403 547 461 aedificetur
560 402 734 474 Jerusalem,
761 413 856 472 usque
880 395 922 456 ad
976 393 1074 466 (ibid,
1090 397 1129 453 D.
1147 417 1161 446 r
1177 395 1307 454 lacobus
1321 399 1380 456 ait:
1397 422 1411 450 r
1428 400 1615 460 confitemini
1629 403 1804 461 alterutrum

100 495 241 552 Christum
254 495 364 551 ducem
377 493 585 552 hebdomades
601 496 727 568 septem,
755 495 783 548 et
806 487 922 546 hebdo-
975 489 1099 556 peccata
1113 489 1220 556 vestra,
1237 491 1266 544 et
1278 493 1360 546 orate
1375 506 1430 564 pro
1443 490 1581 564 invicem,
1597 497 1630 552 ut
1648 493 1805 552 salvemini

98 585 198 640 mades
213 584 369 655 sexaginta
384 583 451 640 dure
467 587 554 640 erunt
569 602 576 654 ;
593 587 621 640 et
648 599 770 638 rursum
791 578 921 636 aedifica·
976 573 1100 644 (Jacob,
1111 591 1139 644 v,
1153 575 1197 648 iii)
1212 592 1227 628 2
1240 575 1412 642 Fulssuuiius
1428 598 1435 636 ἱ
1453 601 1467 630 “
1483 581 1669 656 Quocunque
1692 585 1806 658 tempu·

96 673 181 744 hitur,
196 673 304 746 platea,
320 677 349 730 et
360 671 438 730 muri
459 673 489 729 in
518 671 657 742 augustia
685 676 866 744 temporum.
890 669 924 722 Et
975 677 1007 718 re
1025 663 1118 720 homo
1130 665 1222 736 egerit
1235 665 1452 740 poenitentiam,
1468 685 1560 742 quam
1574 669 1646 730 libat
1660 688 1804 743 annosus,

96 769 159 836 post
172 763 382 820 hebdomades
396 762 552 834 sexaginta
566 762 644 820 duas
669 761 821 818 occidetur
845 759 925 818 Chri.
977 752 1002 807 si
1014 754 1172 812 totocorde
1183 755 1535 832 renuntiaveritpeccatis
1545 762 1805 836 praeteritisetpro

97 859 155 909 stus
173 871 180 909 2
196 858 226 910 92
237 869 300 910 non
318 853 372 909 ern
383 853 448 925 ejus
463 852 923 928 populus‚qu1eumnegatusus
976 841 1018 898 eis
1032 841 1062 898 in
1076 849 1239 918 conspectu
1252 845 1371 906 Domini
1385 863 1448 904 non
1463 848 1560 907 solum
1583 850 1728 926 corporis,
1753 852 1807 909 sed

96 949 134 999 est
161 947 194 1000 Et
204 943 356 1000 civitatem
370 946 399 999 et
411 941 615 1000 sanctuarium
623 941 780 1015 dissipabit
793 939 923 1014 populus
976 933 1067 990 ulium
1082 935 1180 991 cordis
1194 934 1346 1012 lacrymas
1361 936 1480 1008 fuderit,
1507 943 1537 998 ui
1561 939 1713 998 muluuum
1737 957 1807 1016 ope-

96 1049 159 1088 cum
178 1031 255 1088 duce
269 1035 407 1100 venturo,
432 1034 460 1087 et
486 1030 556 1088 linis
578 1031 642 1102 ejus
658 1030 790 1100 vastitas,
814 1032 925 1103 etpost
976 1037 1043 1080 rum
1070 1023 1205 1082 maculas
1231 1026 1318 1083 bonis
1342 1027 1485 1101 operibus
1511 1028 1624 1086 diluere
1648 1030 1805 1104 curaverit,

95 1121 183 1178 mem
197 1121 270 1177 belli
285 1123 395 1177 statuta
419 1119 574 1176 desolatio.
600 1119 806 1179 confirmabit
822 1123 924 1176 autem
977 1112 1113 1170 omnium
1125 1120 1319 1190 peccatorum
1333 1116 1552 1188 indulgentiam
1566 1119 1700 1177 habebit.
1715 1143 1730 1172 »
1741 1122 1808 1178 Eze-

94 1217 214 1284 partum
227 1210 331 1268 multis
344 1209 538 1268 hebdomada
549 1225 620 1266 una.
630 1213 664 1268 Et
673 1210 704 1266 in
715 1208 840 1266 dimidio
852 1208 925 1266 heb·
977 1203 1053 1260 ahiel
1069 1221 1075 1260 ε
1092 1227 1106 1255 «
1119 1205 1148 1261 Si
1159 1203 1272 1280 impius
1298 1206 1390 1278 egerit
1415 1208 1623 1280 poenitentiam
1647 1209 1687 1268 ab
1709 1209 1807 1267 omni·

94 1299 233 1356 domadis
249 1298 366 1356 deliciet
379 1299 478 1356 hostia
493 1303 522 1355 et
536 1298 716 1356 sacrificium
727 1303 755 1356 et
768 1299 797 1355 in
812 1296 924 1370 templo
976 1293 1035 1349 bus
1049 1295 1179 1367 peccatis
1194 1295 1265 1366 suis,
1281 1312 1350 1370 quae
1369 1301 1509 1370 operatus
1523 1301 1577 1366 est,
1593 1302 1622 1355 et
1635 1297 1809 1361 custodierit

94 1390 144 1446 erit
159 1388 349 1446 abominatio
363 1387 566 1456 desolationis,
582 1393 718 1462 eiusque
733 1388 925 1444 adconsum·
977 1390 1127 1458 precepta
1141 1401 1209 1444 mea
1223 1387 1374 1460 universa,
1403 1391 1432 1446 et
1451 1387 1553 1451 iecerit
1572 1388 1730 1460 justitiam,
1746 1389 1808 1448 vita

94 1481 257 1537 mationem
271 1486 300 1537 et
315 1479 406 1537 tinem
431 1479 634 1553 perseverabit
660 1479 805 1538 desolatio
833 1480 923 1552 (Dan.
976 1473 1064 1537 vivet,
1086 1479 1115 1531 et
1127 1491 1189 1533 non
1199 1476 1358 1534 morietur:
1371 1476 1508 1537 omnium
1521 1477 1714 1554 iniquitatum
1730 1478 1807 1552 ejus,

94 1589 129 1642 rr,
144 1576 250 1640 21-27).
273 1595 287 1622 n
977 1580 1054 1638 quas
1066 1569 1207 1639 operatus
1222 1569 1340 1634 estnon
1350 1566 1532 1624 recordabor
1547 1586 1554 1625 ι
1574 1567 1728 1642 injustitia
1741 1584 1807 1640 sua,

126 1685 139 1710 a
162 1661 301 1730 nomine,
318 1660 386 1734 quis
401 1659 525 1716 credidit
539 1660 654 1718 auditui
669 1665 771 1718 nostro
786 1662 800 1717 t
815 1665 843 1718 et
856 1661 924 1719 bra·
943 1658 1073 1728 Bquam
1088 1660 1230 1729 operatus
1246 1661 1299 1727 est,
1308 1655 1396 1714 vivet.
1408 1657 1549 1731 Nunquid
1559 1657 1719 1716 voluntatis
1732 1675 1808 1716 meae

95 1751 194 1807 chium
224 1750 352 1816 Domini,
383 1748 430 1806 cui
454 1748 619 1808 revelatum
647 1751 714 1808 est?
739 1753 771 1806 Et
786 1751 926 1808 ascendet
979 1745 1245 1820 estmorsimpii‘i
1269 1745 1340 1802 dieii
1364 1745 1509 1804 Dominus
1536 1749 1625 1818 Deua,
1649 1752 1677 1806 et
1701 1763 1762 1806 non
1776 1753 1810 1806 ut

95 1841 168 1896 sicut
182 1839 345 1910 virgultum
362 1855 465 1896 eoram
476 1855 524 1905 eo,
551 1845 581 1896 et
599 1839 675 1896 siout
687 1841 773 1901 radix
796 1841 926 1898 deterre
979 1839 1165 1892 convertatur
1179 1851 1198 1892 a
1212 1835 1267 1892 viis
1283 1835 1346 1894 suis
1362 1839 1391 1892 et
1402 1835 1506 1894 vivat?
1531 1835 1560 1894 Si
1578 1841 1679 1894 autem
1694 1842 1806 1896 averte·

95 1930 202 1986 sitienti
223 1947 231 1985 :
257 1945 319 1986 non
333 1933 379 1985 est
392 1928 506 2002 species
521 1930 548 1988 ei
560 1946 658 2004 neque
672 1929 763 1988 decor
779 1948 785 1986 :
802 1935 831 1988 et
854 1930 927 1988 vidi·
978 1925 1016 1982 rit
1030 1925 1170 1998 sejustus
1186 1925 1330 1997 ajustrtia
1355 1940 1421 1998 sua,
1447 1929 1477 1984 et
1498 1925 1599 1984 iecerit
1621 1925 1809 2001 iniquitatem

95 2036 166 2074 mus
178 2035 257 2085 eum,
279 2023 308 2074 et
319 2033 382 2075 non
398 2023 462 2076 erat
473 2023 622 2093 aspectus,
647 2024 676 2077 et
689 2018 927 2079 desideravimus
979 2014 1147 2072 secundum
1161 2030 1267 2072 omnes
1281 2013 1523 2072 abominationes
1536 2031 1613 2088 quas
1628 2016 1746 2090 operari
1761 2033 1810 2073 so·

95 2126 163 2164 eum
178 2127 184 2162 :
200 2108 378 2180 despectum
393 2113 422 2164 et
433 2108 632 2166 novissimum
659 2108 804 2182 virorum,
828 2109 925 2169 virum
979 2104 1019 2162 lot
1032 2103 1153 2177 impius,
1168 2103 1307 2177 nunquid
1322 2103 1425 2160 vivet?
1451 2106 1561 2162 omnes
1587 2105 1709 2178 justitiae
1732 2107 1809 2178 eius,

95 2199 235 2254 dolorum
247 2203 277 2254 et
291 2197 433 2254 scientem
456 2197 661 2255 infirmitatem
675 2217 682 2268 ;
708 2203 738 2256 et
764 2199 853 2273 quasi
876 2198 928 2256 ab
980 2211 1056 2268 quas
1069 2193 1243 2266 iecerit,non
1258 2192 1496 2253 recordabuntur
1505 2212 1512 2252 ι
1521 2194 1553 2255 in
1564 2195 1811 2268 prevaricatione

96 2286 249 2342 sconditus
260 2285 359 2341 vultus
374 2285 439 2356 ejus
454 2288 482 2342 et
496 2284 667 2358 despectus,
679 2286 759 2342 unde
772 2303 828 2343 nec
839 2302 927 2360 repu—
978 2301 1041 2358 qua
1053 2284 1266 2358 prevaricatus
1281 2288 1335 2353 est,
1351 2287 1380 2340 et
1389 2283 1424 2341 in
1436 2289 1563 2359 peccato
1575 2301 1631 2342 suo
1644 2285 1728 2360 quod
1739 2301 1810 2360 pec·

94 2465 214 2520 dolores
231 2467 351 2519 nostros
368 2463 431 2535 ipse
454 2462 591 2536 portavit,
617 2469 645 2520 el
670 2479 728 2521 nos
754 2464 927 2538 putavimus
980 2480 1053 2520 suas
1065 2463 1210 2536 iudicabo
1224 2462 1335 2520 domus
1355 2462 1455 2532 lsrael,
1482 2461 1523 2526 ait
1548 2463 1703 2526 Dominus.
1734 2468 1811 2526 Con·

95 2570 164 2610 eum
176 2552 267 2626 quasi
280 2551 445 2625 leprosum,
461 2555 490 2608 et
501 2567 678 2624 percussum
694 2569 713 2610 a
731 2555 802 2623 Deo,
824 2557 853 2609 et
872 2553 928 2610 hu·
979 2552 1129 2612 vertimini
1143 2557 1172 2610 ei
1184 2552 1262 2623 agite
1275 2550 1483 2626 poeniientiam
1498 2551 1538 2624 ab
1552 2553 1812 2630 omnibusiniqui·

95 2643 254 2700 miliatum.
273 2644 335 2714 lpse
348 2643 450 2700 autem
471 2639 644 2698 vulneratus
668 2645 713 2698 est
733 2645 854 2715 propter
874 2641 929 2698 ini·
980 2641 1218 2710 tatibusvastris,
1234 2644 1338 2698 etnon
1351 2640 1547 2698 oritvobisin
1560 2641 1681 2703 ruinam
1703 2643 1812 2718 iniqui·

95 2732 224 2804 quitates
236 2733 368 2797 nostras,
394 2727 513 2786 ,attritus
541 2732 585 2784 est
612 2733 735 2802 propter
749 2729 861 2786 scelera
876 2745 928 2786 no·
979 2733 1037 2788 tas.
1051 2730 1185 2803 Projicite
1200 2745 1219 2788 a
1237 2728 1322 2786 vobis
1347 2744 1454 2789 omnes
1478 2729 1737 2804 prevaricationes
1758 2747 1811 2790 ve·

95 2825 166 2875 stra.
179 2817 343 2890 Disciplina
356 2816 438 2889 pacis
453 2820 561 2874 nostroe
577 2831 667 2890 super
680 2833 760 2888 eum,
785 2821 816 2875 et
834 2817 927 2876 livore
981 2824 1066 2890 stras,
1082 2819 1114 2884 in
1128 2819 1238 2895 quibus
1249 2818 1438 2894 praevaricati
1456 2818 1537 2889 estis,
1562 2823 1591 2876 et
1614 2819 1702 2879 tacite
1724 2819 1812 2880 vobis

95 2907 160 2976 ejus
176 2907 276 2964 sanati
288 2923 405 2964 sumus.
422 2907 532 2962 Omnes
547 2923 604 2963 nos
623 2907 711 2980 quasi
725 2923 797 2965 oves
817 2907 927 2965 erravi·
981 2925 1033 2966 cor
1047 2925 1161 2970 novum
1171 2912 1200 2966 et
1214 2907 1352 2982 spiritum
1365 2925 1479 2965 novum
1495 2925 1502 2964 ε
1519 2913 1548 2966 et
1568 2926 1576 2964 τ
1593 2925 1687 2984 quare
1701 2909 1811 2968 morie·

96 3011 173 3049 mus.
192 2993 405 3067 Unusquisque
426 2993 457 3050 in
479 2993 558 3052 viam
585 3011 674 3052 suam
700 2995 883 3054 declinavit:
900 3000 929 3054 et
947 2998 1065 3071 cmini,
1079 2999 1190 3058 domus
1205 2997 1318 3056 lsrael?
1331 2998 1404 3072 quia
1414 2997 1484 3056 nolo
1503 3003 1630 3056 mortem
1645 2999 1812 3074 morientis,

97 3083 242 3140 Dominus
268 3083 371 3157 posuit
397 3083 428 3140 in
453 3098 488 3139 eo
509 3083 680 3157 iniquitates
707 3085 845 3142 omnium
872 3101 926 3143 no·
981 3086 1052 3145 dicit
1065 3086 1210 3144 Dominus
1225 3089 1314 3158 Deus,
1341 3086 1524 3144 revertimini
1547 3090 1576 3144 et
1597 3087 1809 3161 viviteOEzeclr.

99 3179 204 3230 suum.
221 3172 344 3230 Oblatas
359 3176 405 3228 est
418 3173 490 3246 quia
503 3173 567 3246 ipse
588 3173 691 3244 voluit,
721 3179 748 3230 et
771 3191 833 3233 non
859 3190 929 3248 ape·
981 3179 1077 3246 tl-it,
1093 3177 1198 3248 ao-32).
1215 3198 1230 3229 »ι

97 3262 153 3320 ruit
165 3279 200 3319 os
216 3278 317 3318 suum.
337 3261 417 3319 Siout
442 3261 506 3319 ovis
532 3262 571 3320 ad
598 3263 780 3322 occisionem
803 3264 929 3322 ducetur
1296 3266 1411 3324 SEDDO
1432 3266 1500 3323 Vlll.

99 3352 183 3424 quasi
213 3366 312 3422 agnus
338 3366 440 3408 coram
466 3351 607 3409 tondente
632 3368 665 3408 se
688 3353 884 3422 obmutescet,
900 3357 930 3410 et
1271 3355 1519 3428 (Daemonium).

99 3458 157 3498 uon
172 3441 287 3513 aperiet
311 3455 346 3495 os
372 3456 472 3497 suum.
503 3443 543 3496 De
568 3441 707 3512 angustia
723 3446 751 3499 et
764 3441 802 3498 de
814 3442 929 3514 judicio
1018 3446 1079 3500 lioo
1092 3459 1164 3500 vero
1179 3445 1313 3516 tempore
1328 3448 1539 3518 posteaquam
1556 3445 1734 3506 resurrectio
1758 3449 1814 3505 Do·

101 3531 234 3588 sriblatus
249 3535 307 3586 est.
324 3529 549 3588 Generationom
570 3531 636 3603 ejus
660 3531 727 3604 qais
751 3532 929 3590 enarrabit?
983 3529 1160 3588 mininostri
1171 3534 1239 3590 lesu
1250 3531 1365 3601 Christi,
1378 3532 1654 3592 manifestissimum
1665 3535 1813 3607 judicium

101 3621 171 3688 Quia
195 3619 350 3677 abscissus
373 3623 417 3676 est
442 3619 479 3675 de
507 3623 585 3676 terra
612 3619 784 3678 viventium.
808 3624 930 3696 Propter
982 3623 1092 3678 nostrae
1104 3619 1259 3692 libertatis,
1275 3620 1441 3690 iDuxit‚nec
1455 3637 1560 3680 eorum
1574 3622 1729 3694 signorum
1744 3640 1813 3698 qum

102 3713 193 3768 scelus
208 3709 317 3784 populi
328 3709 386 3766 mei
400 3708 533 3782 percussi
548 3725 629 3766 eum.
656 3713 691 3767 Et
713 3710 797 3768 dabit
820 3711 929 3784 impios
980 3707 1047 3779 iarn
1060 3707 1253 3780 intelligimus
1267 3710 1440 3784 operatione
1455 3711 1539 3782 gravi
1559 3713 1674 3770 onerati
1696 3730 1812 3782 sumus,

100 3817 150 3874 pro
166 3799 334 3874 sepultrua,
350 3803 379 3855 et
389 3798 511 3856 divitem
525 3815 580 3872 pro
595 3796 690 3855 morie
705 3815 762 3856 sua
777 3817 784 3854 ε
800 3816 836 3856 eo
846 3801 930 3874 quod
984 3796 1039 3854 sed
1053 3797 1194 3870 quaedam
1213 3815 1311 3872 pauca
1333 3815 1390 3874 pro
1413 3799 1515 3858 multis
1540 3801 1709 3875 eadamque
1733 3802 1814 3859 laetu

101 3891 287 3964 iniquitatem
298 3889 483 3954 nonieeerit,
513 3905 568 3946 noc
595 3889 683 3948 dolus
705 3889 794 3948 luerit
819 3890 850 3948 in
879 3906 929 3948 ora
984 3884 1126 3943 facillima
1136 3890 1165 3945 et
1173 3886 1380 3945 observatione
1394 3886 1573 3959 castissima,
1583 3889 1647 3962 ipse
1669 3890 1813 3947 Dominus

103 3981 175 4050 eius.
191 3983 223 4036 Et
233 3980 377 4036 Dominus
390 3978 516 4036 voluerit
537 3983 688 4036 conterere
712 3996 782 4037 eum
802 3980 834 4036 in
846 3981 929 4040 intir-
985 3978 1014 4031 ui
1026 3975 1191 4048 apostoliea
1204 3975 1325 4032 tradidit
1338 3974 1506 4049 discipliua-
1524 3976 1621 4034 Secuii
1633 3981 1662 4034 ei
1670 3977 1815 4052 baptismi

103 4069 214 4126 mitate.
243 4069 273 4125 Si
294 4067 444 4142 possuerit
466 4084 521 4141 pro
535 4072 660 4140 peceato
681 4069 816 4126 animam
830 4085 928 4142 suam,
984 4069 1249 4122 sacramentumet
1267 4064 1427 4122 celebratio
1451 4064 1585 4138 corporis
1609 4069 1638 4123 et
1657 4066 1814 4138 sanguinis

102 4157 213 4214 ridebit
240 4173 344 4214 semen
371 4157 543 4226 longevum
567 4161 595 4212 et
615 4157 753 4214 voluntas
767 4159 885 4215 Domini
898 4159 931 4216 in
985 4153 1113 4227 Domini,
1127 4171 1195 4228 quae
1209 4153 1427 4228 unusquisque,
1451 4170 1520 4210 oum
1539 4155 1675 4229 percipit,
1691 4173 1752 4231 quo
1767 4173 1813 4216 re-

101 4265 192 4304 mano
207 4248 275 4320 ejus
289 4246 441 4316 dirigetur.
457 4249 511 4302 Pro
526 4262 562 4302 eo
576 4246 659 4319 quod
669 4245 819 4304 laboravit
828 4246 931 4306 anima
984 4240 1118 4298 terantur
1131 4241 1265 4300 imbutus
1279 4241 1424 4315 agnoseit,
1440 4246 1518 4300 uteo
1532 4258 1595 4325 non
1613 4245 1727 4306 carnali
1751 4261 1814 4306 ser-

101 4339 173 4408 ejus,
190 4337 304 4394 videbit
318 4341 346 4392 et
358 4335 539 4394 saturabitur
553 4353 560 4392 τ
575 4335 606 4392 iu
621 4335 744 4394 scicntia
757 4351 812 4392 sua
823 4334 930 4408 justiti·
947 4360 971 4417 D
984 4331 1086 4400 vitute,
1103 4331 1157 4389 sed
1172 4331 1318 4406 spirituali
1332 4332 1432 4406 potius
1443 4331 1578 4395 libertate
1589 4350 1777 4396 veneremur.

102 4429 252 4501 subitipsa
261 4431 363 4498 Justus
377 4442 481 4482 servus
497 4443 582 4482 mous
601 4425 721 4497 multos,
748 4430 777 4484 et
790 4426 929 4500 iniquita·
1021 4423 1363 4493 natantianatantia,
1377 4421 1486 4495 inquit,
1515 4439 1634 4487 comem
1648 4427 1708 4496 filii
1720 4426 1814 4483 bomi-

102 4525 140 4576 tes
151 4536 262 4576 eorum
274 4518 338 4590 ipse
352 4517 493 4591 portabit.
510 4517 579 4574 ideo
591 4515 769 4589 dispertiam
790 4517 817 4575 ei
842 4517 936 4591 pluri·
988 4512 1034 4568 ais
1047 4517 1073 4570 et
1089 4513 1265 4584 sanquinem
1280 4512 1421 4580 biberitis,
1437 4511 1655 4572 nonhabebitis
1677 4515 1768 4570 uitam
1783 4514 1815 4570 in

102 4625 174 4676 mos,
187 4612 217 4664 et
229 4607 351 4664 tortium
366 4606 479 4664 dividet
492 4606 599 4678 spolia,
615 4622 670 4680 pro
690 4623 725 4663 eo
742 4606 825 4680 quod
841 4606 932 4670 tradi·
987 4601 1078 4661 vobis.
1095 4600 1220 4659 Facinus
1231 4601 1277 4660 vel
1290 4599 1438 4672 flagitium
1451 4599 1567 4658 videtur
1578 4601 1694 4672 jubere.
1709 4601 1816 4673 Figura

101 4697 143 4754 dit
166 4699 198 4754 in
223 4701 353 4754 mortam
378 4695 626 4765 ammonianum,
651 4699 680 4752 ct
694 4713 764 4754 cum
783 4696 932 4756 sceleratis
986 4705 1058 4762 ergo
1073 4693 1118 4750 est
1132 4690 1198 4763 (54),
1214 4691 1293 4748 dicet
1302 4689 1470 4758 hereticus,
1485 4687 1664 4763 precipiens
1682 4689 1816 4747 Passioni

102 4789 258 4860 reputatus
271 4790 324 4841 est.
340 4787 373 4840 Et
394 4785 457 4857 ipse
480 4789 603 4857 peecata
628 4784 793 4844 multorum
812 4786 887 4857 tulit,
903 4789 932 4850 et
986 4781 1183 4841 Dominiesse
1198 4779 1486 4844 communicandum
1500 4781 1627 4848 tantum,
1641 4781 1672 4836 nt
1685 4778 1816 4838 suaviter

102 4892 156 4950 pro
171 4873 429 4947 trangressoribus
443 4873 537 4948 oravit
556 4874 625 4946 (iso.
642 4874 709 4946 rur),
728 4897 743 4926 »
758 4880 866 4934 utnon
881 4892 932 4949 pe-
986 4873 1076 4944 atque
1090 4869 1198 4928 utiliter
1209 4868 1435 4934 recondendum
1450 4867 1482 4923 in
1493 4867 1650 4935 memoria,
1666 4867 1750 4940 quod
1759 4885 1815 4943 pro

103 4966 203 5036 rirent,
219 4964 292 5022 dicit
306 4964 450 5020 Dominus
464 4963 666 5036 omnipotens
986 4959 1074 5016 nohis
1087 4975 1158 5016 caro
1171 4960 1236 5032 ejus
1250 4957 1393 5017 crucifixa
1405 4960 1434 5017 et
1448 4955 1604 5014 vulnerata
1615 4955 1671 5020 sit.

138 5053 272 5111 Christus
286 5051 329 5109 ait
343 5069 351 5106 ε
369 5075 383 5102 «
397 5051 545 5110 Gaudium
558 5057 603 5109 est
615 5052 729 5122 angelis
755 5069 846 5126 super
870 5070 932 5112 uno
1023 5049 1080 5118 Qui
1092 5049 1257 5108 manducat
1267 5062 1362 5120 meopr
1377 5060 1498 5105 camon
1512 5050 1541 5102 et
1556 5045 1628 5102 bibit
1642 5061 1739 5104 meam
1748 5063 1817 5114 sou-

102 5145 259 5216 peecatore
272 5140 478 5216 poeniteniiam
495 5145 712 5214 agente,quam
727 5157 933 5215 supermona-
985 5140 1117 5210 quinem,
1147 5137 1236 5196 habet
1256 5137 1348 5195 utam
1369 5139 1522 5194 artemam.
1553 5133 1606 5192 ilio
1630 5137 1815 5213 quandoque

104 5233 185 5302 unta
209 5247 321 5290 novem
333 5229 430 5303 justis,
457 5229 509 5303 qui
533 5229 743 5301 nonindigent
757 5232 933 5304 poenitentia
986 5242 1040 5300 per
1054 5227 1155 5284 cibum
1168 5230 1197 5284 et
1211 5229 1317 5298 potum
1332 5222 1503 5282 societatem
1526 5222 1588 5282 vult
1608 5223 1732 5299 intelligi
1749 5244 1815 5289 cor

104 5320 185 5386 tlara
201 5338 251 5391 xv,
267 5321 306 5393 tl.
323 5343 338 5371 »
352 5322 436 5376 toan.
457 5319 561 5390 Apost,
587 5319 629 5376 sic
651 5319 701 5388 ait,
728 5319 804 5378 inter
827 5326 934 5381 cauca
985 5316 1067 5391 poris
1079 5319 1109 5373 et
1121 5314 1329 5372 membrorum
1339 5328 1473 5383 suorum,
1488 5313 1573 5388 quod
1586 5319 1632 5374 est
1644 5321 1748 5376 mnata
1762 5321 1815 5376 Ec·

104 5409 140 5466 ad
152 5411 219 5482 jam
234 5407 400 5482 baptizatos
416 5425 423 5461 :
440 5429 453 5456 α
471 5405 574 5474 lilioli
589 5407 653 5464 baro
669 5408 766 5466 scribo
793 5409 878 5467 vobis
901 5413 934 5468 ut
988 5405 1087 5477 alesia,
1102 5405 1133 5462 in
1147 5403 1367 5479 praedestinatis
1381 5407 1410 5461 et
1423 5403 1537 5463 vocaus
1550 5409 1579 5462 et
1597 5407 1765 5480 justificatis
1788 5413 1817 5468 et

103 5513 163 5554 non
173 5498 303 5572 peccetis
318 5497 349 5569 (Ι
358 5498 448 5554 Joco.
460 5513 491 5564 n,
510 5495 545 5567 t).
558 5518 572 5546 »
589 5499 641 5552 Et:
666 5519 680 5548 «ι
699 5497 728 5554 Si
742 5498 811 5571 quis
827 5515 933 5572 pecca·
989 5495 1161 5568 glorificatis
1174 5493 1283 5552 sanctis
1296 5498 1327 5551 et
1348 5493 1488 5552 fidelibus
1507 5495 1583 5568 ejus.
1609 5499 1741 5562 Quorum
1755 5499 1816 5572 pri·

103 5589 185 5657 verit,
215 5588 400 5646 advocatum
427 5585 574 5644 habemus
598 5586 679 5659 apud
701 5589 818 5642 Patrem
832 5589 933 5646 losum
989 5605 1073 5644 mum
1087 5587 1150 5658 jnm
1162 5585 1274 5643 iactum
1289 5589 1332 5642 est
1346 5584 1378 5640 id
1390 5587 1436 5640 est
1450 5585 1672 5658 praedestinatio
1688 5603 1817 5646 :secun-

137 5681 195 5750 (54)
215 5674 421 5749 interpretatio
432 5678 476 5731 est
489 5673 618 5746 mystica
630 5677 658 5730 et
673 5679 745 5732 nota
758 5675 822 5734 hnc
838 5676 899 5734 duo
907 5673 1015 5746 acrba,
1033 5676 1109 5733 dicet
1126 5675 1293 5746 tarsitius,
1307 5688 1372 5732 non
1384 5671 1489 5732 haberi
1500 5673 1531 5730 in
1544 5689 1603 5732 ms.
1629 5677 1662 5732 D.
1677 5675 1796 5738 Patavii.
