3998 6176
164 171 216 228 339
681 169 709 226 S.
731 167 899 224 FULBERTI
917 159 1157 222 ClRNOTENSlS
1185 158 1352 216 EPISGOPI.
1822 157 1875 213 310

164 294 265 352 mineo
279 309 362 351 sexu.
373 291 503 350 Sentiam
517 307 623 349 omncs
649 293 735 348 tuum
753 294 910 365 juvamen,
926 290 991 365 qui·
1045 289 1139 343 tatum
1150 284 1298 340 effectum.
1313 283 1353 340 Sit
1363 281 1416 340 tibi
1431 260 1564 338 studium
1579 277 1700 336 assidue
1715 293 1801 336 orare
1819 293 1875 352 pro

165 399 283 456 cunque
291 380 442 438 celebrant
450 383 532 436 tuam
543 381 871 438 commemorationem.
881 379 990 436 assiste
1045 374 1159 449 populo
1172 371 1232 442 Dei,
1246 389 1314 446 ques
1335 371 1468 428 mernisti
1491 369 1649 426 benedicta
1661 368 1790 440 pretium
1801 368 1876 424 terre

164 475 270 548 parata
281 470 358 527 votis
372 469 572 542 poscentium,
587 473 617 528 et
628 471 760 546 repende
780 469 921 528 omnibus
936 483 990 540 op·
1045 463 1152 521 mundi
1166 463 1219 538 qut
1231 461 1302 518 vivit
1316 465 1344 518 et
1358 464 1463 531 regnat
1476 459 1507 515 in
1522 458 1633 516 saecula
1647 458 1838 515 seculorum.

164 589 1279 624 vaumwm

623 711 695 796 DE
734 707 985 797 PECCATlS
1018 701 1393 793 CAPITALIBUS.

568 919 588 974 1.
1011 907 1202 981 Aexstiterit,
1230 911 1345 981 septem
1374 905 1461 964 annis
1490 905 1642 980 peniteat.
1676 903 1785 978 Siquis
1797 905 1880 976 jurat

377 1007 421 1065 De
431 1007 608 1077 paenitentia
624 1009 779 1066 laicorum.
1049 1004 1152 1058 contra
1163 1014 1282 1072 pacem,
1299 1013 1360 1054 uno
1376 1013 1456 1054 anno
1472 995 1616 1070 poeniteat
1629 1010 1699 1052 cum
1712 995 1878 1068 eleemosy-

202 1096 231 1153 Si
247 1095 315 1170 quis
325 1096 480 1153 hominem
492 1096 633 1153 occiderit
646 1102 762 1170 sponte,
779 1101 893 1171 septem
908 1095 994 1152 aunis
1048 1091 1106 1158 nis,
1122 1093 1149 1146 et
1162 1089 1273 1146 redeat.
1292 1088 1319 1146 Si
1334 1088 1403 1162 quis
1418 1085 1607 1161 pertinaciter
1621 1085 1692 1156 odit,
1707 1100 1880 1143 excommn-

165 1185 317 1258 poeniteat.
333 1186 361 1244 Si
376 1185 568 1254 immeritum,
584 1187 688 1243 decem
702 1187 790 1244 annis
801 1186 953 1261 poeniteat.
966 1185 995 1242 Si
1049 1181 1172 1238 nicetur.

165 1275 337 1347 diaconum,
349 1276 576 1349 quatuordecim
591 1277 677 1333 annis
696 1277 847 1350 poeniteat.
875 1276 903 1333 Si
914 1291 996 1348 pres·
1448 1269 1480 1323 il.

137 1410 139 1430 .
164 1365 315 1438 hyterum,
331 1363 435 1436 viginti
459 1369 488 1423 et
510 1382 572 1422 uno
591 1381 672 1423 auno
699 1366 850 1439 poeniteat.
871 1364 900 1421 Si
925 1362 994 1438 quis
1250 1359 1294 1413 De
1306 1357 1485 1427 poenilentla
1500 1357 1670 1413 mulierum·

164 1453 320 1510 hominem
334 1469 395 1510 non
409 1457 514 1527 sponte
530 1453 679 1526 occiderit,
710 1454 802 1511 tribus
822 1454 908 1511 annis
934 1470 996 1527 poe-
1087 1445 1114 1503 Sl
1131 1445 1444 1518 dilamuliei'dlwbus
1474 1445 1616 1502 fratribus
1635 1445 1779 1518 nupserit,
1796 1444 1883 1518 quln-

165 1542 267 1598 niteat.
286 1541 315 1599 Si
330 1541 452 1616 publico
466 1541 554 1611 bello,
573 1559 633 1599 uno
644 1559 725 1600 anno
735 1543 918 1616 poeniteet.Si
928 1541 995 1616 quis
1049 1549 1108 1606 que
1122 1535 1208 1590 annis
1222 1533 1374 1608 poeuiteat.
1390 1534 1494 1606 Siqua
1509 1539 1629 1608 partum
1655 1537 1753 1596 necat,
1770 1538 1821 1589 aut
1833 1549 1882 1588 ex-

166 1629 322 1688 hominem
336 1628 542 1700 debilitaverit,
559 1632 655 1689 tribus
683 1631 886 1706 quadragenis
898 1631 994 1706 poeni-
1049 1624 1119 1680 citat
1131 1628 1235 1697 sponte
1251 1642 1257 1679 ε
1275 1625 1375 1696 sijum
1390 1623 1469 1691 vivit,
1482 1623 1642 1680 duodecim
1653 1623 1740 1680 annis
1758 1641 1763 1690 ;
1781 1623 1805 1678 si
1820 1639 1882 1678 non

165 1723 235 1777 teet.
254 1719 365 1793 siquis
380 1720 552 1777 membrum
579 1721 744 1795 principale
772 1720 860 1777 alicui
888 1719 993 1788 tulerit,
1048 1715 1118 1771 vivit
1134 1715 1243 1782 adhuc,
1271 1713 1425 1771 sexennis
1452 1719 1521 1788 post
1539 1714 1681 1788 poeniteat
1697 1733 1703 1781 ;
1720 1717 1748 1769 et
1763 1729 1882 1786 semper

167 1808 261 1866 tribus
274 1809 361 1866 annis
376 1813 405 1866 et
419 1809 544 1866 dimidio
556 1809 708 1885 poeniteat.
740 1809 849 1883 Siquis
866 1809 996 1865 sodomi·
1050 1803 1350 1876 sextateriajejunet.
1369 1803 1397 1860 Si
1419 1808 1515 1860 mater
1538 1802 1691 1859 dormiens
1715 1801 1810 1858 lilium
1835 1802 1883 1858 vel

167 1898 242 1956 ticus
256 1897 303 1956 vel
317 1915 387 1955 cum
397 1899 513 1973 pecude
527 1899 629 1970 semei,
657 1903 771 1974 septem
799 1898 886 1957 annis
902 1898 996 1972 poeni-
1049 1894 1142 1950 tiliam
1158 1893 1348 1968 oppresserit,
1365 1892 1460 1950 tribus
1477 1893 1563 1950 anuis
1576 1891 1725 1966 poeniteat.
1739 1893 1767 1950 Si
1782 1893 1882 1950 intans

167 1989 236 2044 teat.
255 1987 284 2044 Si
296 1988 494 2052 consueverit,
511 1987 719 2062 quatordecim
741 1987 827 2044 anuis
842 1988 993 2062 poeniteat.
1050 1983 1159 2039 alicubi
1174 1982 1322 2055 ceciderit,
1337 1984 1366 2039 et
1381 1982 1495 2053 obierit,
1512 1997 1621 2055 pareus
1646 1999 1708 2039 uno
1723 1999 1803 2040 anno
1817 2000 1882 2058 por-

169 2075 281 2152 siquis
308 2077 470 2134 fornicatur
490 2077 567 2134 inter
593 2076 709 2134 femora
738 2076 839 2146 semel,
866 2081 996 2150 quatuor
1050 2072 1150 2130 niteat.
1166 2074 1194 2130 Si
1209 2071 1308 2129 iulans
1322 2075 1460 2130 mortuus
1479 2071 1568 2129 fuerit
1592 2089 1646 2146 per
1669 2071 1883 2142 negligentiam

167 2164 370 2241 quadragenis
383 2164 569 2239 poeniteat.Si
577 2166 773 2236 consueverit,
787 2165 881 2223 tribus
889 2165 994 2234 anuis3
1051 2161 1114 2218 siue
1129 2161 1291 2234 baptismo,
1308 2161 1403 2218 tribus
1416 2161 1503 2218 annis
1517 2161 1659 2236 poeniteat
1675 2181 1682 2231 ;
1703 2179 1762 2219 uno
1784 2179 1820 2219 ex
1836 2161 1882 2218 his

168 2255 193 2313 si
204 2257 349 2331 parvulus
364 2271 528 2332 oppressus
541 2257 599 2314 hoc
613 2255 732 2330 patitur,
754 2271 815 2314 uua
827 2255 996 2330 quadrage·
1017 2270 1038 2325 g
1052 2251 1134 2323 foris,
1146 2256 1174 2308 et
1188 2268 1308 2325 semper
1320 2257 1404 2308 sexto
1430 2249 1503 2308 foria
1526 2251 1651 2323 jejunet.
1677 2251 1782 2308 Fidelis
1803 2251 1882 2308 bene

167 2355 209 2400 ne
223 2341 417 2416 praelicatst
431 2354 485 2415 per
510 2357 540 2397 se
553 2341 664 2415 ipsum,
695 2340 814 2398 duabm
829 2340 1001 2414 quadrage·
1054 2341 1158 2398 vivens
1178 2358 1301 2398 securus
1326 2340 1396 2398 hinc
1420 2341 1488 2397 exit.
1512 2341 1683 2414 Baptizatus
1711 2341 1750 2397 ad
1774 2339 1884 2397 horam

168 2432 215 2488 nis
229 2431 381 2505 poeniteat.
399 2431 427 2489 Si
442 2431 639 2500 consueverit,
665 2447 727 2488 uno
750 2446 830 2488 anno
844 2431 997 2504 poeuiteat.
1054 2445 1147 2501 egens
1161 2430 1368 2502 poenitentiam
1383 2430 1458 2486 dum
1481 2445 1575 2485 sanus
1590 2433 1634 2485 est
1661 2433 1688 2485 et
1714 2430 1885 2486 reconcilia-

171 2521 281 2596 siquis
298 2519 445 2579 adulterat
459 2519 639 2594 simpliciter,
654 2521 788 2594 quinque
800 2520 889 2576 annis
904 2521 999 2594 poeni·
1053 2521 1110 2590 tus,
1122 2523 1151 2574 et
1165 2523 1271 2592 postea
1294 2518 1371 2574 bene
1397 2518 1467 2574 vivit
1493 2534 1625 2574 securae.
1642 2517 1706 2590 Qui,
1722 2517 1840 2594 positus
1853 2519 1885 2574 in

168 2605 238 2663 teet.
257 2605 286 2664 St
297 2605 464 2680 dupliciter,
480 2605 585 2662 decem
600 2604 687 2663 aunis
711 2605 863 2678 poeniteat.
890 2605 917 2662 Si
931 2604 999 2680 quis
1052 2607 1157 2664 ultima
1182 2607 1370 2680 necessitate,
1390 2606 1597 2682 poenitentiam
1626 2603 1789 2682 accipiffet
1815 2609 1883 2676 exit,

168 2697 289 2770 raptum
303 2691 510 2770 fecerit,tribus
528 2695 628 2767 annis,
643 2711 705 2753 uno
716 2695 753 2754 de
762 2695 890 2753 historie
906 2695 999 2752 eccle·
1053 2697 1156 2766 fateor,
1171 2714 1234 2755 non
1249 2697 1448 2768 illinegamus
1462 2695 1545 2770 quod
1560 2698 1641 2770 petit,
1665 2697 1716 2753 scd
1732 2708 1794 2753 non
1808 2714 1885 2772 prae-

170 2785 214 2844 sia
228 2785 380 2860 poeniteat.
406 2785 515 2860 Siquis
539 2799 675 2842 nonnam
690 2784 863 2860 corruperit,
885 2787 999 2858 septem
1053 2801 1142 2842 sumo
1157 2785 1255 2842 dicere
1271 2785 1342 2861 quia
1357 2785 1435 2842 bene
1451 2785 1519 2842 exit.
1549 2789 1591 2842 Do
1615 2803 1686 2856 ergo
1702 2786 1859 2842 consihum
1875 2806 1883 2844 :

171 2875 257 2932 annis
273 2874 426 2950 poeuiteat.
444 2873 552 2948 Siquis
577 2873 844 2945 consanguineam,
864 2873 998 2947 quinque
1053 2875 1166 2933 dimitte
1180 2875 1337 2944 incertum,
1357 2881 1386 2933 et
1412 2880 1478 2932 tene
1502 2877 1626 2947 certum,
1651 2877 1684 2932 ut
1703 2876 1776 2932 dum
1792 2893 1885 2932 sanus

170 2963 424 3040 annispoeniteat.
451 2963 569 3038 siquis
599 2963 717 3022 divinos
741 2963 877 3033 consulit,
906 2963 999 3021 tribus
1051 2979 1082 3021 es
1097 2981 1171 3037 agas
1198 2965 1415 3039 poenitentiam,
1443 2969 1474 3022 ut
1498 2971 1634 3022 mortuus
1662 2962 1774 3022 habeas
1800 2981 1885 3022 secu-

172 3054 258 3114 annis
270 3055 422 3130 poeniteat.
449 3053 478 3114 Si
506 3055 573 3131 quis
602 3055 763 3128 sacrilegus
791 3055 839 3112 vel
860 3055 998 3131 perjurus
1051 3053 1179 3113 ritatem.

615 3383 954 3502 salven
1004 3381 1452 3502 rennuunt

820 3565 1059 3625 carnotensis
1079 3568 1235 3624 EPISGOPI

348 3743 592 3866 arum
633 3745 723 3864 ur
765 3742 1090 3865 erutuet
1142 3663 1711 3868 ECCLESttSrtta.

817 3931 971 4004 (arctiora.
988 3933 1075 3990 raa.
1087 3932 1178 4002 uviri,
1194 3932 1252 4006 aa.)

578 4192 600 4245 1,
1022 4192 1043 4249 G
1091 4187 1254 4259 interhoec,
1266 4187 1391 4262 quidam
1414 4188 1554 4245 sacerdos
1568 4188 1598 4244 in
1623 4187 1730 4245 eodem
1759 4187 1887 4262 oppido,

260 4287 371 4334 erveus
386 4291 436 4333 seo
450 4291 539 4334 mosi
554 4293 588 4334 nn
601 4293 708 4336 seuero
729 4291 918 4335 marinaeus.
1057 4282 1250 4352 nuncupatus
1267 4278 1450 4346 itermotaus,
1469 4278 1550 4334 metu
1560 4278 1631 4333 survi
1643 4277 1798 4351 principis,
1814 4277 1888 4334 iate-

213 4367 344 4433 Quantas
357 4365 454 4422 coedes
466 4365 623 4424 Christiani
634 4368 731 4438 gregis
743 4367 932 4436 inhorruerit,
947 4369 1004 4426 sub
1058 4369 1114 4426 bra
1129 4385 1161 4426 se
1176 4368 1358 4425 recondebat
1372 4367 1513 4424 obsoletae
1525 4368 1639 4438 tegetis.

175 4455 345 4514 Ufflmlflfli
369 4455 526 4529 (111θῦᾶὸῑῦ
549 4456 643 4530 impla
667 4457 836 4530 li'ffissssldev
863 4458 1004 4517 P⁰V⁰l¹1lffl
1093 4475 1158 4540 Qua
1184 4475 1394 4532 Pantaleoncm
1432 4487 1510 4548 saepe
1539 4478 1742 4531 transeuntem
1771 4472 1890 4546 conspi-

175 4545 370 4605 mflflllffillffll
387 4547 603 4621 seripturarum
617 4549 745 4621 pflsslnte.
1057 4579 1140 4632 cans,
1156 4581 1209 4621 vas
1224 4565 1375 4621 electionis
1390 4581 1454 4620 esse
1469 4563 1614 4636 comperit
1628 4577 1681 4636 per
1693 4559 1846 4636 Spiritum,
1862 4567 1891 4618 et

210 4637 292 4694 Tum
305 4636 499 4694 Eu⁵l⁰l⁰l¹lu⁵
528 4641 649 4695 ⁹⁰¹¹³l0l
676 4638 803 4712 quidum
825 4639 1004 4698 Nl⁰0m⁰dlffi
1057 4653 1191 4710 modeste
1205 4654 1378 4727 provocavit
1392 4654 1472 4709 intus
1488 4650 1527 4709 ad
1542 4649 1737 4727 colloquium.

175 4725 761 4890 gssffibggssgssffffiguzagsmnfflge
786 4725 958 4798 Panfflffln’
976 4732 1005 4786 οἱ
1094 4761 1203 4827 Quaerit
1231 4777 1301 4833 ergo
1323 4779 1445 4830 nomen,
1460 4778 1554 4833 genus
1570 4754 1595 4817 sl

211 4903 401 4977 Undepater,
427 4917 512 4960 more
535 4907 668 4976 patrum,
692 4901 777 4960 laetus
803 4918 838 4960 ae
862 4903 1005 4961 sollicitus

175 4987 243 5049 tecit
257 5005 327 5048 eum
336 4989 1006 5065 liberalesameeapprehendere,utnoneseet
1168 5049 1173 5062 ,
1239 5050 1244 5062 ,

176 5080 313 5153 mo„
325 5079 444 5155 lampa,
457 5081 521 5140 ,me
534 5079 658 5138 lumine·
1096 5048 1188 5107 Solvit
1200 5066 1332 5124 primum
1346 5050 1556 5150 sesecundum
1574 5054 1663 5120 etune
1673 5063 1892 5147 exponeuscae-

211 5169 450 5227 mmerseonea
464 5169 603 5229 sununs
618 5169 781 5244 disciplina
795 5170 899 5241 naua,
915 5171 1007 5228 mear-
1059 5140 1140 5237 lew,
1201 5139 1330 5207 scrutor,
1358 5142 1464 5237 ”timi
1493 5137 1676 5236 d⁰⁰⁰¹7³⁰¹¹l³
1702 5137 1892 5236 ffii’i’oeffilt

177 5256 395 5314 Maximiani
422 5259 543 5318 midi,
564 5258 763 5334 Euphrosm
796 5275 859 5334 quo
883 5261 1006 5318 duetore
1059 5226 1603 5302 modia,atquemagnrpraecessons
1631 5241 1695 5300 erus
1719 5225 1890 5300 AEsculepu.

178 5345 268 5420 eoepil
281 5361 346 5406 esse
360 5347 502 5428 frequens
514 5349 546 5406 in
561 5347 683 5425 palatio.
1096 5355 1110 5384 α
1125 5337 1183 5392 ttos
1197 5337 1341 5406 putamus
1361 5349 1426 5389 esse
1452 5333 1535 5402 deos,
1564 5331 1615 5405 qui
1645 5331 1740 5390 vivaci
1754 5333 1891 5404 numine,

213 5439 378 5510 Imperator
391 5443 503 5510 autem,
519 5439 584 5512 ejus
607 5439 767 5498 honestata
786 5441 915 5512 cognita,
929 5455 1007 5496 asse
1061 5439 1129 5496 ‘1¹¹m
1144 5423 1295 5496 dimili)la
1318 5422 1512 5497 fellqffllffllv
1541 5425 1757 5522 Piqsequwlfli
1786 5435 1892 5494 811111)

177 5526 224 5598 n't,
241 5543 276 5584 ac
291 5531 508 5601 consequenter
521 5532 700 5586 attestamtur
719 5529 780 5598 atii,
805 5529 897 5603 digna
923 5528 1007 5608 quod
1060 5511 1145 5582 bant,
1160 5512 1233 5570 dum
1245 5512 1369 5580 langore
1385 5512 1514 5584 fatigetis
1534 5515 1692 5568 sanitatem
1708 5515 1860 5582 reparant.
1878 5531 1892 5562 a

177 5631 310 5704 persone
324 5616 390 5684 tatis
403 5621 501 5684 estere
515 5619 631 5686 cesari,
1095 5619 1140 5678 ad
1154 5619 1219 5680 heae
1234 5633 1324 5681 senex
1337 5617 1521 5692 Hermolaus,
1529 5635 1563 5678 os
1577 5623 1730 5680 maturum
1740 5627 1891 5696 reserans,

1600 4761 1764 4833 ediumque
1793 4757 1889 4834 pueri,

1057 4850 1164 4922 quierit
1183 4855 1306 4908 sectam.
1337 4848 1385 4908 ille
1408 4853 1517 4908 notans
1530 4845 1725 4926 quoesitorum
1739 4849 1890 4918 ordinem,

1058 4937 1213 5010 diligenter
1229 4944 1442 5014 contrapensat
1455 4957 1669 5015 responsorum
1682 4939 1800 4996 scriem.
