4044 6184
80 1703 83 1706 ·
180 1712 251 1771 pus,
267 1699 342 1756 odor
357 1703 551 1762 suavissimus
566 1712 730 1769 emanabat
754 1721 783 1772 et
804 1719 940 1778 omniurn

191 169 241 221 itt

768 177 924 234 annuant
945 178 973 234 S·
995 179 1135 238 clueant
1154 187 1322 247 tibuatur.

1853 200 1905 253 {20

186 286 244 343 bus
272 287 382 345 detenti
409 289 530 347 adfuere
555 294 594 348 ad
620 295 685 366 ejus
707 299 900 371 sepulchrum
919 302 1015 358 sanati
1035 307 1175 365 Aomuia
1189 311 1256 369 loca
1267 329 1320 387 per
1335 315 1492 372 circuitum
1506 317 1591 373 urbis
1604 318 1642 374 ad
1660 318 1821 375 duodecim
1841 337 1905 376 am·

187 381 255 433 sunt
269 395 277 445 ;
294 378 346 434 sed
358 382 386 433 et
397 377 428 434 bi
442 395 520 450 quos
537 381 615 450 iguis
628 383 803 456 devorabat,
820 390 926 446 cadom
941 391 1016 447 hora

187 480 306 520 sensere
319 465 514 535 refrigerium.
531 469 601 526 Aliis
614 473 744 548 denique
760 493 828 533 curu
844 479 969 536 sanitate
978 480 1017 537 ad

185 568 240 608 suu
266 552 418 622 regressis
446 554 555 614 iterum
571 560 781 636 multoplures
798 565 847 623 alii
868 567 905 622 de
929 567 1017 640 longe

185 639 425 710 adducebantur,
442 645 583 718 equibus
598 653 690 707 totam
705 653 821 710 videres
842 655 948 713 urbem
974 658 1017 714 in·

187 729 234 781 tus
248 731 277 783 et
292 742 346 799 per
359 728 513 789 sircuitum
537 735 608 792 foris
619 737 750 811 plenam.
767 741 817 798 His
842 749 941 801 autem
965 747 1017 820 qui

186 813 252 870 sani
267 815 460 874 erantluctus
481 825 510 876 et
532 822 754 900 clarueratque
779 830 853 886 letor
871 831 1016 902 languen-

183 901 259 958 tium
285 902 375 960 nimis
397 908 480 964 oneri
504 916 576 968 erat.
598 916 673 971 Cum
699 922 799 975 autem
823 921 1014 994 psallentium

184 990 294 1047 chorus
308 996 427 1068 patroni
442 999 580 1057 membra
592 1002 629 1059 de
649 1007 786 1077 sepulcro
805 1008 835 1065 iu
859 1009 1014 1070 basilicam

183 1079 354 1150 salvatoris,
370 1099 439 1156 quse
453 1087 562 1158 regalis
577 1090 695 1164 dicitur,
709 1095 740 1151 in
755 1112 826 1154 arca
841 1114 933 1157 aurea
946 1118 1014 1175 por-

182 1171 266 1236 taret,
279 1169 438 1229 multitudo
449 1173 567 1235 infinita
580 1179 630 1236 illa
647 1182 818 1241 ardentium
844 1203 914 1244 urox
928 1205 1013 1247 oura-

180 1255 293 1314 tionem
315 1258 436 1331 plenam
463 1266 579 1336 meruit,
605 1273 633 1325 et
656 1285 761 1328 ornnes
783 1273 955 1333 clamabant
970 1277 1013 1332 di-

182 1348 281 1400 ceutes
298 1363 305 1400 :
322 1367 336 1396 α
350 1348 544 1408 Benedictum
566 1369 677 1413 nomen
706 1359 866 1418 salvatoris
896 1365 1014 1423 Domini

180 1431 274 1488 nostri
286 1436 355 1490 tesu
371 1437 475 1496 Christi
491 1441 544 1513 qui
555 1458 609 1515 per
620 1444 745 1503 beatum
765 1451 924 1509 Martialem
947 1470 1014 1526 pro-

180 1519 271 1592 pitius
283 1522 339 1579 luit
352 1525 466 1598 populo
490 1545 555 1588 suo.
579 1535 637 1588 Nec
663 1535 748 1592 silere
770 1537 917 1597 debemus
931 1545 1014 1616 quod

179 1614 283 1681 aperto
294 1609 427 1669 interiori
440 1631 508 1672 vase
524 1620 608 1690 quod
622 1629 760 1682 sanctum
782 1629 931 1688 retinebat

962 1723 1014 1779 atl-

182 1787 327 1844 stantium
340 1805 430 1847 nares
442 1793 579 1864 jucundo
594 1799 747 1861 reficiebat
761 1805 862 1866 odore.
885 1815 921 1867 At
943 1828 1014 1870 vero

182 1874 291 1932 eadem
307 1883 413 1935 sancta
426 1883 565 1941 membra
580 1902 650 1944 cum
667 1893 857 1953 sacerdotum
875 1901 1015 1960 manibus

179 1959 216 2016 de
232 1962 392 2034 sepulchro
405 1966 583 2029 inferrentur
597 1974 627 2030 in
642 1993 694 2034 vas
711 1995 838 2038 aureum
850 1983 901 2041 uhi
912 2003 1015 2044 recou-

180 2047 244 2106 dita
259 2056 338 2120 sunt,
354 2058 532 2116 eccesubito
546 2065 630 2118 tarra
645 2072 745 2124 motus
770 2069 865 2128 lactus
884 2079 928 2132 est
951 2093 1016 2134 ma·

177 2151 255 2206 gnus
265 2138 307 2197 ita
319 2145 352 2198 ut
363 2145 461 2217 major
481 2149 606 2209 ecclesia
621 2169 690 2211 cum
705 2159 849 2216 omnibus
864 2163 914 2236 qui
931 2164 961 2222 in
975 2183 1011 2224 ea

177 2230 263 2284 erant
275 2232 393 2289 concuti
406 2234 565 2308 videretur,
583 2257 637 2298 uec
649 2247 749 2302 lamen
767 2250 883 2322 occidit,
906 2254 959 2310 scd
984 2261 1012 2313 et

179 2329 269 2387 super
281 2319 430 2391 populum
445 2327 544 2382 tantus
560 2333 653 2386 terror
676 2333 761 2392 irruit
786 2343 817 2394 ut
838 2340 1010 2402 nullatenus

178 2408 308 2462 mortem
322 2423 353 2464 se
368 2411 493 2470 evadere
505 2431 594 2488 posse
609 2421 750 2492 crederet,
761 2427 927 2502 eademque
936 2432 1011 2491 bora

178 2491 232 2564 qui
247 2509 265 2550 a
279 2493 471 2557 damonibus
483 2505 671 2566 vexabantur
683 2514 778 2570 curati
794 2523 871 2590 sunt,
889 2524 1010 2595 eratque

177 2579 253 2640 hora
264 2583 322 2640 diei
334 2587 428 2662 tertia,
443 2594 473 2646 et
488 2593 531 2649 sio
543 2593 575 2651 in
587 2598 746 2659 ecclesiam
761 2607 908 2678 majorem
924 2627 1010 2670 sacra

177 2668 306 2742 pignora
320 2673 429 2733 deinde
444 2677 619 2742 imminente
633 2694 720 2747 nocte
739 2691 864 2752 latenter
887 2706 1010 2774 propter

176 2755 337 2818 irruentem
353 2766 501 2838 populum
517 2787 586 2829 cum
607 2775 724 2849 jejunio
746 2782 951 2844 ministrorum
977 2790 1009 2847 in

176 2848 305 2905 ltontem
320 2851 426 2910 Gaudii
439 2856 554 2928 perlata
568 2868 647 2922 sunt.
664 2869 697 2924 Et
711 2869 787 2928 sicut
797 2876 858 2931 tota
868 2873 919 2934 illa
932 2893 1007 2950 prm·

103 3224 110 3236 .
172 3199 315 3261 laudibus
329 3205 442 3268 duxere
455 3216 640 3288 pervigilem.
674 3225 706 3282 lii
729 3233 830 3288 autem
842 3235 1007 3307 quiintrin·

173 3306 260 3348 secus
271 3297 335 3352 tem
350 3300 539 3362 tremendum
555 3310 742 3384 arripuerant
756 3334 852 3391 opus,
878 3327 1004 3386 contecti

171 3380 286 3452 jejunio
297 3383 336 3440 ab
347 3385 415 3460 ipsa
427 3391 525 3463 prima
534 3399 629 3455 noctis
639 3401 715 3460 hora
723 3405 918 3479 instabant,et
926 3417 1005 3488 psal·

173 3485 295 3548 morum
310 3487 522 3539 consummata
534 3486 666 3546 melodia
681 3492 835 3554 celebratis
848 3499 926 3559 circa
940 3506 1005 3577 pul·

173 3556 271 3615 lorum
287 3567 409 3621 cantum
425 3574 748 3647 mysteriis,conlortati
762 3603 886 3661 corpore
897 3597 925 3650 et
936 3611 1005 3654 san-

174 3644 265 3715 guine
279 3649 537 3728 Redemptoris,ad
550 3667 750 3728 extrahendos
763 3674 879 3750 lapides
893 3698 1003 3744 manus

173 3733 328 3794 miserunt.
337 3740 436 3799 Merito
444 3744 666 3824 itaque,divina
676 3775 728 3818 eos
738 3765 837 3822 Patres
847 3768 1004 3846 inspiravit

173 3821 320 3900 dignatio,
335 3835 485 3902 quatenus
499 3846 656 3903 communi
671 3865 820 3913 consensu
830 3857 909 3919 hunc
922 3863 1003 3924 diem

173 3911 571 4000 persingulosinreliquum
592 3949 687 3994 annos
702 3939 732 3998 in
743 3949 920 4009 memoriam
929 3953 1004 4012 divi·

172 4016 220 4058 nee
235 4002 334 4063 laudis
350 4007 551 4088 decernerent,
570 4024 623 4095 qui
643 4025 675 4084 in
699 4045 734 4087 ea
746 4038 787 4091 .et
800 4037 944 4100 miracula
955 4061 1002 4103 su·

756 4139 771 4179 e
778 4140 839 4197 pau
847 4133 875 4186 et
883 4134 1002 4206 requies

722 4217 1000 4309 ,nutoeternahujus

701 4339 710 4369 ,
734 4314 766 4357 ιιι
788 4302 855 4362 loco
874 4313 999 4382 praelato

729 4397 802 4463 quot
813 4394 877 4467 dies
885 4402 1000 4474 requie·
1016 4381 1038 4436 D

746 4496 858 4540 novam
881 4487 999 4550 dedica·

169 4539 284 4592 vertrut.
295 4541 369 4598 Nam
380 4543 417 4600 de
427 4544 493 4619 ipso
507 4561 609 4614 monte
621 4563 726 4623 Gaudii
740 4570 998 4654 adsenctumcjus
1014 4624 1019 4633 ι

170 4623 352 4698 sepulcrum,
373 4639 537 4711 antequam
564 4645 768 4715 absolveretur
782 4665 929 4739 synodus,
947 4670 999 4730 ite·

168 4725 236 4768 rum
251 4715 344 4818 relata
354 4729 432 4781 sunt.
446 4729 500 4786 Per
510 4735 613 4794 omnia
626 4739 802 4807 benedictus
816 4756 902 4814 lesus
919 4762 999 4820 Chri·

201 4891 399 4988 lipiscopiqui
408 4906 477 4962 tunc
485 4908 525 4966 ad
537 4916 677 4978 eamdem
691 4939 879 4992 conveneram
889 4941 996 4998 ttrans-

164 4975 307 5077 latronem
321 4989 539 5060 probabiliores
557 5001 588 5060 hi
604 5013 693 5068 sunt:
717 5016 880 5080 hecbertus
901 5028 996 5087 archi-

164 5081 332 5164 episcopus,
350 5079 551 5148 Gondebadus
566 5097 820 5180 archiepiscopus,
836 5113 993 5178 llilduinus

162 5168 276 5254 primas
301 5163 470 5242 episcopus,
495 5177 775 5268 tuncepiscopus,
799 5199 993 5265 Grimoardus

162 5257 332 5319 episcopus,
350 5254 518 5329 Stephanus
533 5270 703 5352 episcopus,
718 5284 866 5346 Frotarius
878 5293 992 5367 spisso

161 5346 229 5404 pus,
247 5335 433 5402 Gissabertus
446 5351 615 5430 episeopus.

197 5424 375 5490 ttaecautcm
390 5432 468 5496 lacta
483 5450 552 5503 sunt
565 5463 748 5522 perannum
763 5465 924 5528 Dominicae
942 5473 990 5531 in-

160 5513 342 5575 carnationis
356 5532 619 5597 nongentesimum
645 5549 735 5620 atquc
757 5559 989 5630 nonagesimum

159 5607 311 5679 ernastum,
328 5613 548 5688 complentibus
561 5632 682 5704 maguis
696 5639 791 5702 turbis
805 5647 987 5720 populorum

1071 397 1151 470 plius
1166 401 1303 460 milliaria
1316 405 1372 460 sub
1384 411 1486 478 aperto
1499 406 1569 463 divo
1583 409 1689 465 serenti
1704 409 1779 466 coelo
1795 409 1904 466 adino·

1072 485 1147 544 dum
1158 489 1356 559 jucundante.

1395 640 1510 697 SERMO
1536 640 1581 698 Ill.

1106 757 1379 830 Quemadmodum,
1400 759 1595 837 dilectissimi,
1621 766 1758 824 dedicata
1776 769 1902 826 ecclesia

1070 843 1242 904 alaudibus
1257 849 1304 906 die
1323 858 1475 926 noctuque
1502 854 1610 911 divinis
1625 872 1743 914 cessare
1763 874 1824 914 non
1852 859 1902 915 de-

1069 933 1119 989 bet
1143 950 1197 992 nco
1226 953 1244 993 a
1271 955 1426 997 sacrorum
1449 947 1557 1000 ornatu
1580 961 1675 1002 vacua
1700 962 1831 1016 manere,
1860 949 1901 1004 ita

1070 1039 1155 1080 mens
1186 1027 1350 1087 Christiana
1379 1046 1397 1086 a
1419 1032 1469 1088 liei
1492 1048 1649 1106 nunquam
1673 1035 1762 1094 laude
1782 1041 1901 1111 torpore

1070 1127 1265 1186 nunquamve
1295 1133 1312 1174 a
1342 1118 1430 1175 honae
1457 1123 1638 1194 operationis
1663 1123 1769 1180 decore
1794 1126 1901 1183 sterilis

1068 1200 1159 1259 debet
1178 1205 1344 1274 persistere.
1376 1211 1408 1264 ut
1436 1215 1469 1265 ut
1490 1211 1678 1283 sacrilegium
1704 1217 1899 1272 constatesse

1068 1291 1226 1349 ecclesiam
1240 1295 1411 1370 violarc,ita
1423 1315 1491 1355 cum
1507 1302 1559 1374 qui
1570 1302 1633 1372 jam
1650 1303 1802 1376 baptismo
1818 1306 1900 1378 puri-

1068 1379 1174 1437 ficatus
1189 1381 1298 1441 domus
1312 1386 1362 1443 Dei
1377 1394 1507 1446 meretur
1530 1407 1604 1458 csse,
1630 1394 1831 1465 periculosum
1857 1400 1902 1452 est

1069 1473 1209 1528 tcmerea
1225 1491 1380 1547 quoquam
1397 1478 1546 1547 inlestnri3
1567 1481 1719 1554 quia,cum
1736 1483 1790 1540 riri
1805 1485 1898 1540 sancti

1069 1575 1087 1614 n
1103 1563 1250 1632 perversis
1263 1563 1446 1636 affliguntur,
1464 1569 1540 1623 Deus
1555 1569 1607 1641 qui
1623 1587 1727 1627 eorum
1751 1571 1900 1629 habitator

949 1649 1012 1690 001⁴·
1035 1663 1054 1716 ιι
1069 1652 1123 1720 cst,
1139 1650 1178 1706 acl
1191 1651 1379 1710 iracundiam
1393 1663 1582 1728 provocatur.
1606 1663 1637 1714 ln
1653 1660 1763 1717 sanctis
1786 1661 1899 1736 quippe

1068 1737 1137 1794 viris
1156 1741 1232 1796 [leus
1246 1741 1411 1814 infestatur,
1428 1745 1542 1802 dicente
1558 1748 1624 1821 ipso
1634 1765 1687 1822 per
1697 1751 1897 1823 prophetam:

1069 1849 1082 1876 α
1101 1829 1155 1894 Qui
1166 1845 1219 1885 vos
1233 1831 1335 1901 tangit,
1353 1834 1447 1903 tangit
1461 1835 1607 1910 pupillam
1621 1837 1699 1895 oculi
1714 1839 1782 1896 mei.
1800 1865 1815 1892 »
1843 1841 1897 1908 Qui

1068 1920 1169 1974 autem
1186 1918 1345 1976 Ecclesiam
1359 1922 1497 1995 honorat,
1513 1931 1639 1983 matrem
1655 1928 1788 2002 proiecto
1799 1947 1896 1998 suam,

1067 2010 1095 2060 et
1111 2006 1160 2062 bei
1175 2023 1318 2080 sponsam
1334 2010 1546 2081 honoratim
1562 2015 1663 2089 ipsum
1686 2017 1822 2075 Ecclesiae
1850 2033 1897 2076 cn-

1066 2101 1121 2168 put
1135 2097 1281 2156 Christum
1297 2117 1419 2173 prorsus
1435 2103 1584 2162 honorare
1599 2107 1727 2165 videtur.
1755 2108 1801 2166 Sic
1815 2111 1896 2168 enim

1066 2185 1208 2257 apostolis
1223 2186 1337 2245 dictum
1352 2194 1419 2247 est:
1439 2214 1452 2241 ι(
1471 2194 1526 2260 Qui
1549 2211 1603 2250 vos
1627 2196 1710 2253 audit
1731 2214 1779 2254 me
1802 2199 1896 2269 audit,

1066 2274 1158 2346 etqui
1175 2291 1227 2332 vos
1243 2278 1356 2352 spernit
1367 2295 1416 2336 me
1432 2281 1554 2354 spernit.
1574 2307 1588 2334 ι»
1606 2287 1638 2341 Et
1653 2284 1723 2342 item
1740 2304 1746 2344 ι
1765 2310 1778 2337 a
1802 2292 1896 2344 Amen

1066 2361 1133 2418 dico
1157 2363 1252 2433 vobis,
1278 2367 1349 2439 quia
1372 2369 1555 2428 tolerabilius
1579 2373 1633 2430 erit
1655 2378 1738 2431 terrra
1755 2375 1899 2434 Sodomo-

1066 2465 1134 2507 rum
1146 2457 1174 2509 et
1189 2453 1450 2515 Gomorrhoeorum
1474 2474 1567 2534 quam
1581 2461 1621 2518 illi
1637 2463 1747 2521 civitati
1759 2479 1827 2538 qum
1842 2479 1897 2523 vos

1063 2557 1170 2613 pacem
1186 2545 1384 2616 praedicantes
1400 2565 1462 2606 non
1474 2553 1626 2624 receperit.
1645 2576 1659 2604 »ι
1684 2554 1753 2611 Haec
1773 2560 1896 2630 propter

1064 2630 1215 2688 hodierne
1231 2634 1396 2694 festivitatis
1411 2637 1543 2697 laetitiam
1559 2658 1722 2712 congruere
1745 2645 1893 2714 videntur,

1063 2719 1145 2792 quia,
1162 2739 1232 2778 cum
1247 2723 1338 2796 hujus
1350 2728 1452 2802 templi
1470 2729 1698 2802 dedicationem,
1711 2749 1779 2807 quoe
1794 2735 1825 2791 in
1836 2737 1896 2794 Sul-

1062 2809 1173 2866 vatoris
1188 2811 1280 2884 pollet
1298 2817 1419 2891 proprio
1435 2819 1566 2889 nomine,
1592 2823 1747 2880 annuatim
1772 2825 1896 2898 replica·

1063 2913 1141 2968 mus,
1156 2902 1347 2961 occasionem
1362 2907 1448 2963 vobis
1463 2909 1545 2966 utilia
1564 2911 1706 2984 loquendi
1721 2927 1782 2970 non
1798 2913 1894 2972 incas·

1059 3168 1215 3240 quodlibet
1229 3178 1444 3248 perpetratum,
1465 3178 1512 3235 vel
1535 3180 1561 3236 ai
1582 3180 1681 3253 ipsum
1708 3183 1852 3256 templum
1873 3202 1890 3242 a

1059 3256 1219 3328 gentilibus
1231 3257 1292 3317 sive
1304 3261 1448 3321 hereticis
1460 3261 1606 3339 pollutum
1619 3268 1714 3339 literit,
1741 3273 1797 3330 nisi
1808 3273 1891 3347 prius

1057 3346 1297 3406 reconciliatione
1312 3351 1476 3428 episcopali
1490 3356 1597 3415 iterum
1621 3376 1675 3433 per
1687 3377 1800 3434 aquam
1823 3376 1891 3418 san·

1058 3433 1218 3494 ctificatum
1232 3439 1327 3510 luerit,
1342 3443 1514 3502 nullatenus
1525 3447 1565 3505 ibi
1580 3452 1683 3522 peragi
1698 3457 1797 3525 potest
1812 3469 1889 3528 opus

1059 3524 1119 3582 Del.
1139 3525 1256 3584 Dicente
1268 3530 1348 3587 enim
1364 3535 1528 3606 apostolo:
1553 3560 1567 3588 κ
1589 3540 1658 3606 Quae
1683 3541 1809 3600 societas
1830 3543 1890 3600 luci

1058 3612 1098 3670 ad
1125 3616 1275 3688 tenebras,
1304 3621 1356 3694 qui
1380 3630 1481 3682 autem
1509 3641 1675 3687 consensus
1700 3632 1812 3707 templo
1838 3634 1889 3690 Dei

1057 3718 1127 3761 cum
1141 3705 1251 3766 idolis?
1267 3733 1281 3760 ι»
1294 3713 1358 3768 Non
1372 3714 1508 3773 dissimili
1520 3719 1634 3776 ratione
1658 3721 1797 3796 quisquis
1820 3725 1888 3796 post

1056 3790 1242 3866 baptismum
1258 3799 1424 3868 graviorem
1439 3804 1595 3864 admiserit
1613 3823 1735 3878 noxam,
1757 3811 1822 3883 jam
1846 3811 1889 3868 in·

1056 3878 1166 3951 dignus
1192 3885 1253 3941 Deo
1280 3891 1332 3956 est,
1356 3889 1427 3961 quia
1447 3892 1605 3969 principali
1631 3896 1773 3956 facimore
1788 3903 1888 3956 conta·

1056 3967 1187 4027 minatus
1212 3978 1257 4030 est
1281 3975 1377 4034 donee
1406 3979 1512 4038 iterum
1536 3983 1686 4058 baptismo
1706 3988 1886 4060 paenitentiae

1055 4056 1180 4134 lavetur,
1197 4058 1315 4121 etlotus
1342 4071 1451 4125 sancta
1478 4073 1683 4131 communioni
1707 4077 1885 4134 sacerdotali

1053 4148 1259 4210 reconcilietur
1273 4156 1456 4215 auctoritate.
1475 4161 1584 4219 Omnes
1600 4178 1670 4234 ergo
1685 4165 1737 4238 qui
1756 4167 1786 4223 in
1810 4167 1886 4242 hap·

1055 4236 1181 4296 tismatis
1196 4241 1276 4300 fonte
1299 4247 1498 4318 spopondens,
1521 4255 1666 4325 tanquam
1692 4253 1886 4315 immaculata

1055 4325 1165 4385 domus
1180 4331 1231 4386 Dei
1246 4331 1394 4391 finetenus
1409 4338 1627 4411 custodiant,ut
1638 4342 1752 4415 integer
1765 4345 1885 4419 spiritus

1054 4430 1158 4473 eorum
1174 4423 1203 4476 et
1217 4436 1327 4495 corpus
1354 4423 1386 4479 in
1410 4425 1571 4485 adventum
1600 4430 1718 4488 bomini
1739 4439 1883 4492 serretur,

1053 4506 1161 4564 Verum
1174 4507 1301 4582 siquem
1316 4517 1384 4585 post
1395 4513 1507 4572 lavacri
1521 4525 1746 4578 sacramentum
1763 4525 1883 4594 gravius

1053 4597 1199 4655 corruisse
1214 4601 1377 4676 contigerit,
1403 4607 1577 4678 poenitendo
1601 4610 1692 4681 digne
1715 4617 1832 4685 satagat
1854 4621 1884 4671 et

1052 4685 1222 4745 confitendo
1247 4691 1336 4749 matri
1359 4693 1493 4752 Ecclesiae
1512 4713 1566 4771 per
1589 4701 1780 4759 sacerdotum
1813 4719 1882 4761 exa·

1052 4789 1123 4831 men
1136 4777 1332 4848 reconciliari,
1348 4796 1385 4838 ne
1400 4783 1545 4859 videlicet,
1566 4788 1648 4860 quod
1663 4789 1752 4860 absit,
1767 4791 1881 4849 diaboli

1051 4956 1108 5022 tur,
1124 4954 1177 5012 sed
1187 4955 1286 5029 potius
1299 4960 1445 5034 templum
1458 4964 1509 5021 Dei
1519 4981 1648 5024 manens
1657 4968 1687 5024 in
1698 4984 1792 5040 regno
1803 4970 1882 5028 Chri·

1051 5039 1085 5096 sti
1110 5044 1139 5097 et
1153 5043 1204 5100 Dei
1222 5043 1426 5106 haereditatem
1446 5052 1608 5124 possideat.
1636 5055 1712 5114 illud
1737 5059 1880 5116 omnibus

1050 5126 1141 5186 etiam
1152 5130 1309 5202 diligenter
1318 5135 1621 5200 animadvertendum
1631 5161 1726 5218 quam
1733 5148 1882 5221 pondero·

1050 5232 1119 5274 sum
1143 5223 1172 5276 et
1193 5219 1326 5280 immane
1350 5229 1455 5295 arguet
1475 5229 1597 5287 exitium
1616 5233 1662 5290 his
1686 5235 1738 5309 qui
1747 5236 1826 5308 juste
1840 5237 1881 5294 ab

1049 5305 1200 5380 episcopis
1215 5313 1465 5371 excommunicati
1476 5323 1554 5375 suut.
1574 5322 1655 5379 Certe
1677 5322 1750 5380 dum
1764 5325 1881 5398 aliquo·

1048 5391 1102 5450 ties
1116 5394 1156 5451 ob
1171 5399 1377 5470 quorumdam
1391 5418 1497 5474 greum
1512 5407 1644 5468 oti'ensas
1666 5428 1727 5469 suae
1743 5411 1879 5471 diocesis

1047 5481 1182 5557 episcopi
1189 5489 1453 5549 excommunicant
1463 5495 1615 5568 ecclesias,
1630 5515 1692 5556 non
1703 5499 1733 5556 in
1744 5500 1787 5557 eis
1803 5501 1879 5559 ultra

1047 5568 1184 5634 divinum
1196 5575 1301 5647 peragi
1314 5576 1427 5638 licitum
1440 5588 1485 5642 est
1497 5602 1574 5659 opus
1591 5587 1686 5646 donec
1698 5589 1806 5646 iterum
1819 5607 1878 5647 ser·

1047 5657 1148 5724 monis
1158 5659 1241 5737 clare
1252 5677 1303 5738 eas
1309 5664 1366 5756 ipsi
1376 5671 1535 5750 pontifices
1545 5675 1689 5750 aperient.
1701 5681 1814 5752 Nempe
1824 5677 1879 5736 lin·
