4002 6174
79 156 123 210 tlt
399 149 448 210 ΕΤ
468 149 648 214 emanant
666 147 960 208 Ascfltsultttttttt.
980 145 1069 208 PARS
1087 149 1234 210 struat
1252 151 1418 212 sunnine.
1719 161 1773 220 1146

535 277 699 334 ANNALES
713 272 1069 343 uhtuttuuunuuusus
1082 275 1118 333 A.
1140 279 1303 334 toll-tots.

75 405 191 470 ranem,
205 405 238 458 ut
250 415 307 475 par
319 404 381 458 erat
395 400 484 473 regite
500 399 647 472 dignitati,
674 399 754 458 claro
777 400 891 457 honore
910 397 935 452 Α
951 397 1111 456 comitibus
1124 417 1131 468 ;
1146 415 1181 457 ac
1195 399 1369 474 imperatori
1396 407 1604 476 praesentatus,
1631 406 1773 466 custodiae

75 491 238 558 adauctum,
253 494 427 548 nontamen
443 491 507 548 sine
527 491 573 548 sui
596 490 681 562 regni
702 489 891 558 detrimento,
947 481 1082 556 traditur,
1099 487 1200 562 sicque
1215 489 1308 563 patris
1322 489 1410 546 dolor
1423 495 1596 550 renovatur.
1610 493 1700 551 Bonae
1714 511 1775 553 me-

72 579 199 654 permisit
210 595 353 638 remeare.
368 581 409 636 De
421 579 579 638 sclavonia
588 583 617 636 et
631 576 716 637 multi
731 579 833 636 nuncii
845 595 892 636 ve·
946 577 1048 633 morice
1061 578 1195 651 Hatwiga
1210 578 1363 638 abbatissa
1377 582 1453 654 (281)
1466 580 1540 639 obiit
1553 586 1582 640 et
1595 583 1774 642 Bernharius

72 672 182 738 nerunt,
207 667 318 741 mribus
347 667 478 724 interfuit
501 667 665 724 othelricus
691 667 729 724 de
750 667 893 724 Bohetnia
946 665 1106 740 episcopus
1119 668 1290 742 fardensis,
1310 669 1358 726 cui
1374 671 1516 728 successit
1533 671 1670 730 Wilskier
1696 689 1774 746 prte-

71 767 135 808 cum
147 751 335 809 donisetiam
346 753 499 809 honorans
510 751 617 809 faciem
627 751 707 822 regis
723 770 730 821 3
747 751 805 821 cui,
824 751 892 810 licet
945 754 1064 830 positus
1080 756 1272 814 coloniensis.
1287 761 1347 816 lioc
1370 775 1451 817 anuo
1472 760 1637 836 imperator
1652 763 1775 822 corbeie

70 840 141 898 inter
153 855 183 918 se
198 845 227 897 et
240 840 362 898 fratrem
373 857 462 898 strum
477 839 665 898 Geramirum
690 845 719 899 et
732 841 892 914 praefatum
945 844 1027 900 venit
1041 844 1080 901 ad
1095 843 1258 904 visitandos
1270 846 1386 919 fratres,
1400 865 1531 923 quorum
1545 851 1606 909 vita
1632 851 1688 909 sibi
1710 852 1773 908 dis-

69 929 281 986 Bolizlavonem
293 929 339 986 ira
352 935 558 1003 permanente,
571 930 639 986 lecta
652 929 828 996 succedunt,
840 930 894 988 da·
941 932 1059 1008 plicuit,
1077 937 1107 990 et
1118 949 1186 990 cam
1201 935 1349 1008 imperiali
1362 938 1534 996 auctoritate
1557 939 1704 1012 corrigere
1719 957 1773 1000 ro·

68 1023 96 1075 to
110 1019 222 1076 honore
240 1018 354 1093 patriae,
380 1019 475 1075 misso
498 1019 532 1076 in
562 1018 682 1076 exilium
712 1035 767 1076 suo
789 1019 890 1077 fratre.
944 1022 1009 1079 luit.
1022 1021 1104 1079 Unde
1120 1021 1350 1095 pluresillorum
1371 1025 1503 1082 instituta
1527 1034 1646 1100 patrum
1672 1031 1773 1088 deien-

68 1107 142 1164 0biit
153 1107 290 1178 ligurdus
303 1107 461 1182 presbyter
470 1112 499 1165 et
510 1109 680 1166 monachus
694 1108 727 1164 in
744 1107 889 1166 claustris.
944 1110 1059 1180 dentes,
1075 1116 1104 1167 et
1116 1110 1186 1184 plus
1198 1111 1280 1182 justo
1295 1116 1398 1169 contra
1414 1113 1465 1184 jus
1478 1113 1594 1188 imperii
1605 1117 1769 1190 saerienles,

66 1197 250 1268 ltexsapiens
266 1196 432 1267 Heinricus,
452 1196 613 1253 stultorum
638 1196 764 1254 forsitan
786 1197 892 1272 depra·
943 1196 1004 1254 heu
1016 1196 1124 1254 misere
1138 1198 1302 1272 desipiunt,
1317 1215 1386 1256 cum
1396 1202 1531 1274 percussi
1550 1202 1582 1260 in
1607 1205 1770 1276 maxillam,

65 1290 150 1341 vatus
164 1284 298 1354 consilio,
314 1284 470 1342 fuldensis
486 1284 661 1343 monasterii
670 1285 753 1344 bona
767 1286 889 1344 misera·
943 1299 1006 1339 non
1021 1284 1158 1356 prebent
1171 1285 1307 1355 alteram,
1318 1291 1352 1344 ut
1365 1289 1517 1357 monachi,
1539 1291 1590 1346 sed
1613 1291 1676 1348 sine
1704 1309 1773 1352 con·

64 1371 160 1430 biliter
186 1372 318 1448 diripuit,
347 1373 422 1430 dum
437 1373 494 1430 sibi
514 1373 640 1430 fratrum
653 1374 714 1432 vita
726 1374 887 1448 displicuit.
945 1371 1010 1430 silio
1023 1373 1236 1432 rebellesmale
1250 1381 1518 1451 parantpugnam.
1540 1379 1616 1445 Quid
1631 1379 1773 1456 deinceps

63 1461 138 1517 Data
147 1461 304 1519 occasione
315 1461 494 1533 corrigendi,
518 1460 643 1518 invaluit
668 1467 798 1535 potestas
821 1463 889 1520 des·
944 1468 1045 1520 actum
1056 1463 1104 1532 sit,
1119 1465 1229 1520 nostris
1249 1465 1436 1540 temporibus
1463 1467 1561 1538 magis
1584 1473 1630 1525 est
1654 1475 1774 1544 stupen-

62 1548 189 1606 truendi.
205 1550 370 1622 Diffugiunt
384 1551 441 1606 hac
455 1549 730 1622 etillacvagantes,
745 1552 891 1626 quierant
944 1551 1019 1608 dum
1034 1569 1128 1626 quam
1144 1553 1210 1610 stilo
1233 1555 1523 1613 commendandum.
1555 1562 1586 1613 17
1611 1563 1713 1616 tarnen
1737 1577 1774 1617 ex

62 1637 228 1707 coenobitoe,
240 1639 348 1711 jugum
366 1638 475 1696 Christi
498 1643 662 1713 portantes.
690 1644 743 1698 tto
764 1642 852 1698 annis
871 1658 890 1698 a
944 1641 1001 1698 illis
1012 1643 1091 1716 capti
1106 1642 1249 1700 custodie
1262 1644 1444 1714 traduntur;
1469 1646 1567 1702 caeteri
1587 1664 1659 1706 vero
1678 1639 1774 1724 im'pe·

61 1729 166 1786 carolo
178 1729 277 1802 primo
291 1746 327 1788 eo
345 1728 403 1786 loci
414 1729 584 1787 serviebant
596 1731 657 1788 Deo
673 1733 890 1800 ,nuncnostris
907 1731 1148 1803 Brutorisjussa
1158 1737 1318 1790 sectantur.
1336 1733 1447 1790 Eodem
1462 1734 1552 1792 etiam
1575 1752 1657 1794 anno
1678 1738 1773 1813 impe

62 1819 258 1892 temporibus,
269 1819 347 1892 proh
362 1817 450 1876 dolor
465 1818 471 1874 l
497 1818 701 1894 spectaculum
715 1820 786 1879 facti
799 1837 889 1879 mun-
942 1818 1049 1876 ratoris
1060 1819 1168 1877 caritas
1182 1820 1302 1878 domnae
1317 1821 1488 1879 Adchcida
1503 1823 1624 1881 tradidit
1637 1825 1714 1884 duas
1727 1843 1773 1884 so-

58 1904 108 1974 do,
126 1911 156 1963 et
171 1906 291 1964 sibimet
301 1907 397 1964 dolori
412 1911 441 1965 et
464 1905 529 1964 aliis
544 1913 668 1966 manent
681 1908 788 1966 hmori.
803 1913 889 1968 Com·
941 1923 1024 1965 rores
1038 1909 1113 1980 (282)
1128 1925 1198 1966 cum
1212 1909 1333 1968 filiabus
1347 1910 1409 1966 suis
1423 1915 1451 1967 et
1472 1910 1690 1984 pertinentibus
1714 1915 1770 1972 ho·

57 1994 156 2050 motio
171 2011 293 2069 quoque
305 1995 381 2052 aeris
397 1994 497 2053 aalide
508 1999 537 2052 ct
561 1995 619 2053 hcc
635 2011 715 2053 anno
738 1996 839 2069 fiebat,
855 2001 888 2055 ut
941 1996 998 2066 nis,
1014 1997 1159 2055 Gheronis
1174 1998 1332 2071 quondam
1344 1998 1528 2056 marchionis
1552 2002 1770 2060 monasterium

57 2097 113 2154 per
128 2083 259 2155 plurima
272 2085 339 2142 loca
358 2084 483 2142 edificia
498 2089 626 2154 ruerent,
640 2090 668 2142 et
684 2103 731 2143 res
744 2087 886 2160 quaedam
941 2085 1015 2158 (⁸283)
1031 2086 1091 2144 Cal.
1108 2087 1265 2144 Novembr.
1282 2087 1355 2145 feria
1371 2087 1514 2157 secunda,
1530 2092 1615 2164 quod
1640 2092 1680 2148 ob
1706 2109 1769 2150 mo·

56 2169 198 2243 pretiosae
225 2187 244 2228 a
269 2171 393 2229 fulmine
414 2177 498 2230 tactae
524 2172 684 2230 interirent.
717 2175 751 2230 ln
784 2179 886 2232 monte
940 2179 1120 2233 numentum
1135 2191 1197 2232 suoe
1212 2176 1321 2233 animae
1334 2175 1440 2251 suique
1453 2177 1769 2250 filiiconstruxerat,ac
1865 2226 1868 2234 ,

57 2257 148 2315 etiam
162 2258 380 2331 luniburgensi
398 2259 548 2317 horribilis
558 2261 657 2320 hiatus
670 2267 754 2320 terrae
778 2265 885 2338 patuit,
939 2280 1052 2322 nurum
1066 2281 1164 2333 suam,
1180 2264 1369 2337 llatuwigam
1387 2265 1532 2338 videlicet,
1545 2268 1682 2340 religiose
1696 2285 1769 2327 con-

58 2346 115 2420 ipsi
129 2347 240 2421 templo
254 2346 355 2406 minas
367 2349 474 2407 ruendi
495 2351 644 2424 praehens,
674 2355 703 2408 et
725 2352 831 2410 incolis
854 2353 888 2410 ti·
940 2359 1111 2410 versantem
1126 2351 1351 2424 congregationi
1367 2353 1639 2413 sanctimonialium
1654 2374 1770 2433 praepo-

57 2453 140 2494 more
156 2437 316 2510 perterritis
329 2453 414 2511 spem
429 2438 561 2510 confugii
574 2439 709 2498 funditus
717 2441 757 2498 ad
767 2446 887 2516 tempus
941 2443 999 2499 suit
1016 2461 1023 2510 ;
1038 2447 1067 2499 et
1081 2442 1328 2499 lhethunensium
1338 2440 1470 2499 nobilem
1482 2446 1769 2517 congregationamt

58 2525 204 2582 auferens.
233 2524 332 2582 liebus
358 2525 389 2583 in
413 2526 542 2584 saxonia
565 2528 619 2586 rite
648 2529 810 2604 dispositis,
834 2545 887 2587 rex
941 2531 1173 2603 NomeJ'usdem,
1190 2530 1264 2588 feria
1278 2535 1304 2588 3.
1321 2530 1436 2598 Quibus
1451 2533 1593 2605 acceptis,
1609 2537 1641 2589 ut
1668 2535 1770 2592 decuit

59 2615 174 2672 ltaliam
193 2615 327 2673 secundo
339 2616 468 2675 intravit.
484 2617 596 2675 Eodem
612 2633 693 2676 auno
708 2619 886 2678 innundatio
940 2623 1023 2678 tanto
1033 2620 1160 2689 nomini,
1175 2617 1314 2676 nobiliter
1329 2619 1447 2687 enutrit,
1464 2618 1662 2693 amplectitur,
1676 2621 1767 2690 fovct;

57 2720 207 2778 aquarum
236 2705 331 2764 nimia
354 2707 433 2764 facta
457 2712 510 2776 est,
536 2708 632 2766 multe
650 2709 763 2766 damna
787 2708 885 2766 ferens
939 2713 969 2766 et
982 2707 1110 2780 egregiae
1123 2707 1274 2764 matrisac
1289 2707 1388 2764 amita
1403 2706 1559 2780 sapientia,
1586 2723 1701 2782 quase
1723 2709 1768 2766 in·

57 2799 87 2851 {8
101 2795 224 2853 calend.
235 2797 378 2865 ianuarii,
393 2797 467 2854 luna
478 2813 571 2860 noua.
584 2796 688 2856 feriat
706 2817 713 2868 ;
730 2799 813 2872 quod
833 2816 886 2857 rex
940 2801 1096 2866 struxerat,
1112 2795 1282 2864 informata,
1298 2811 1337 2852 ne
1357 2794 1405 2853 vel
1430 2796 1536 2854 merito
1561 2796 1610 2854 vel
1629 2796 1768 2873 exemplo

55 2885 288 2959 parvipendens,
299 2886 356 2943 iter
365 2888 448 2960 quod
459 2891 592 2961 coeperat
603 2887 727 2960 peregit,
753 2889 885 2946 haidem
940 2887 1082 2961 cuiquam
1095 2886 1127 2943 in
1141 2885 1172 2942 id
1186 2885 1378 2943 institutionis
1409 2884 1563 2943 inferiores
1585 2887 1766 2958 viderentur,

54 2975 174 3032 Domini
199 2976 299 3050 Papiae
317 2975 483 3034 honorifice
509 2976 681 3034 celebravit.
711 2979 772 3035 lioc
794 2979 884 3037 etiam
939 2976 1023 3033 omni
1032 2974 1150 3049 pietatis
1160 2973 1260 3031 studio
1285 2974 1442 3046 diligenter
1465 2975 1577 3033 edocet.
1604 2977 1768 3051 Imperator

53 3081 132 3123 anno
148 3069 229 3134 1013,
240 3065 390 3123 contentio
404 3082 518 3138 magna
532 3066 613 3124 facta
625 3071 669 3124 est
687 3066 718 3124 in
731 3074 884 3127 monaste·
904 3093 925 3150 C
939 3064 1133 3139 quorundam
1146 3063 1288 3138 precibus
1302 3079 1477 3136 persuasus,
1489 3065 1669 3124 Bolirlavoni
1680 3067 1767 3124 remi·

52 3155 92 3212 rio
121 3154 248 3212 Geronis
276 3155 381 3226 magni
407 3155 589 3212 marchionis
617 3155 695 3214 inter
724 3157 884 3216 ernulfum
939 3154 976 3212 sit
989 3153 1084 3212 filium
1099 3169 1189 3210 suum
1204 3152 1387 3210 incolumen.
1413 3153 1446 3209 ln
1468 3153 1621 3225 Bohemia,
1642 3155 1766 3227 jubente

51 3244 232 3317 episcopum
244 3248 274 3301 et
285 3243 433 3303 (leronem
446 3244 598 3316 comitem,
610 3245 653 3303 ita
675 3250 708 3303 ut
735 3262 772 3303 ex
799 3251 884 3321 parte
938 3243 1096 3314 Othehico,
1111 3241 1197 3299 multi
1210 3241 1384 3300 iunocenter
1397 3241 1488 3298 occisi
1501 3247 1578 3299 sunt.
1604 3247 1659 3300 lies
1680 3244 1768 3301 misc·

50 3332 188 3406 episcopi
203 3333 329 3407 quidam
343 3333 510 3407 periculum
525 3350 634 3407 pugnae
647 3335 698 3392 vix
723 3335 885 3394 evaderent
937 3332 1034 3390 tanda
1047 3331 1237 3405 nimiumque
1252 3331 1402 3404 stupenda
1430 3331 1553 3401 contigit
1573 3331 1606 3387 in
1632 3332 1767 3405 partibus

49 3422 167 3480 meritis
177 3422 272 3480 sancti
287 3423 402 3496 cyriaci
426 3424 576 3497 martyris,
593 3425 679 3496 quus
707 3424 788 3483 festis
813 3425 886 3484 inte-
936 3421 1168 3480 occidentalium
1178 3420 1365 3492 regionum3
1391 3421 1511 3480 calend.
1535 3420 1671 3478 Octobris
1695 3421 1768 3480 feria

49 3515 164 3576 rerunt,
181 3515 326 3583 praesente
336 3511 489 3582 Hatewiga
501 3511 664 3570 abbatissa.
937 3515 1045 3586 quarta
1057 3511 1211 3568 Walachri
1223 3514 1251 3568 et
1266 3511 1410 3568 flanderi.
1426 3511 1587 3568 Horrendus
1600 3511 1697 3569 nubes
1711 3527 1766 3586 ap-

86 3602 171 3656 1014.
190 3601 260 3656 item
273 3599 420 3657 diluvium
434 3600 524 3659 venit.
537 3605 597 3658 Rex
622 3603 764 3660 Ravenna
777 3619 884 3679 prope-
936 3605 1110 3674 paruerunt,
1126 3615 1194 3673 quae
1206 3615 1261 3674 per
1275 3603 1333 3656 tres
1347 3605 1459 3670 noctes,
1482 3600 1559 3657 miro
1584 3599 1764 3674 immobiles,

48 3703 132 3757 rans,
162 3687 266 3744 habita
297 3687 405 3745 sinodo
433 3689 600 3746 llrnoldum
626 3690 747 3748 fratrem
782 3709 882 3761 suurn,
935 3689 1231 3747 minasintuentibus
1244 3689 1410 3747 dederunt:
1425 3689 1510 3748 tertia
1525 3706 1597 3748 vero
1618 3690 1666 3748 die
1692 3691 1766 3750 toni·

49 3775 222 3851 episcopali
235 3776 379 3848 dignitate
391 3777 475 3851 prius
489 3778 636 3836 donatum
649 3783 678 3838 et
689 3781 883 3853 quorundam
936 3778 994 3835 tnui
1008 3777 1161 3836 inauditus
1173 3777 1275 3849 fragor
1299 3778 1473 3847 adveniens,
1502 3778 1632 3836 turbavit
1657 3781 1764 3852 maria,

48 3865 77 3920 vi
107 3865 209 3922 redire
237 3869 387 3938 coactum,
412 3866 587 3924 auctoritate
609 3883 699 3941 papae
725 3885 760 3925 ac
784 3870 883 3927 cuncti
935 3872 969 3924 ut
982 3867 1148 3924 terribiliter
1161 3867 1405 3934 intumescerent,
1420 3872 1449 3922 et
1459 3864 1671 3922 incredibiliter
1684 3881 1765 3923 cres-

54 3958 176 4012 senatus
200 3954 324 4012 consilio
351 3961 481 4026 revocat,
516 3955 759 4030 archipraesulem
790 3958 883 4030 digno
936 3956 1033 4013 cando
1046 3953 1180 4011 nubibus
1193 3953 1381 4010 inhaererent.
1393 3956 1530 4026 Cumque
1558 3957 1712 4023 gementes
1722 3953 1766 4010 in·

53 4041 167 4100 honore
191 4042 341 4113 stabilivit,
371 4043 497 4119 aliisque
519 4043 633 4102 ibidem
662 4045 715 4102 rite
739 4046 883 4104 ordinatis
936 4045 1009 4102 colae
1031 4042 1195 4118 repentinae
1224 4040 1401 4098 calamitatis
1440 4040 1594 4098 miseriam
1619 4040 1651 4097 in
1675 4045 1765 4098 unte

53 4131 221 4201 discedens,
237 4135 364 4190 Romam
378 4132 523 4207 pervenit.
545 4133 601 4190 lvit
622 4133 745 4191 obviam
766 4137 829 4192 tota
841 4135 882 4192 ci·
936 4130 1142 4190 inundationis
1155 4130 1234 4187 mole
1247 4129 1463 4203 conspicerent,
1479 4133 1508 4186 et
1522 4128 1673 4204 sicutpost
1687 4147 1766 4188 mor·

51 4221 124 4278 vitas
145 4240 153 4277 :
168 4221 236 4278 licet
249 4220 373 4278 dissono
391 4226 472 4292 voto,
487 4226 598 4289 tamen,
611 4224 645 4278 ut
657 4237 713 4296 par
737 4226 810 4294 crat,
827 4240 882 4282 suo
936 4226 996 4279 tem
1006 4220 1114 4279 iuliani
1125 4223 1273 4294 Apostatae
1288 4235 1381 4276 naves
1395 4220 1434 4277 ad
1449 4222 1601 4294 prerupta
1615 4221 1764 4280 montium

51 4309 175 4368 domino
190 4309 265 4368 dant
277 4310 403 4368 laudum
417 4310 578 4383 praeconia,
603 4310 775 4368 extollentes
789 4311 828 4368 ad
844 4313 882 4369 si·
936 4311 1102 4386 penderent
1112 4308 1160 4366 vel
1173 4308 1203 4365 in
1215 4308 1372 4382 antiquum
1388 4309 1480 4366 chaos
1494 4309 1597 4366 omnia
1622 4311 1763 4385 redirent,

51 4399 129 4458 dere.
158 4402 225 4469 Ouo
239 4399 296 4456 sibi
310 4405 338 4457 et
347 4399 504 4458 contectali
518 4399 744 4474 imperatorium
766 4417 878 4460 nomen
898 4438 920 4492 D
937 4401 1043 4458 timore
1055 4398 1160 4456 mortis
1174 4398 1319 4471 percussi,
1345 4402 1428 4469 terga
1449 4404 1562 4457 vertare
1586 4407 1762 4475 coeperant;

49 4488 189 4548 obtinuit.
201 4492 316 4547 Paucos
328 4489 371 4547 ihi
379 4489 496 4548 habens
521 4489 596 4558 dies,
625 4489 747 4564 publica
773 4507 816 4561 re,
843 4497 877 4550 ut
931 4491 985 4550 sed
996 4488 1127 4564 peccatis
1139 4487 1392 4562 praepedientibus
1407 4487 1502 4546 multa
1512 4489 1762 4546 miliahominum

48 4580 188 4651 putabat,
218 4579 295 4637 bene
324 4578 480 4652 disposita,
507 4582 536 4636 et
561 4579 711 4637 immensa
751 4582 881 4654 pecunia
935 4579 1034 4637 subito
1046 4577 1188 4634 fluctibus
1199 4577 1382 4645 interierunt,
1405 4577 1477 4650 quia
1501 4577 1617 4634 vultum
1647 4575 1763 4632 Domini

48 4669 149 4726 ubivis
164 4668 301 4726 locorum
329 4673 483 4740 congesta,
515 4667 660 4727 accelerat
687 4670 741 4726 iter
764 4671 803 4728 ad
829 4688 881 4745 pa-
934 4668 1043 4725 iratum
1052 4665 1182 4736 effugere
1196 4680 1258 4721 non
1271 4670 1441 4738 potuerunt.
1455 4665 1609 4722 Heinricus
1631 4663 1762 4735 impera·

46 4758 149 4824 triarm
165 4773 228 4814 non
244 4757 308 4814 sine
332 4757 446 4814 damno
468 4756 642 4814 multorum.
672 4757 750 4816 llulti
778 4765 877 4818 autem
933 4763 980 4814 tor
994 4754 1198 4826 lleresburgiae
1213 4755 1353 4828 paschale
1377 4754 1487 4812 festum
1510 4753 1632 4826 peregit.
1649 4751 1692 4807 lbi
1708 4752 1763 4806 Bo-

45 4845 171 4902 obsides
181 4850 211 4903 et
224 4845 273 4902 alii
288 4849 493 4904 Romanorum
505 4845 648 4903 custodire
659 4847 768 4918 traditi,
783 4847 878 4922 impe·
932 4845 1038 4902 hdavo
1049 4845 1151 4902 omnia
1165 4859 1293 4902 munera
1306 4860 1374 4916 quae
1387 4843 1429 4900 illi
1441 4842 1574 4912 miserat,
1590 4838 1680 4896 simul
1692 4854 1762 4895 cum

44 4939 146 4992 ratore
160 4933 305 4992 redeunte
320 4933 426 4992 callide
439 4933 542 5006 fugam
566 4933 706 5006 inierunt,
734 4934 879 4994 violantes
933 4933 1028 5004 gratia
1042 4931 1183 5006 perdidit,
1195 4932 1269 4989 dum
1284 4930 1369 4988 illum
1383 4929 1532 5002 legatione
1561 4926 1692 4999 superba
1718 4925 1762 4982 in·

43 5039 156 5095 pacem
171 5027 202 5081 et
214 5023 285 5080 belli
297 5039 400 5081 rursus
408 5024 533 5082 consilia
547 5025 777 5097 captantesfloc
788 5025 879 5083 eham
932 5021 1043 5078 festum
1055 5020 1195 5078 reddidit.

43 5127 127 5170 anno
144 5112 191 5170 sol
203 5112 313 5170 etluna
326 5113 444 5188 aliaque
465 5113 564 5170 sidera
578 5112 652 5172 daut
675 5119 789 5172 metum
815 5115 877 5172 tris
970 5115 1048 5167 1015.
1068 5109 1160 5165 Etiam
1185 5107 1233 5164 hic
1261 5107 1292 5163 in
1316 5104 1456 5162 Walheki
1483 5103 1564 5160 diem
1589 5101 1760 5176 palmarum

43 5201 119 5259 tium
133 5202 303 5273 signorum,
318 5218 387 5276 quae
400 5217 472 5259 mox
481 5201 647 5276 pestilentia
658 5219 738 5260 sceva
753 5208 781 5260 et
795 5220 877 5260 mors
932 5213 1038 5268 agens,
1056 5195 1184 5251 nuncios
1194 5195 1232 5250 de
1248 5193 1331 5252 ltalia
1344 5192 1400 5250 sibi
1426 5193 1455 5249 in
1484 5197 1673 5250 sacramenta
1692 5209 1761 5250 con-

43 5291 210 5349 subitanca
222 5295 399 5365 sequuntur.
411 5291 467 5348 Sed
478 5291 621 5362 etldisico,
635 5292 773 5350 Bolizlavi
786 5293 876 5364 lilius,
932 5283 1068 5351 strinxit;
1085 5288 1113 5338 et
1126 5282 1196 5339 inde
1209 5282 1361 5354 digressus
1385 5284 1526 5338 Ernestus
1550 5282 1613 5338 dux
1642 5282 1715 5355 thel)
1728 5283 1760 5340 in

42 5379 80 5434 ab
95 5379 251 5438 othelrico
265 5381 423 5438 Bohemico
449 5381 575 5454 capitur,
599 5380 670 5437 dolo
698 5381 783 5438 caesis
810 5382 876 5453 eius
930 5371 1073 5431 venando
1087 5370 1176 5445 periit
1202 5370 1296 5427 asuis
1311 5369 1439 5427 meante.
1457 5370 1626 5429 commotio
1637 5385 1760 5444 quoque

86 5521 138 5576 28¹
170 5517 399 5576 Gernrodensis.
966 5498 1042 5571 (183)
1056 5496 1216 5555 (lamrode.

87 5592 144 5647 282
171 5589 212 5646 Id
220 5595 263 5648 est
277 5588 339 5647 duo
353 5589 544 5650 monasteria.
966 5591 1042 5658 (284)
1058 5585 1253 5647 Alamannia,
