3996 6178
100 188 169 248 reor
796 139 800 146 '
903 179 990 240 vrri.
1741 163 1811 244 raro

101 312 167 386 tlgit
178 315 212 372 ut
230 311 341 388 ipsein
368 311 514 372 suburbio
539 313 649 370 nostrae
677 308 803 370 civitatis
828 323 931 384 quem·
944 311 968 366 Α
983 305 1032 378 tis,
1046 307 1149 386 etipse
1162 309 1355 370 manifestam
1370 307 1497 384 gratiam
1511 307 1629 384 patroni
1642 306 1736 368 nostri
1762 323 1811 366 exv

100 401 173 458 dam
187 400 300 460 laicum
314 417 376 460 non
389 401 556 460 voluntarie
572 401 679 460 lancea
696 401 871 475 perforaret,
903 401 932 456 et
982 402 1094 470 pertus,
1114 418 1184 460 eum
1200 407 1407 478 opportunum
1419 400 1543 472 rideret,
1557 415 1619 458 non
1633 415 1701 458 eam
1716 397 1809 458 subti-

102 507 173 548 eum
188 492 278 566 quasi
292 496 446 550 mortuum
460 493 500 550 ad
518 497 627 550 terram
642 495 827 566 posternaret
842 509 848 546 :
879 487 931 562 qui
984 487 1053 555 cuit,
1070 490 1123 547 sed
1137 492 1279 551 omnibus
1293 492 1325 550 in
1339 496 1489 550 conventu
1500 494 1603 548 nostro
1618 488 1810 546 existentibus

99 581 188 654 quasi
202 581 363 638 semivivus
375 582 501 639 domum
516 581 684 650 deducitur,
704 582 780 648 lecto
801 578 946 650 affigitur·
984 577 1136 637 evidenter
1147 582 1293 656 patefecit,
1307 581 1411 640 dicens
1428 599 1460 638 r«
1478 581 1541 638 Fuit
1555 579 1636 637 enim
1650 593 1725 654 puer
1748 575 1812 652 qui·

2 677 3 688 *
101 675 238 746 etusque
253 671 294 728 ed
312 676 440 730 mortem
453 671 647 746 periclitatur.
660 670 866 745 Scdpraefatus
880 684 932 725 an·
984 666 1056 726 dam
1067 669 1209 728 custodiae
1219 671 1314 747 ipsius
1329 671 1477 738 addictus,
1492 669 1523 728 in
1538 663 1733 728 clericaliarte
1749 653 1813 724 eru-

102 759 184 818 tistes
197 765 298 818 noster
311 760 417 818 dolens
433 767 462 824 et
479 779 611 820 moerens
625 762 656 818 in
672 761 791 819 diversa
805 758 929 833 rapitur,
985 757 1125 828 diendus,
1140 759 1193 834 qui
1208 761 1365 836 epileptico
1380 761 1497 830 morbo,
1513 775 1605 834 quam
1631 755 1748 830 vulgari
1762 771 1814 814 no·

2 865 3 870 ¹
103 867 136 908 se
150 850 242 909 sacris
251 849 406 908 ordinibus
417 851 505 925 quasi
515 850 698 908 homicidam
709 867 775 908 esse
790 848 933 924 repellen-
984 847 1221 932 minecadueum
1231 851 1393 926 appellant,
1405 851 1480 909 adeo
1494 849 1658 908 vexabatur
1675 846 1813 922 utquoti·

101 940 178 996 dum
197 943 384 1012 angustatur,
396 945 425 997 et
433 940 475 998 itu
484 939 516 998 in
525 940 659 998 diversas
667 939 860 1011 cogitationes
870 935 932 994 ani·
984 936 1033 994 die
1053 937 1148 994 sexies
1173 939 1212 998 ad
1238 939 1339 997 minus
1370 939 1409 998 ad
1441 945 1550 998 terram
1566 939 1811 1013 prosterneretur,

101 1045 172 1086 mus
187 1029 449 1103 ipsiusinvitatur.
466 1030 599 1088 Tandem
614 1035 725 1088 nutans
743 1027 931 1104 quasinavis
984 1031 1014 1084 et
1051 1029 1210 1102 usquead
1248 1035 1376 1088 mortem
1412 1029 1506 1088 nimla
1548 1019 1721 1101 fatigatione
1764 1033 1814 1100 pe·

101 1118 487 1194 depmhensaintluetibus
503 1120 605 1189 maris,
626 1121 667 1177 ad
692 1127 854 1194 patronum
876 1133 930 1175 no·
983 1117 1172 1193 riclitaretur,
1198 1115 1334 1193 quadam
1360 1116 1408 1177 dic
1445 1120 1486 1177 ad
1505 1119 1706 1194 patrocinium
1732 1116 1814 1176 beati

102 1213 197 1268 strum
211 1210 336 1270 beatum
348 1209 562 1270 Godehardum
577 1215 610 1268 ut
625 1210 666 1268 ad
686 1213 808 1286 portum
833 1213 931 1266 tutum
985 1208 1166 1267 confessoris
1181 1210 1276 1268 nostri
1284 1209 1452 1282 deducitur,
1468 1209 1521 1266 sed
1536 1209 1568 1266 in
1580 1209 1629 1266 ria
1639 1208 1686 1266 bis
1694 1207 1734 1266 ad
1756 1211 1813 1265 ter·

103 1315 136 1355 se
150 1298 259 1370 dirigit,
269 1315 356 1373 spem
372 1315 459 1356 suam
472 1299 503 1356 in
517 1315 587 1357 eum
606 1299 695 1374 quasi
710 1299 874 1356 anchoram
901 1297 932 1354 in
984 1298 1266 1372 ramprostcrnitur.
1283 1295 1740 1370 Orationesadtumbamipsius
1757 1311 1813 1370 pro

102 1386 225 1446 firmum
239 1387 320 1446 littus
346 1387 451 1460 intigit,
468 1393 501 1446 ut
518 1389 558 1446 ab
585 1389 760 1446 imminente
784 1387 932 1446 anxietate
985 1387 1217 1460 retunduntur3
1233 1388 1433 1463 eleemosyna
1443 1384 1813 1462 pauperihuslargiuntur,

103 1492 174 1534 eum
185 1475 321 1550 eriperet,
337 1478 427 1534 corde
442 1477 569 1536 conhito
589 1482 619 1535 et
644 1477 802 1535 humiliato
827 1475 932 1550 spiritu
986 1481 1015 1534 et
1029 1478 1158 1551 perfecte
1173 1483 1297 1536 sanatus
1312 1478 1344 1536 in
1358 1477 1592 1552 domumipsius
1607 1475 1782 1548 regreditur.
1799 1495 1814 1526 »

102 1566 276 1639 postulavit.
293 1567 351 1626 Sed
364 1567 410 1624 vir
434 1567 618 1636 vulneratus,
637 1567 712 1624 dum
723 1567 789 1640 jam
803 1571 880 1624 esset
900 1565 931 1622 in
1023 1571 1050 1624 6.
1062 1567 1113 1624 His
1126 1567 1222 1625 tribus
1237 1567 1330 1640 signis
1344 1569 1375 1626 in
1391 1567 1545 1624 communi
1553 1569 1703 1625 conventu
1715 1563 1754 1622 ab
1765 1579 1816 1620 au·

101 1672 201 1728 agone
225 1657 351 1731 positus,
378 1656 443 1739 ipse
468 1657 528 1716 tide
556 1659 674 1728 firmus,
689 1657 729 1716 ad
760 1656 931 1731 sepulerum
947 1675 967 1730 g
986 1655 1179 1714 etorabilibus
1207 1656 1278 1713 viris
1304 1656 1443 1726 recitatis,
1470 1671 1577 1714 omnes
1602 1653 1690 1712 hilari
1716 1655 1815 1710 mente

1 1772 5 1782 ·
104 1746 201 1804 sancti
215 1746 335 1820 patroni
349 1747 443 1805 nostri
455 1763 487 1804 se
499 1746 668 1822 prostravit,
682 1752 837 1821 totamque
864 1763 933 1806 noc·
986 1746 1163 1821 percipiunt,
1178 1745 1279 1822 ipsum
1290 1745 1452 1804 antistitem
1480 1749 1628 1814 nostrum,
1656 1739 1741 1818 quod
1765 1757 1816 1798 vo·

105 1839 165 1893 tem
177 1836 209 1894 in
224 1836 359 1894 oratione
371 1837 566 1910 pernoctavit,
583 1839 612 1895 at
626 1836 724 1909 magis
747 1837 848 1908 rugitu
870 1853 933 1895 cor·
986 1837 1113 1894 luntarie
1125 1853 1180 1911 per
1194 1851 1225 1894 ao
1236 1835 1364 1894 faceret:
1381 1835 1533 1908 instigant,
1550 1839 1584 1893 ut
1596 1833 1739 1892 omnibus
1755 1847 1817 1890 mo-

104 1925 151 1982 dis
163 1941 257 1999 quam
269 1926 477 2000 propalatione
502 1926 585 1984 vocis
609 1926 848 1986 misericordiam
879 1927 934 1984 im·
986 1926 1032 1984 dis
1048 1925 1224 1992 elaboraret,
1244 1925 1371 1999 qualiter
1396 1924 1521 1981 boatum
1547 1921 1720 1998 pontiticem
1746 1936 1816 1978 nos·

103 2013 243 2090 ploravit.
267 2015 323 2074 Sed
339 2016 460 2072 tandem
472 2031 567 2089 propa
580 2015 705 2072 termino
716 2015 813 2073 nochs
826 2015 932 2086 vigilhs
986 2021 1064 2074 trum
1076 2014 1289 2072 Godehardum
1299 2013 1376 2072 inter
1392 2017 1514 2072 ceteros
1530 2017 1651 2071 sanctos
1661 2011 1712 2070 Dei
1727 2026 1817 2068 cano-

2 2179 3 2186 *
104 2103 295 2176 defatigatus,
311 2103 452 2164 etdolore
468 2104 932 2177 conturbatus,quietemintrare
986 2105 1108 2164 niaaret.
1125 2105 1183 2164 Sed
1197 2104 1272 2162 dum
1301 2103 1332 2161 in
1356 2103 1446 2160 rebus
1478 2102 1621 2172 minimis,
1648 2102 1762 2160 nedum
1784 2099 1816 2157 iu

102 2188 302 2262 compellitur.
318 2193 349 2247 tn
363 2207 425 2264 qua
437 2191 463 2248 ei
477 2195 507 2249 et
520 2196 634 2250 statum
649 2197 678 2250 et
702 2192 801 2254 forma
813 2192 932 2267 patroni
986 2193 1137 2264 maximis,
1153 2194 1185 2252 in
1197 2193 1309 2269 quihus
1321 2192 1422 2250 laetum
1436 2196 1647 2268 exspectamus
1656 2191 1759 2260 finem,
1775 2189 1817 2246 di-

102 2275 197 2333 nostri
206 2275 237 2333 in
252 2277 363 2336 visione
376 2280 434 2351 (78)
449 2284 596 2352 quantum
612 2285 714 2338 tamen
727 2298 822 2355 quam
833 2281 864 2340 in
876 2283 933 2340 hac
986 2284 1093 2342 vinum
1105 2283 1311 2341 invocandum
1326 2281 1364 2338 sit
1375 2281 1532 2350 auxilium,
1546 2280 1660 2356 placuit
1673 2277 1818 2337 omnihus

104 2363 166 2422 vita
185 2365 308 2435 viderat,
321 2367 484 2426 certissime
503 2368 721 2428 manifestatur.
747 2373 833 2436 Nam,
858 2370 933 2430 dum
987 2377 1020 2430 ut
1032 2371 1177 2445 speciales
1191 2370 1304 2444 ubique
1318 2369 1350 2426 in
1361 2369 1491 2426 Ecclesia
1503 2372 1606 2426 nosha
1621 2367 1818 2424 funderentur

102 2454 204 2511 adhuc
218 2459 297 2514 esset
317 2455 394 2514 inter
421 2457 538 2528 vigilias
569 2462 598 2515 et
624 2458 760 2517 adultam
789 2459 933 2534 quietem,
988 2461 1028 2518 ad
1042 2463 1137 2518 Deum
1148 2475 1204 2535 pro
1217 2460 1275 2518 hac
1290 2472 1506 2532 causapreces,
1519 2473 1558 2514 ne
1576 2455 1649 2530 quid
1663 2456 1817 2513 ineassum

102 2560 234 2618 persona
247 2545 475 2619 patroninostri
489 2549 516 2604 ei
529 2547 561 2605 in
588 2547 703 2605 visione
730 2549 879 2623 apparuit,
902 2553 935 2606 ut
987 2548 1251 2608 velinconsultum
1268 2551 1373 2607 eontra
1398 2551 1506 2604 nutum
1534 2545 1653 2604 Domini
1676 2544 1820 2618 incipere·

102 2632 266 2691 missarum
280 2635 427 2693 solemnia
444 2635 588 2694 celebrari
602 2637 711 2706 faceret
725 2637 752 2696 ei
773 2636 935 2708 diligentis·
989 2655 1068 2709 mus,
1095 2637 1179 2712 quod
1205 2637 1245 2694 ad
1272 2636 1389 2694 bonurn
1413 2635 1552 2694 effectum
1574 2634 1739 2710 perducere
1755 2647 1817 2690 non

103 2722 180 2780 sime
192 2723 309 2797 indixit,
325 2729 353 2781 et
363 2729 396 2781 uf
410 2724 564 2782 officium:
596 2730 664 2783 «Ne
691 2727 806 2798 timeas,
821 2727 932 2784 Zacha·
988 2727 1653 2799 valeremus.tgiturstatutumestutomnes
1671 2728 1734 2782 tam
1756 2737 1819 2778 ma·

102 2811 158 2882 ria,
172 2812 313 2882 exaudita
328 2813 481 2871 estoratio
495 2818 546 2872 tua
566 2815 646 2886 (Lae.
662 2833 682 2887 r,
700 2817 779 2888 t3),»
794 2816 934 2874 decanta·
987 2819 1068 2890 iores
1082 2834 1176 2892 quam
1191 2816 1336 2888 minores,
1364 2815 1449 2873 linita
1472 2815 1640 2874 matutinali
1663 2813 1749 2882 hora,
1778 2804 1818 2868 ad

104 2988 254 3046 orationes
269 3007 341 3047 suas
354 2991 453 3062 magis
477 3008 512 3048 ae
537 2992 634 3064 magis
653 2993 828 3050 continuare
853 2994 970 3082 insti-0
988 2998 1133 3068 venirent,
1149 3002 1179 3058 et
1193 3013 1259 3054 sese
1272 2996 1423 3054 humiliter
1450 2996 1490 3054 ad
1515 3001 1626 3054 terram
1653 2997 1819 3069 prosterne·

106 3078 159 3135 tuit
175 3096 182 3148 ;
199 3076 292 3136 sedin
306 3079 355 3136 ria
370 3079 510 3137 nuntium
531 3081 672 3156 suscepit,
696 3082 749 3156 qui
772 3083 934 3140 certissime
988 3092 1063 3160 rent,
1080 3092 1109 3146 et
1121 3087 1275 3162 psalmum
1290 3103 1296 3142 r
1323 3087 1521 3154 Benrdreisti,
1543 3085 1678 3155 Dotatae,
1706 3090 1818 3142 terram

105 3183 220 3238 regrum
240 3168 370 3226 evasisse
399 3173 527 3228 mortem
553 3171 711 3229 nuntiarit.
740 3173 790 3229 llis
813 3173 933 3242 auditis,

104 3257 195 3315 corde
208 3263 237 3316 et
251 3259 354 3316 auimo
368 3259 559 3331 exhilaratus,
582 3263 677 3320 lteum
691 3262 757 3319 eoeli
771 3263 933 3332 benedixit,

104 3348 158 3422 qui
172 3348 260 3406 nohis
274 3349 363 3406 talem
373 3353 534 3424 patronum
543 3351 574 3408 in
587 3351 713 3410 ecelesia
723 3357 826 3411 nostra
840 3369 934 3410 reser-

991 3184 1074 3238 tuom
1086 3179 1179 3251 (Psoi.
1195 3193 1313 3245 nxxxrv,
1326 3179 1366 3248 a),
1378 3175 1468 3232 eorde
1482 3174 1608 3232 contrito
1620 3177 1649 3231 et
1663 3171 1819 3239 humiliato

991 3268 1118 3325 Domino
1130 3267 1335 3324 decantarent.
1354 3267 1563 3337 statutumque
1577 3266 1622 3320 est
1645 3265 1678 3318 ut
1705 3261 1737 3318 in
1762 3260 1821 3317 sin-

990 3357 1068 3429 gulis
1082 3355 1238 3427 caenobiis,
1254 3355 1286 3412 in
1297 3353 1440 3413 territorio
1455 3357 1563 3410 nostras
1585 3349 1721 3410 Ecclesiae
1748 3365 1819 3406 con-

105 3436 194 3493 ravit.
990 3447 1108 3515 stitutis,
1120 3444 1264 3520 speciales
1279 3461 1335 3520 pro
1349 3461 1385 3501 ao
1399 3443 1505 3500 tierent
1525 3442 1676 3500 orationes
1705 3443 1734 3498 et
1748 3439 1821 3498 elee-

141 3529 168 3582 -t.
184 3526 251 3583 Fuit
261 3544 331 3585 vero
342 3531 413 3584 trino
426 3527 606 3602 temporisin
621 3534 770 3590 conventu
780 3535 883 3590 nostro
893 3547 936 3588 sa·
990 3551 1190 3610 mosynarum
1200 3534 1372 3606 largitiones
1385 3551 1393 3603 ;
1408 3533 1480 3608 quia
1494 3531 1678 3608 impossibile
1693 3534 1737 3590 est
1746 3528 1821 3586 mul·

106 3617 212 3674 cordos
231 3617 357 3690 quidam
369 3617 536 3690 religiosus,
550 3620 726 3678 adelbertus
737 3622 871 3693 nomine,
883 3623 936 3695 qui
990 3633 1089 3685 tarum
1109 3641 1171 3683 non
1184 3624 1320 3684 exaudiri
1334 3639 1423 3680 voces
1435 3624 1616 3681 orationum.

107 3705 235 3778 regulari
250 3707 352 3764 vitain
367 3707 441 3765 cella
454 3707 533 3765 beati
548 3710 766 3778 bartholomaei,
786 3728 854 3784 qum
881 3714 937 3770 sita
1020 3706 1053 3774 7.
1070 3715 1121 3772 His
1134 3731 1206 3787 ergo
1220 3714 1376 3788 aliquanto
1391 3719 1524 3788 tempore
1538 3711 1675 3788 peractis,
1692 3710 1820 3770 Ecclesia

107 3799 152 3852 cst
164 3795 194 3852 in
209 3796 345 3854 orientali
355 3796 447 3872 plaga
460 3801 570 3854 nostrae
585 3799 723 3869 civitatis,
738 3801 866 3858 vivebat.
882 3804 937 3870 Oui
990 3811 1095 3862 nostra
1106 3820 1184 3862 nova
1197 3803 1389 3861 tribulatione
1409 3802 1585 3860 concutitur.
1616 3805 1690 3860 Nam
1717 3799 1821 3873 praedi-

108 3901 177 3942 cum
191 3885 324 3942 audisset
338 3902 406 3958 quoe
421 3885 531 3959 praesul
549 3891 651 3944 noster
662 3889 804 3962 narrarit,
831 3890 938 3948 videns
992 3899 1057 3950 ctus
1073 3895 1280 3961 paternoster,
1299 3891 1377 3965 proh
1391 3890 1478 3946 dolor
1492 3890 1498 3945 t
1515 3889 1604 3945 nohis
1618 3905 1655 3944 eu
1674 3889 1731 3944 hac
1760 3887 1821 3942 vita

106 3977 227 4048 tempus
241 3973 396 4042 idoneum,
411 3977 440 4031 et
454 3974 519 4049 ipse
535 3974 591 4032 sihi
613 3976 743 4048 gratiam
768 3993 788 4036 a
810 3979 937 4038 Domino
993 3981 1190 4052 subtrabitur,
1205 3985 1234 4037 et
1248 3978 1346 4036 omnis
1370 3976 1518 4034 Ecoclesia
1542 3981 1648 4034 nostra
1673 3978 1820 4048 tantope-

106 4063 247 4120 eollatam
261 4069 389 4140 patrono
405 4068 520 4134 nostro,
536 4064 937 4126 omnihusintimarit.l)um
992 4071 1071 4124 store
1092 4066 1226 4124 desolata
1251 4065 1458 4124 conturbatur.
1489 4064 1547 4124 Sed
1572 4064 1625 4138 qui
1651 4062 1822 4122 consoletur

106 4153 189 4210 enim
211 4153 275 4227 ipse
299 4154 435 4228 quadam
460 4159 549 4212 nocte
574 4155 740 4228 patrocinia
764 4161 937 4216 sanctorum
991 4156 1117 4214 miseros
1132 4155 1164 4212 in
1175 4152 1365 4214 tribulatione
1394 4171 1458 4223 sua,
1488 4156 1576 4223 Deus,
1599 4169 1661 4211 non
1688 4152 1823 4228 permisit

105 4241 310 4316 implorando,
325 4243 431 4304 altaria
443 4248 552 4302 nostrae
568 4244 704 4302 circuiret
717 4246 859 4307 ecclesie.
873 4251 938 4304 tan-
993 4245 1155 4303 Ecclesiam
1168 4261 1256 4302 suam
1268 4245 1448 4302 influctihus
1461 4245 1552 4318 hujus
1573 4244 1674 4304 saeculi
1685 4243 1748 4302 sine
1770 4259 1822 4317 gu·

106 4333 177 4390 dem
189 4334 275 4406 juxta
289 4334 461 4408 sepulerum
475 4334 558 4392 beati
567 4334 746 4392 confessoris
761 4354 792 4395 se
807 4342 938 4410 prostra·
993 4336 1152 4410 bernatore
1162 4334 1214 4392 diu
1225 4334 1381 4402 fluctuare,
1396 4335 1494 4392 sciens
1513 4334 1595 4409 quia,
1626 4333 1677 4392 ubi
1701 4349 1764 4392 non
1778 4338 1823 4392 ast

106 4424 149 4480 vit
163 4442 169 4493 ;
182 4423 237 4480 sed
256 4424 407 4496 surgendo
417 4441 510 4482 manu
526 4423 682 4482 indiscrete
695 4427 824 4484 tenendo
839 4444 938 4485 sareo-
993 4427 1186 4498 gubernator,
1202 4429 1320 4484 corruet
1333 4425 1475 4500 populus.
1490 4429 1564 4484 Nam
1577 4425 1676 4484 omnis
1691 4422 1822 4482 Ecclesia

105 4513 242 4588 phagum
256 4514 320 4586 eius
334 4531 365 4574 se
378 4513 564 4585 sublevavit,
581 4513 660 4572 illico
686 4515 786 4589 pollex
810 4517 935 4590 ejusde
991 4521 1094 4574 nostra
1104 4515 1194 4572 simul
1208 4515 1387 4587 coadunata,
1403 4516 1588 4573 bernardum
1599 4515 1656 4588 (79)
1667 4527 1820 4570 summum

108 4603 379 4677 propr-iejunetura
394 4605 551 4663 emarcuit.
565 4605 674 4662 videns
689 4611 790 4664 autem
799 4606 864 4680 jam
873 4625 937 4666 sese
991 4605 1199 4680 praepositum,
1211 4605 1308 4664 virum
1322 4605 1405 4662 omni
1428 4602 1556 4662 clericali
1577 4601 1699 4660 scientia
1726 4599 1822 4657 erudi·

108 4707 203 4750 manu
216 4693 414 4764 debilitatum,
431 4694 560 4768 supplex
579 4699 607 4752 et
622 4695 833 4766 gemebundus
850 4713 881 4754 se
897 4697 936 4754 ad
991 4700 1066 4766 tum,
1092 4700 1121 4753 et
1152 4695 1288 4753 moribus
1314 4693 1435 4768 optimis
1458 4693 1645 4763 decoratum,
1665 4689 1820 4748 communi

2 4819 3 4822 =
108 4784 218 4840 terram
240 4783 423 4857 prostravit3
452 4784 572 4841 reniam
600 4789 629 4841 et
657 4784 893 4843 misericordiam
919 4803 937 4846 a
992 4801 1142 4843 consensu
1157 4784 1228 4842 cleri
1241 4787 1270 4840 et
1297 4782 1448 4840 alacritate
1470 4779 1587 4855 populi,
1607 4779 1820 4838 reclamantem

2 4913 3 4924 .
107 4871 198 4930 beato
214 4873 721 4948 denehardopostutavit.utstatim
736 4875 937 4950 trrprcprium
990 4879 1019 4933 et
1035 4874 1178 4932 omnihus
1204 4873 1304 4930 modis
1328 4871 1515 4940 renitentem,
1543 4885 1637 4944 sequa
1659 4869 1820 4941 indignum

2 5001 3 5007 .
107 4963 209 5019 locum
224 4962 286 5019 sine
297 4979 384 5020 mora
398 4967 426 5020 et
439 4962 559 5019 laesione
574 4964 673 5037 pollex
687 4965 809 5023 resiluit

2 5481 5 5516 r
108 5463 448 5534 dusoetogenarr'usaut
475 5462 698 5534 nonagenarius
719 5463 834 5534 obierit,
856 5481 939 5522 soue-

990 4961 1257 5030 roeilerantem‚in
1279 4959 1465 5035 spirituatem
1489 4963 1641 5032 pastorem
1669 4957 1766 5030 elegit,
1794 4962 1823 5015 et

991 5071 1089 5128 usque
1104 5053 1145 5112 ad
1162 5049 1338 5109 cathedram
1352 5049 1465 5107 summi
1484 5047 1642 5108 sacerdotii
1670 5047 1819 5123 perrluxit.

992 5145 1043 5201 llis
1058 5143 1099 5200 ita
1112 5141 1211 5214 gestis,
1233 5155 1326 5198 causa
1340 5138 1459 5212 patroni
1480 5139 1586 5210 nostri,
1614 5155 1684 5213 quae
1700 5141 1822 5212 propter

144 5051 171 5106 5.
188 5050 393 5108 Audienshaec
406 5049 548 5122 magister
559 5052 684 5124 quidam
696 5053 733 5108 de
749 5059 850 5111 monte
863 5057 937 5113 San·

108 5141 147 5200 eti
161 5140 300 5210 llauricii‚
316 5141 481 5198 lleinardus
493 5139 626 5207 nomine,
639 5141 685 5198 rir
695 5149 844 5216 provectas
869 5147 938 5202 aeta·

992 5323 1120 5380 mortem
1135 5335 1232 5376 caecus
1246 5319 1343 5377 faetus
1357 5317 1471 5388 fuisset,
1498 5319 1669 5377 Brunonem
1684 5315 1822 5375 Ecclesia

994 5409 1055 5476 sure
1071 5390 1221 5474 decanum
1231 5389 1438 5471 coadjutorem
1452 5388 1631 5478 habuitqqui
1646 5393 1754 5472 postea
1762 5389 1821 5517 iXsi

993 5480 1024 5522 rn
1036 5467 1212 5545 episcopatu
1227 5465 1377 5518 suecessit.
1393 5463 1544 5527 Quantum
1558 5459 1693 5516 Ecclesiae
1723 5459 1767 5517 llrl

148 5321 202 5394 (78)
218 5320 289 5378 nott.
305 5319 419 5378 habet:
440 5337 530 5394 quaem
555 5327 654 5378 tamea
681 5337 837 5394 euagrium
861 5324 938 5380 ofde-

108 5397 160 5450 rat
175 5407 186 5448 .·
200 5391 283 5464 quod
298 5409 338 5448 an
349 5391 467 5461 rectius,
483 5392 639 5448 incertum.
658 5392 686 5450 si
701 5394 781 5449 enirn
806 5394 938 5451 Barthol-

2 5563 8 5570 ·
108 5540 175 5591 tum
186 5534 937 5610 Godehardumadhucviventemriderepctuisset.
995 5537 1199 5592 ehermensret
1212 5532 1310 5590 ordini
1329 5537 1432 5589 nostro
1457 5528 1612 5609 profuerit.
1637 5547 1673 5588 ex
1698 5533 1821 5590 transla-

146 5607 202 5676 (79)
217 5607 383 5664 hemardus
398 5605 437 5664 ab
452 5622 532 5664 anno
550 5610 616 5663 ttae
636 5605 675 5663 ad
707 5607 773 5664 1157
802 5607 939 5664 Ecclesiae
995 5607 1074 5666 tione
1089 5605 1184 5662 sancti
1203 5603 1381 5672 Godehardi,
1397 5609 1426 5660 et
1441 5603 1612 5662 monasterii
1639 5602 1738 5662 Sancti
1767 5607 1821 5674 Gor

110 5676 358 5736 hildesheimensi
387 5677 514 5752 praefuit,
535 5693 605 5748 cerm
624 5678 754 5748 tamena
768 5678 855 5738 annis
870 5683 939 5736 ante
994 5677 1121 5736 dehardi
1134 5675 1279 5735 erectione
1294 5675 1377 5734 facile
1393 5679 1438 5733 est
1447 5674 1593 5748 judicare.
