3998 6176
56 187 109 240 ee
468 194 470 198 ·
688 173 1133 242 smmmsesnormms
1716 183 1772 248 sss
1819 263 1822 270 y

55 309 135 376 ruat,
157 317 215 362 nec
237 316 323 373 reges
345 299 470 375 ςιιιιιιιιιι
490 301 616 363 existere
636 304 811 376 potuerunt,
829 299 885 364 um
902 300 1047 374 aiamim,
1059 301 1177 366 habens
1191 315 1295 362 secum
1317 316 1421 374 renem
1435 305 1464 360 et
1478 302 1649 367 sacerdotes
1659 306 1688 366 et
1700 319 1775 380 pro„

55 396 135 454 anun
149 409 251 452 caussa
269 389 413 452 enecare
436 390 556 458 desunt,
570 391 694 450 effectus
707 406 813 450 aarum
828 390 883 450 mi·
938 391 1045 465 phetas
1063 407 1143 461 suos,
1160 395 1189 448 et
1211 390 1443 466 promissionem
1464 391 1569 456 datmn
1589 409 1608 456 a
1631 393 1769 464 Domino,

55 486 134 546 nime
148 499 217 540 esse
227 485 370 557 pessunt..
382 480 576 540 concluditur
589 482 692 556 itaque
705 497 769 543 non
784 480 891 540 solum
938 479 1023 552 quod
1035 483 1271 555 postperactam
1284 478 1491 554 penitentiam
1510 480 1701 556 septuaginta
1714 498 1770 548 ans

54 575 90 632 de
103 573 185 630 iuda
200 575 354 646 sceptrum
366 569 513 640 ablatum,
525 571 580 630 sed
593 587 631 633 ne
645 586 748 644 regem
761 569 885 644 quidem
938 583 1047 630 norum
1060 569 1183 628 redituri
1196 572 1295 628 essent
1303 567 1334 626 in
1347 571 1456 632 umam
1471 585 1569 641 suam,
1584 586 1679 646 quem
1692 587 1770 638 non„

53 663 94 720 ibi
115 665 227 735 postea
249 658 315 720 fieri
333 659 477 732 potuisse.
499 663 582 720 Nune
603 660 764 720 veniamus
776 659 816 720 ad
830 663 886 722 ter·
938 656 1013 718 dum
1026 657 1191 719 tradiderat
1216 657 1363 720 Dominus
1385 655 1559 728 alienigenis
1579 658 1619 722 ad
1633 659 1769 726 hautun

53 753 145 810 ium:
168 773 182 802 e
194 753 260 808 Non
275 752 320 808 est
333 747 431 816 nobis,
446 748 596 824 inquiunt,
612 749 687 810 tanti
699 749 785 820 signi,
801 749 886 824 quad
938 743 1023 816 dum,
1046 745 1099 804 sed
1129 747 1205 806 sieut
1226 762 1307 808 nune
1331 747 1449 806 deserta
1470 751 1665 812 remanserat.
1684 752 1769 814 Nunc

53 838 171 899 msssles
191 854 301 896 sumus
321 852 402 896 nune
419 841 449 894 et
462 836 526 896 sine
540 853 621 910 rege,
635 837 667 896 id
681 841 727 896 est
739 838 893 914 principe,
938 849 1009 892 sero
1023 851 1086 894 non
1100 840 1145 896 est
1165 835 1252 898 vobis
1266 835 1409 900 collectus
1435 835 1579 918 populus,
1595 837 1672 898 sicut
1685 841 1770 916 tune,

56 935 86 988 at
103 932 267 1004 propterea
287 927 447 986 credamus
468 927 587 986 senisse
602 927 884 991 ursimannus
938 940 1037 999 nequo
1048 941 1111 996 rex,
1125 941 1223 1000 neque
1238 925 1419 994 sacerdotes,
1429 941 1530 1000 neque
1542 925 1709 1002 propheta,
1718 942 1773 992 ne«

54 1019 132 1078 enim
144 1016 284 1076 similiter
296 1017 328 1074 in
346 1015 510 1089 Babylone,
523 1032 585 1074 non
599 1021 702 1076 tamma
718 1017 885 1078 ullomodo
938 1029 998 1086 que
1012 1017 1090 1073 tarra
1113 1013 1232 1074 deserta
1252 1013 1338 1072 robis
1352 1017 1516 1085 reservata,
1531 1029 1587 1074 nec
1607 1015 1771 1090 promissio

54 1106 132 1166 venit
153 1105 290 1175 Hessius,
306 1105 359 1164 sed
382 1109 487 1178 postea
511 1105 623 1164 reversi
646 1105 885 1180 Hierosolymam
938 1101 1009 1162 data
1024 1118 1044 1162 a
1058 1103 1195 1174 Domino,
1208 1103 1292 1178 quod
1306 1107 1374 1178 post
1389 1104 1580 1178 septuaginta
1591 1119 1688 1168 annos
1697 1104 1768 1168 illuc

53 1196 217 1256 habuimus
237 1210 367 1267 mgnum
381 1199 410 1252 et
434 1195 654 1254 sacerdotium:
677 1196 741 1253 hae
756 1199 885 1268 asterga
938 1195 1075 1264 redeatis,
1093 1195 1168 1260 deut
1180 1196 1325 1264 tunc,sed
1336 1200 1381 1256 est
1392 1196 1492 1270 potius
1505 1197 1651 1259 sententia
1664 1195 1768 1264 datae

54 1301 118 1358 spes
132 1288 241 1344 nostra
256 1288 299 1353 ut,
315 1283 448 1346 umiliter
468 1283 557 1344 nubis
570 1284 721 1355 restitutis,
735 1301 806 1344 eum
819 1285 884 1360 pla·
938 1285 1077 1356 Domino,
1092 1285 1176 1359 quod
1197 1289 1343 1360 perpetua
1364 1285 1401 1344 sit
1419 1284 1484 1343 haec
1498 1284 1644 1352 desolatio
1657 1290 1768 1358 vestra,

54 1374 143 1434 cuent
155 1378 231 1446 lieo,
241 1389 347 1434 rursus
361 1374 426 1432 heac
439 1373 633 1433 adveniant.»
646 1372 883 1448 Respondemus,
938 1374 1021 1448 quod
1043 1375 1075 1432 in
1096 1374 1164 1434 loeo
1188 1390 1244 1431 suo
1260 1373 1331 1434 satis
1351 1374 1584 1446 demonstratur,
1598 1390 1667 1450 qum
1680 1374 1768 1434 vobis

54 1463 131 1538 quod
152 1480 240 1522 nunc
254 1463 372 1524 ursides
385 1469 414 1522 et
428 1463 491 1522 sine
515 1463 650 1538 principe
662 1480 718 1521 vos
731 1479 798 1520 esse
812 1461 886 1524 disi·
936 1463 1001 1535 jam
1015 1463 1129 1522 sriroiter
1143 1479 1240 1525 annos
1262 1463 1345 1520 mille
1364 1463 1513 1536 persolvit,
1532 1463 1576 1520 nil
1592 1462 1768 1530 fraudatura

56 1554 112 1622 stis,
125 1557 155 1610 et
168 1569 278 1610 rerum
288 1557 349 1623 est;
360 1552 401 1612 ibi
415 1554 495 1612 enim
510 1552 652 1614 calcerus
665 1557 730 1612 arat
742 1553 774 1611 in
788 1568 884 1616 unum
938 1568 991 1610 ros
1005 1551 1044 1612 de
1058 1551 1182 1624 esuris,
1197 1552 1338 1626 usquein
1347 1551 1450 1611 finem

54 1642 181 1716 populus
198 1641 423 1716 lliorclosymis,
437 1641 469 1699 id
483 1645 538 1714 est,
553 1641 648 1699 tribus
669 1642 746 1699 luda
766 1645 796 1701 et
809 1645 883 1699 Ben-

496 1910 1328 2036 samcntrvnnnnn1

701 2105 943 2174 GARNOTENSIS
962 2106 1119 2163 EPlSCOl’l

350 2226 807 2354 SERMONES
883 2231 992 2349 AD
1070 2227 1282 2352 POPU
1301 2229 1467 2353 LUM

553 2407 754 2491 (Bibliotheca
768 2417 908 2486 Petrum,
923 2419 998 2474 tom
1012 2417 1104 2486 llillll,
1119 2431 1190 2492 pag.
1212 2416 1269 2493 37.)

333 2609 447 2685 sinuo
469 2624 608 2683 emaus,
904 2625 926 2680 a
1269 2623 1385 2683 sanae
1404 2627 1438 2680 ιι.

84 2711 185 2770 renes
197 2707 612 2781 venerabiles,eherifratres,
627 2710 679 2768 tilii
694 2711 756 2778 liei,
767 2709 883 2785 aliquid
972 2715 1096 2782 Fratres,
1113 2711 1203 2770 credo
1217 2711 1301 2786 quod
1315 2728 1423 2770 omnes
1444 2712 1497 2786 qui
1511 2715 1651 2787 presenti
1663 2714 1766 2780 badi«

57 2795 134 2856 vehis
157 2796 304 2860 volumus
320 2813 489 2858 memorare
512 2799 550 2858 de
572 2800 609 2859 iis
632 2816 699 2873 quse
722 2815 882 2873 nunquam
935 2818 971 2863 ea
985 2802 1182 2870 continemur,
1196 2817 1250 2876 per
1263 2801 1355 2862 fidem
1379 2801 1536 2864 christiani
1558 2819 1674 2868 sumus.
1691 2804 1768 2868 Rode

57 2902 102 2944 scs
117 2886 259 2947 oblivisd
283 2891 409 2961 oportet,
427 2888 565 2948 videlieet
581 2889 737 2963 ιῑιιοιιιοιιο
762 2888 882 2949 credere
935 2893 1045 2948 damus
1058 2907 1131 2964 ergo
1147 2891 1177 2948 in
1191 2891 1297 2966 primis
1321 2893 1381 2954 lieo
1396 2892 1517 2962 matins,
1534 2892 1588 2966 qui
1606 2909 1663 2953 nos
1677 2893 1718 2957 aa
1732 2892 1765 2958 u.

56 2977 184 3038 debeatis
198 2981 230 3038 et
244 2977 353 3046 visere,
365 2981 398 3038 ut
412 2978 437 3042 si
450 2979 520 3052 quie
533 2980 710 3053 peccaverit,
726 2979 883 3053 quomodo
935 2979 1004 3041 dem
1029 2995 1117 3041 suam
1138 2995 1246 3038 vocare
1269 2979 1410 3052 dignatus
1431 2985 1485 3050 est,
1501 2985 1530 3038 et
1552 2997 1607 3055 per
1622 2981 1767 3055 baptismi

55 3067 143 3140 pessit
155 3082 349 3140 recuperans.
371 3067 437 3130 nia
451 3073 521 3132 sunt
541 3069 622 3128 hmo:
645 3068 722 3128 tides
737 3069 884 3132 catholica
935 3069 1063 3141 gratiam
1078 3086 1097 3126 a
1110 3074 1234 3142 peceato
1247 3069 1446 3141 mandatust
1459 3085 1478 3129 a
1490 3070 1613 3131 diabolo
1625 3069 1762 3138 iberam.

56 3155 181 3226 maest,
196 3160 228 3216 et
242 3171 339 3218 unum
354 3157 516 3218 Dominum
534 3157 566 3219 in
584 3158 732 3227 minitata,
748 3161 776 3219 ct
790 3157 882 3222 Trini-
936 3157 1025 3222 Dicite
1046 3159 1107 3216 Deo
1131 3157 1252 3230 gratias,
1267 3157 1388 3220 irenes:
1411 3159 1436 3216 si
1449 3159 1721 3232 permansissemus
1734 3160 1766 3226 in

57 3247 138 3304 aum
151 3243 185 3305 ιιι
201 3244 316 3306 unitate
332 3261 519 3306 veneremur.
535 3246 620 3306 Multi
632 3250 702 3306 sunt
716 3249 817 3310 autem
829 3247 883 3322 qui
934 3244 986 3304 illa
998 3245 1148 3310 munditia
1161 3263 1230 3320 qua
1255 3246 1344 3309 nobis
1358 3247 1612 3321 perbaptismum.
1626 3248 1698 3314 dota
1710 3253 1764 3318 ost,

56 3349 109 3393 nen
137 3335 353 3408 possunthoc
378 3334 550 3407 intelligere,
574 3336 631 3398 nisi
655 3351 709 3410 per
731 3336 883 3410 quasdam
934 3335 1115 3394 veretaliees
1129 3351 1278 3400 essemus,
1296 3335 1353 3394 Sed
1367 3351 1430 3397 non
1443 3337 1677 3409 permansimus,
1693 3337 1768 3402 aeci

54 3423 134 3495 nunu
149 3421 363 3486 similitudines
381 3424 573 3486 inducantur.
599 3427 787 3500 Quapropter
801 3426 883 3486 dica·
935 3425 1036 3482 dimus
1057 3425 1138 3486 enim
1158 3441 1212 3500 per
1232 3429 1369 3484 nostram
1388 3426 1521 3500 eulpam,
1536 3441 1598 3487 non
1613 3426 1712 3490 solum
1733 3427 1765 3487 in

54 3528 115 3570 nus
129 3516 162 3570 st
175 3527 235 3574 nos
249 3512 364 3586 aliquid
378 3513 446 3575 tale.
462 3519 495 3580 ln
509 3514 572 3574 sole
587 3519 658 3574 sunt
670 3520 729 3575 tres
743 3515 884 3578 naturali-
934 3519 1069 3589 peccata,
1086 3515 1140 3576 sed
1147 3515 1243 3574 etiam
1254 3515 1286 3575 in
1299 3515 1426 3576 erimina
1440 3519 1562 3590 propter
1576 3531 1645 3590 quae
1658 3531 1765 3589 pecca«

54 3605 99 3668 ter.
111 3601 245 3678 sphera,
260 3600 388 3673 claritas,
395 3603 614 3678 ealeasphaera
628 3604 700 3665 solis
710 3606 883 3670 naturaliter
935 3607 1014 3662 teres
1033 3604 1072 3662 ab
1087 3603 1217 3662 Eeelesta
1240 3608 1428 3678 separantur,
1442 3604 1546 3678 qualia
1559 3609 1629 3664 sant
1642 3605 1766 3666 homici-

54 3695 91 3750 ιιι
104 3691 274 3767 splendens
288 3697 317 3753 ct
331 3691 441 3758 amena
459 3695 695 3754 Summusl’ater
710 3696 883 3758 naturaliter
935 3692 996 3764 dia,
1018 3692 1174 3762 ndulmria,
1196 3692 1417 3761 fornicationes,
1444 3693 1610 3766 sacrilegia,
1638 3693 1764 3768 rapina,

53 3787 91 3838 est
105 3781 243 3854 sapiens,
259 3785 289 3838 et
302 3797 425 3852 amans3
446 3781 565 3856 sphera
587 3782 669 3856 solis,
682 3787 711 3844 et
729 3784 881 3858 splendor,
935 3783 1024 3855 furta,
1040 3783 1115 3844 laisa
1129 3775 1308 3852 testimonia,
1324 3783 1476 3856 superbia,
1487 3783 1611 3853 invidia,
1627 3785 1764 3854 avaritia,

52 3873 76 3924 et
88 3868 183 3940 umor,
198 3883 263 3930 non
278 3874 348 3934 sunt
368 3869 532 3939 trossulos,
548 3871 601 3928 sed
616 3887 695 3929 unus
710 3872 775 3942 sol;
801 3889 883 3933 sum·
934 3873 1051 3932 diutina
1064 3872 1232 3943 uacundia,
1245 3872 1372 3930 ebrietas
1387 3872 1519 3930 assidua.
1530 3872 1611 3930 Sicut
1621 3888 1693 3944 erpo
1704 3877 1764 3932 lieo

50 3975 118 4014 mus
133 3961 221 4018 rates
233 3964 262 4018 ot
275 3959 423 4034 sapientia
432 3960 507 4036 ejus,
520 3963 549 4023 at
562 3962 721 4034 &moreius
737 3979 800 4021 noa
812 3967 883 4024 sunt
900 3981 920 4037 c
935 3962 1046 4034 manas
1061 3961 1177 4032 egimus
1190 3976 1247 4035 pro
1269 3960 1404 4020 bonitate
1418 3977 1483 4027 aua,
1500 3960 1542 4018 sic
1555 3976 1613 4022 uos
1628 3960 1764 4034 culpabi„

50 4053 110 4106 tres
133 4046 187 4118 dii,
205 4047 255 4106 sed
269 4065 348 4112 unus
371 4052 417 4109 est
435 4051 532 4119 Deas3
558 4049 705 4125 sapientia
727 4051 817 4116 Filius
831 4053 881 4112 Dei
933 4051 977 4114 les
998 4049 1197 4116 confiteamur
1220 4065 1275 4123 pro
1302 4048 1415 4112 malitia
1440 4052 1554 4120 nostra,
1574 4051 1604 4106 et
1626 4047 1764 4109 dieamus

51 4141 102 4207 est,
119 4135 250 4209 Spiritus
264 4141 387 4199 sanetus
403 4154 490 4202 amer
501 4143 564 4199 est:
582 4142 667 4200 Pater
680 4139 781 4214 itaque
796 4146 825 4202 et
837 4141 881 4199 Fi·
935 4139 1044 4211 singuli
1059 4157 1067 4195 :
1083 4141 1256 4213 peccatores
1270 4153 1385 4196 sumus.
1409 4139 1614 4205 tranensem
1629 4135 1704 4194 tales
1717 4152 1766 4196 sue

51 4225 114 4296 lius,
130 4232 160 4288 et
174 4227 305 4302 Spiritus
318 4231 439 4292 mactus
454 4243 534 4291 unus
550 4231 628 4287 Deus
649 4233 713 4298 est;
738 4229 787 4288 hia
803 4233 881 4290 Deus
933 4246 1003 4292 mus
1024 4244 1127 4290 eoram
1149 4230 1210 4292 Deo
1231 4231 1260 4285 et
1274 4226 1385 4286 sauefis
1400 4227 1475 4300 ejus,
1491 4226 1546 4284 sed
1558 4225 1764 4292 misericordia

53 4320 115 4374 anta
130 4315 245 4378 sucula
259 4319 289 4374 et
302 4331 394 4390 nuno,
410 4320 439 4382 at
452 4331 571 4390 semper
583 4315 651 4376 tecit
664 4316 768 4382 omnia
782 4318 882 4382 visibi-
934 4318 999 4392 ejus
1024 4332 1137 4388 magna
1157 4321 1212 4386 est,
1228 4317 1281 4391 qui
1306 4315 1394 4379 nobis
1417 4315 1518 4378 adhuc
1542 4315 1636 4374 donat
1662 4314 1763 4374 locum

53 4401 89 4466 lin
100 4411 129 4464 et
141 4405 316 4470 invisibilia.
934 4407 996 4466 sire
1011 4411 1130 4481 tempus
1142 4405 1371 4468 emendationis.

85 4495 234 4564 tinaritm
247 4499 349 4556 autem
359 4510 413 4560 eur
427 4498 506 4556 Deus
518 4495 604 4555 Pater
617 4495 723 4560 Filium
737 4512 837 4573 suum,
849 4495 881 4557 id
970 4497 1172 4556 Emendcmus
1195 4510 1267 4568 ergo
1289 4497 1320 4556 ia
1334 4495 1452 4562 melius,
1464 4497 1552 4567 juxta
1567 4495 1761 4568 scripturam,

54 4587 92 4642 eo
105 4584 301 4658 molentum,
313 4584 468 4650 hominem
482 4583 546 4645 fieri
556 4584 675 4650 soluit?
686 4585 880 4659 respondem
933 4603 1001 4661 qma
1013 4586 1181 4657 ignorando
1195 4585 1389 4660 peccavimus
1400 4603 1407 4654 ;
1420 4583 1504 4658 quod
1519 4585 1544 4641 si
1557 4583 1677 4640 nescitis
1689 4597 1764 4655 qua·

52 4689 116 4732 mus
129 4690 229 4748 quam
253 4673 429 4738 brevissimo
450 4689 624 4748 possumus,
646 4679 768 4750 propter
786 4675 881 4742 homi-
932 4675 997 4732 liter
1011 4674 1172 4732 emendare
1196 4673 1341 4743 debeatis,
1366 4673 1529 4731 dicendum
1548 4677 1594 4728 est
1616 4669 1713 4727 vobis.
1729 4673 1763 4726 ln

51 4777 118 4820 nem
134 4763 241 4836 unque
254 4762 475 4834 redimendum,
490 4763 543 4836 qui
556 4763 646 4836 eulpa
667 4779 722 4826 sua
741 4764 879 4838 perierat,
932 4763 1037 4837 primis
1051 4779 1176 4838 peecare
1190 4762 1342 4824 desistite:
1368 4761 1503 4837 quandiu
1523 4760 1604 4817 enim
1617 4758 1685 4832 quis
1705 4761 1762 4814 ne-

51 4857 77 4906 st
95 4867 152 4925 per
166 4867 201 4910 se
225 4868 288 4915 non
314 4855 431 4927 poterat
449 4853 592 4927 reparari.
618 4857 692 4911 Nam
716 4858 880 4928 autequam
933 4853 1050 4913 minum
1064 4851 1216 4910 offendere
1239 4869 1302 4912 non
1316 4856 1423 4922 cessat,
1437 4867 1493 4908 nee
1508 4850 1573 4921 ejus
1587 4845 1763 4921 punitentia

50 4947 189 5012 peccaret
202 4943 306 5014 nomo,
322 4947 385 5002 erat
396 4943 531 5017 prudeus
547 4947 577 5002 et
588 4943 778 5013 immortalis,
793 4949 822 5002 et
833 4961 880 5002 ar·
933 4941 1086 5002 fructuosa
1098 4944 1152 5014 est,
1168 4945 1197 4998 at
1209 4941 1262 5015 qui
1281 4941 1313 5000 in
1332 4941 1389 5000 hae
1401 4940 1463 4997 rita
1477 4935 1622 4996 criminali
1638 4937 1762 5009 peccate

50 5027 138 5088 bitrio
150 5030 238 5102 libor,
254 5030 309 5091 iuit
322 5036 423 5096 tamen
439 5036 523 5093 tauta
545 5031 691 5096 calliditas
711 5032 833 5102 diaboli,
848 5036 881 5092 ut
932 5031 1025 5094 ιιιιιιιιι
1039 5047 1101 5093 non
1110 5029 1297 5104 imposuerit,
1312 5029 1431 5088 veniam
1445 5028 1477 5086 in
1491 5026 1584 5084 altera
1595 5038 1658 5083 non
1669 5023 1762 5082 habe-

51 5117 289 5180 nemeaeum
307 5123 337 5182 et
356 5119 494 5186 redderet
506 5119 706 5194 insipientem,
720 5121 879 5187 moralem
932 5120 985 5186 bit.
998 5122 1197 5194 Quapropter,
1212 5118 1326 5188 uttlixi,
1334 5114 1539 5176 necessarium
1552 5118 1598 5171 est
1611 5113 1642 5170 in
1656 5113 1762 5187 primis

52 5207 246 5280 cinomiam:
262 5209 418 5282 ιιιιοιιιοιιο
432 5223 504 5280 orgo
519 5214 629 5283 posset,
645 5209 762 5281 strrltus,
777 5209 878 5274 etira·
933 5209 1050 5271 crimini
1063 5209 1156 5268 finem
1177 5208 1259 5280 dare,
1274 5207 1383 5266 deinde
1397 5221 1468 5263 vero
1488 5219 1651 5262 commissa
1662 5203 1761 5261 delere

53 5295 471 5368 dinumeraturum,
494 5298 649 5358 diabolum
669 5299 830 5369 revincere,
853 5296 1222 5385 etnperpmnitentiam
1245 5311 1299 5368 per
1319 5294 1554 5367 eleemosynam,
1578 5309 1632 5367 per
1655 5292 1761 5350 oratio·

53 5399 227 5460 recuperare
250 5404 304 5461 per
327 5403 359 5444 se
377 5388 462 5462 quod
485 5387 665 5462 perdiderat,
681 5389 734 5462 qui
751 5405 880 5464 qumque
934 5402 1014 5444 nem.
1034 5383 1155 5442 lindum
1169 5383 1350 5458 penitentie
1365 5382 1453 5443 uobis
1468 5383 1648 5442 constituent
1666 5397 1762 5441 sacer·

54 5473 106 5529 sibi
117 5476 220 5534 adhuc
233 5477 354 5536 salidus
366 5493 429 5536 non
441 5475 597 5537 defendit?
615 5476 699 5534 nullo
712 5477 804 5536 modo
817 5482 880 5538 erat
933 5474 1028 5532 dotes.
1044 5473 1147 5532 llodus
1169 5472 1367 5546 eleemosynae
1380 5476 1434 5542 est,
1451 5471 1618 5530 seeundum
1639 5469 1762 5531 seeum

54 5565 149 5621 tamen
183 5565 369 5642 impossibiie
401 5581 464 5626 non
494 5565 613 5641 impleri
644 5565 728 5639 quod
759 5566 880 5636 volabat
933 5562 1157 5627 tcmetbonam
1170 5561 1507 5623 voluntatemvestram
1519 5561 1639 5619 lindum
1653 5560 1761 5626 orade-

53 5651 258 5732 Omnipotm.
932 5651 979 5716 nis
998 5650 1150 5718 construit
1171 5649 1260 5714 nobis
1284 5649 1417 5712 Christus
1441 5650 1560 5712 uisura
1582 5647 1640 5712 nub
1658 5645 1760 5712 nandi
