3984 6182
96 222 165 276 lota
497 221 542 274 DE
562 219 749 276 mancatis
766 219 794 274 S.
815 215 1022 277 affluens!
1042 215 1131 272 hibat
1152 217 1234 274 DUO.
1252 249 1288 264 -υ
1301 219 1366 275 hin.
1388 220 1409 276 1.
1741 223 1809 282 tots

2 377 16 400 ,
94 342 173 412 culo,
187 347 232 400 est
245 343 331 398 valde
338 343 530 416 pensandum
539 343 613 400 tanti
626 343 767 416 martyris
778 341 928 409 meritum,
947 340 970 393 h
983 338 1164 396 Christianos
1176 346 1302 409 constat,
1313 343 1399 402 lectis
1408 343 1570 416 majorum,
1583 347 1612 399 ct
1623 344 1709 408 dictis
1721 344 1810 408 valde

5 479 12 506 =.
94 431 147 503 qui
164 432 321 488 mulierem
347 432 462 505 absque
488 431 652 490 ministerio
678 448 801 490 suorum
814 430 928 504 pedum
982 427 1155 488 certificatos
1170 431 1200 488 in
1216 432 1286 502 tide,
1310 434 1358 492 cui
1386 433 1487 492 adbuc
1511 433 1600 494 etiam
1615 432 1689 492 inter
1703 439 1810 494 cetera
1844 467 1848 478 ι

1 556 14 596 ,3
93 518 194 577 venire
210 521 304 576 voluit
318 520 356 576 ad
373 537 456 577 aram
469 537 530 578 suss
541 521 735 594 requietionis
750 519 928 594 antipodam
982 517 1111 576 veritatis
1129 519 1392 590 indicia,multum
1418 522 1639 596 adstipulantur
1666 523 1810 584 miracula

1 647 13 675 μ
95 625 130 668 eo
143 608 253 668 scilicet
266 613 377 677 tenore,
387 613 419 665 ut
433 609 485 666 ubi
495 614 585 668 antea
595 611 750 668 tenebrata
763 609 927 683 impietate,
982 606 1097 663 centus
1108 609 1148 666 ad
1172 612 1349 670 Sanctorum
1376 611 1540 674 memorias
1554 611 1726 676 declarata:
1742 628 1811 686 quas

1 743 15 764 ,‚
96 698 296 756 conticescens
311 699 481 755 occultabat
499 699 653 769 delictum,
680 700 721 757 ibi
735 703 842 774 postea
870 697 927 754 sub
982 697 1093 769 prosui
1107 701 1313 768 magnitudine
1328 719 1363 760 ac
1378 701 1563 770 assiduitate,
1593 717 1649 760 nec
1672 701 1810 760 inimicos

2 770 13 834 f'
95 787 162 844 luce
175 787 230 860 pise
245 787 452 855 confessionis,
465 805 500 844 ac
515 790 741 862 recuperatione
754 788 928 861 salutisipsa
981 784 1032 856 huj
1038 802 1072 842 us
1086 787 1217 844 nominis
1231 793 1260 846 ct
1284 790 1435 860 religionis
1458 789 1640 851 arbitramur
1653 805 1743 864 posse
1768 789 1812 848 la·

2 920 14 960 ,
96 894 167 934 cum
181 877 293 934 ceteris
307 877 432 935 disceret
448 878 603 952 scriptum,
618 879 691 952 quia
705 879 850 937 Dominus
866 893 927 933 ser·
983 878 1051 931 tere.
1070 899 1084 926 »
1100 876 1215 944 ouibus
1235 883 1437 954 nosnaparte
1463 880 1598 956 prolatis,
1622 879 1746 938 obviare
1762 895 1812 938 oo·

94 967 178 1024 rabit
187 968 280 1041 pedes
293 973 465 1030 sanctorum
481 986 616 1026 suorum.
632 973 666 1026 Et
679 970 751 1026 illud
763 970 844 1026 isaiae
860 985 929 1042 pro-
982 969 1088 1020 nantes
1101 967 1196 1024 iudei
1222 967 1330 1024 duritia
1357 969 1455 1029 cordis
1483 969 1603 1043 lapidei,
1632 969 1766 1028 obmant
1783 971 1813 1026 st

1 1115 12 1124 ,,
95 1055 191 1128 phetae
208 1075 214 1112 ι
242 1078 256 1105 «
273 1058 370 1122 Quam
395 1057 523 1130 speciosi
536 1058 630 1131 pedes
659 1058 927 1129 evangelizantium
982 1059 1173 1128 prestrepunt
1186 1056 1317 1114 dicatam
1332 1075 1338 1112 ι
1356 1080 1370 1107 α
1387 1059 1504 1131 Optime
1518 1059 1736 1132 novimusque
1751 1063 1814 1116 ten·

1 1131 9 1214 ,’
96 1161 214 1219 pacem,
231 1145 501 1216 evangelizantium
529 1147 611 1204 bona
638 1150 720 1220 (lsai.
742 1150 798 1220 ιιι).
816 1172 831 1199 »
848 1150 927 1214 Quo·
982 1143 1024 1200 dit
1033 1151 1130 1202 vester
1144 1147 1291 1219 epilogus.
1319 1152 1350 1204 ln
1379 1146 1504 1206 ecclesia
1525 1148 1649 1222 quidem
1672 1147 1812 1222 martiris

2 1285 12 1300 „
95 1250 164 1292 rum
179 1251 236 1291 nos
250 1235 411 1309 participes
439 1253 492 1310 per
521 1237 690 1294 charissimi
711 1238 758 1294 sui
787 1237 927 1309 martyris
981 1233 1069 1290 vestri
1086 1237 1309 1304 Emmerammi,
1324 1235 1397 1309 quia
1411 1240 1516 1294 notum
1535 1239 1581 1293 est
1595 1236 1736 1294 omnibus
1760 1239 1813 1294 lla·

2 1313 11 1397 j
99 1339 200 1396 preces
215 1324 331 1382 efficere
347 1325 497 1397 (lignatur,
513 1327 566 1399 qui
586 1327 694 1384 sedens
710 1345 801 1401 super
820 1327 927 1385 Cheru·
983 1321 1107 1380 tisbonoe
1133 1325 1353 1394 babitantibus,
1382 1323 1506 1384 claudos
1531 1329 1695 1399 reparatos,
1723 1328 1813 1398 atque

2 1405 13 1485 Ῐ,
97 1413 149 1470 bin
164 1414 292 1487 abyssos
308 1415 438 1472 intuetur
452 1417 542 1488 (Dan.
556 1419 607 1488 ιιι).
625 1423 728 1474 amen.
982 1413 1095 1470 ceteris
1109 1414 1253 1471 molestiis
1276 1415 1411 1484 affectos,
1429 1431 1448 1472 a
1469 1431 1539 1474 vero
1553 1413 1671 1474 medico
1684 1418 1813 1484 curatos,

132 1507 174 1558 tit.
192 1503 267 1568 Quia
276 1502 423 1559 beneficia
439 1503 542 1562 divina
568 1521 663 1578 usque
679 1505 816 1562 intinem
828 1505 927 1562 saeculi
982 1502 1105 1559 minime
1118 1502 1291 1560 diffitemur.
1318 1504 1375 1562 Sed
1389 1502 1814 1577 perltessiam,qusmnomi-

2 1589 10 1665 ’,
95 1590 258 1648 multorum
273 1591 331 1649 sint
356 1594 532 1650 resurrectio
547 1599 576 1650 et
591 1595 687 1666 ruina,
703 1595 835 1668 quotidie
848 1611 928 1652 crea·
980 1590 1057 1648 natis
1068 1591 1227 1660 Christum,
1239 1596 1267 1649 et
1280 1608 1350 1650 eum
1361 1609 1453 1667 wem
1468 1592 1564 1650 dicitis
1574 1597 1736 1667 patronum
1749 1608 1814 1648 res-

4 1746 10 1756 ·
96 1679 167 1734 toris
182 1679 351 1738 declaratur
366 1682 675 1756 omnipotentiaque
690 1683 824 1740 fidelium
834 1683 927 1740 corda
946 1685 1071 1750 atrum,
1085 1681 1196 1736 horum
1221 1681 1335 1754 aliquid
1361 1681 1474 1740 lactum
1488 1697 1648 1755 nunquam
1674 1680 1812 1742 latemur.

2 1768 4 1832 J
93 1767 227 1838 dirigens
240 1769 454 1828 mandatorum
471 1772 635 1828 suorumin
651 1772 766 1840 semita,
780 1773 928 1847 populum
983 1772 1057 1825 Nam
1070 1769 1262 1842 omnipotens
1274 1769 1306 1826 in
1320 1771 1404 1828 omni
1414 1771 1482 1830 loco
1506 1770 1721 1830 dominationis
1748 1771 1814 1843 eius

93 1857 240 1913 humilem
256 1857 362 1928 salvat,
378 1861 406 1914 ct
425 1859 528 1916 oculos
555 1861 753 1933 superborum
778 1861 925 1920 humiliat·
981 1874 1170 1931 quaecunque
1194 1859 1320 1916 volucrit
1334 1859 1404 1918 facit
1416 1863 1450 1916 ut
1462 1860 1551 1917 Deus.
1567 1861 1666 1919 Potest
1678 1859 1768 1918 etiam
1782 1859 1814 1916 in

5 2009 11 2028 ι
94 1946 229 2015 castigat
247 1961 318 2016 ergo
337 1946 408 2004 fidei
423 1963 515 2004 sacra
534 1948 611 2004 filios
639 1949 867 2006 misericorditer
895 1955 927 2010 ut
981 1947 1087 2019 plateis
1099 1947 1232 2004 conterre
1248 1947 1407 2006 sanitatem
1433 1947 1571 2016 infirmis,
1587 1951 1616 2004 et
1630 1947 1728 2006 tacere
1742 1946 1814 2004 talis

94 2033 234 2104 corrigat,
246 2033 416 2090 incredulos
430 2040 530 2092 autem
542 2041 571 2092 et
582 2035 690 2108 impios
706 2035 864 2094 obdurum
875 2053 927 2094 cor
980 2035 1011 2092 in
1024 2035 1189 2108 synagogis
1200 2035 1259 2094 sire
1272 2033 1811 2112 nostrisinscholis,qualisinrest1is

2 2112 10 2204 '⁸
93 2121 325 2194 etimpoenitens
349 2124 431 2193 iusta
452 2124 598 2180 sententia
624 2123 760 2181 damnat.
792 2126 874 2183 Unde
898 2131 927 2184 et
980 2123 1548 2196 gloriaminitactaecclesiis.»Tumos
1562 2140 1667 2184 eorum
1679 2123 1813 2198 quasim

87 2207 177 2278 plebs
194 2209 356 2268 Christiana
370 2211 418 2266 Dei
427 2227 457 2266 ιιι
468 2211 681 2284 omnipotentis
689 2212 805 2270 letatur
818 2215 924 2287 gratia,
980 2213 1046 2270 coeti
1056 2229 1209 2272 cameram
1228 2230 1424 2288 suspensum,
1450 2220 1480 2273 et
1497 2215 1634 2286 linguam
1647 2212 1812 2286 procaciter

88 2295 129 2352 de
145 2313 240 2354 manu
265 2299 395 2356 filiorum
410 2300 577 2358 alienarum
603 2308 768 2373 scgregata,
793 2321 925 2378 quorum
979 2307 1183 2366 transeuntem
1196 2303 1228 2362 in
1251 2307 1370 2372 terram,
1399 2303 1599 2377 oppilavimus
1619 2317 1758 2362 sermone
1780 2301 1813 2362 in

88 2385 143 2442 tilii
156 2385 233 2443 sicut
247 2387 446 2460 plantationes
461 2389 596 2457 novellae,
606 2391 674 2448 iilire
686 2393 924 2464 circumornatae,
978 2393 1060 2454 hunc
1071 2393 1197 2454 modum
1210 2393 1420 2454 secontinente
1434 2409 1440 2450 :
1456 2415 1471 2444 α
1480 2391 1556 2459 Quia
1570 2389 1697 2450 nommo
1707 2393 1812 2450 nostro

2 2553 3 2561 ἵ
86 2476 300 2549 promptuaria
313 2477 403 2550 plena
417 2495 454 2535 ex
469 2482 528 2538 hoc
542 2481 572 2538 in
594 2481 668 2538 illud
683 2485 858 2554 eructantia,
874 2485 925 2542 loe-
978 2485 1048 2540 issu
1062 2481 1177 2546 Christo
1190 2481 1383 2555 corporaliter
1399 2495 1469 2538 cum
1492 2479 1668 2540 hominibus
1690 2494 1812 2540 couver-

2 2562 3 2566 ’
87 2571 165 2622 tosae
182 2583 265 2638 oves,
282 2584 389 2624 crassa
408 2568 511 2627 bores.
528 2575 592 2627 Non
606 2576 650 2628 est
677 2572 765 2629 ruina
789 2575 924 2632 maceries
980 2575 1055 2643 sato,
1072 2588 1107 2634 ao
1122 2586 1249 2634 munera
1270 2586 1332 2630 sure
1348 2571 1466 2644 pietsstis
1477 2571 1555 2628 intra
1570 2573 1598 2628 et
1625 2575 1708 2628 extra
1722 2585 1811 2642 syna·

2 2645 3 2658 ¹
85 2671 192 2729 neque
212 2657 354 2714 transitus
382 2673 480 2731 neque
495 2658 610 2716 clamor
635 2661 666 2717 in
689 2662 794 2736 plateis
819 2679 924 2722 corum
980 2676 1101 2732 gogam,
1117 2660 1254 2734 patribus
1267 2659 1545 2730 vesbismagniflce
1564 2659 1724 2734 impertito,
1749 2674 1810 2716 non

83 2747 186 2816 (Prot.
212 2747 317 2818 exuri).
344 2746 406 2804 Hac
431 2747 521 2818 igitur
543 2747 619 2806 falsa
642 2749 778 2808 felicitate
800 2753 931 2824 deliniti,
980 2749 1078 2810 solum
1092 2766 1163 2808 oum
1178 2749 1220 2806 eis
1237 2749 1345 2820 ingrati
1372 2747 1535 2818 exstitistis,
1562 2748 1617 2806 sed
1643 2747 1811 2808 miserrima

84 2834 269 2892 Christianis
283 2836 489 2910 improperare
519 2837 616 2894 solent
637 2841 748 2910 Pagani
768 2847 796 2899 et
819 2842 923 2912 sudet,
979 2839 1180 2912 vosmetipsos
1197 2839 1407 2898 interficientes
1420 2837 1571 2896 dementia
1586 2837 1676 2898 etiam
1694 2836 1753 2894 hoc
1779 2836 1811 2898 in

82 2922 175 2997 quod
203 2939 273 2981 cum
288 2923 319 2980 hi
343 2925 524 2982 multimoda
552 2931 685 2986 terantur
710 2935 739 2986 et
763 2936 924 3001 graventur
979 2927 1093 2989 malum
1108 2933 1241 2986 vestrum
1261 2927 1474 2986 accumulastis
1499 2943 1590 3002 super
1602 2924 1810 3000 iniquitatibus

82 3028 243 3087 pressura,
259 3013 316 3088 ipsi
330 3015 509 3071 econtrario
535 3017 772 3077 consolationem
791 3021 924 3084 habeant
943 3048 964 3104 C
978 3034 1094 3086 eorum,
1110 3018 1185 3074 utin
1199 3034 1235 3075 eo
1247 3018 1337 3092 capiti
1351 3018 1489 3076 omnium
1501 3017 1663 3086 bonorum,
1678 3030 1810 3076 necnon

81 3107 117 3160 et
132 3101 271 3159 levamen
284 3102 314 3159 in
329 3104 433 3160 omnia
446 3119 510 3163 sua.
536 3109 656 3164 Nostros
681 3108 761 3167 velut
776 3125 924 3183 pauperes
978 3108 1055 3166 illius
1070 3108 1215 3166 membris
1241 3109 1341 3170 eteoh's
1355 3108 1558 3178 detraheretis,
1585 3107 1667 3168 unde
1681 3105 1809 3164 salutans

81 3208 124 3248 ao
139 3191 246 3248 inanes
261 3191 394 3250 afficiant
403 3192 578 3268 pestilentias
592 3212 627 3252 ae
639 3196 735 3255 tames
750 3217 757 3268 ;
774 3199 840 3256 illos
854 3216 924 3258 vcro
979 3198 1069 3270 gratis
1084 3197 1217 3256 oblatam
1230 3198 1378 3256 attrahere
1392 3197 1556 3266 debuistis3
1572 3211 1642 3256 cccc
1665 3195 1809 3253 converti-

83 3279 215 3350 reficiat,
230 3280 325 3341 immo
340 3280 492 3338 distendat
517 3283 670 3357 superflua
696 3302 797 3346 rerum
813 3304 923 3360 conge·
978 3303 1046 3344 mur
1056 3286 1096 3344 ad
1111 3291 1303 3360 gentesque
1317 3286 1480 3350 Dominum
1490 3285 1521 3343 in
1536 3285 1651 3344 Sanctis
1661 3287 1812 3344 noverum

82 3372 157 3442 ries,
173 3370 276 3446 inqua
290 3373 336 3428 est
350 3370 488 3428 omnium
512 3372 663 3433 malorum
689 3377 838 3436 materies.
869 3381 924 3438 Pro
977 3376 1101 3434 laudare
1111 3375 1227 3445 fideles,
1243 3381 1272 3434 et
1284 3375 1357 3451 quia
1368 3375 1511 3447 indignos
1525 3372 1810 3448 rosDeijudioastis

82 3475 220 3534 quorum
235 3459 317 3516 inani
325 3459 470 3531 jactantia
492 3463 665 3520 consolatur
677 3480 733 3522 nos
746 3466 881 3540 pleniter,
898 3467 924 3526 si
978 3465 1082 3538 gratia
1098 3482 1134 3524 ac
1148 3466 1366 3526 omnebonum
1380 3481 1479 3540 usque
1497 3464 1587 3524 hodie
1600 3481 1620 3522 a
1634 3463 1729 3522 salute
1743 3477 1810 3520 ses-

82 3549 174 3620 digni
190 3565 306 3621 sumus,
324 3549 446 3623 spiritali
467 3550 654 3612 abundantia
671 3572 710 3612 :a
734 3557 820 3629 cujus
835 3558 924 3632 copia
977 3559 1023 3612 tra
1035 3554 1175 3626 negativa
1193 3555 1378 3614 dissessione
1405 3553 1568 3628 repulistis,
1597 3553 1643 3616 his
1657 3552 1810 3612 huotuoss

84 3637 184 3695 David
200 3643 340 3696 eructans
355 3643 384 3695 et
396 3654 447 3694 cor
461 3637 616 3697 laboribus
640 3643 831 3704 humiliatum
853 3663 923 3705 con·
976 3644 1175 3718 proponimus
1200 3644 1389 3716 margaritis,
1416 3644 1470 3718 qui
1493 3644 1592 3706 sciunt
1606 3659 1677 3702 cum
1694 3642 1809 3702 honore

85 3725 202 3795 solans,
218 3725 307 3782 dicit:
321 3748 334 3776 α
350 3725 445 3784 Multae
459 3727 664 3787 tribulationes
676 3732 828 3803 justorum
847 3736 923 3796 etde
977 3734 1128 3807 suscipere
1143 3733 1218 3792 illas.
1234 3733 1327 3792 Vobis
1342 3739 1442 3794 autem
1458 3737 1512 3792 erit
1534 3739 1646 3792 cuma
1660 3731 1809 3801 conlusio,

84 3817 137 3874 bis
154 3816 293 3876 omnibus
303 3817 440 3874 liberarit
452 3833 504 3874 eos
517 3819 760 3893 DominustPrcl.
779 3829 889 3894 suin).
908 3850 922 3877 »s
975 3827 1104 3880 testante
1117 3823 1231 3880 Christo
1244 3827 1274 3880 in
1297 3841 1353 3880 suo
1376 3823 1536 3894 Evangelio
1552 3840 1559 3880 ι
1575 3845 1590 3876 s
1607 3820 1747 3888 Quintilii
1761 3836 1809 3876 rs·

84 3909 165 3966 htors
194 3910 294 3964 autem
323 3910 517 3980 peccatorum
544 3908 677 3980 pessima
705 3911 799 3983 (Prot.
821 3917 921 3986 mxu),
977 3909 1070 3981 gniin
1083 3911 1221 3970 tenebras
1249 3911 1410 3970 exterimes
1423 3913 1511 3971 erunt
1533 3908 1685 3978 trudendi,
1699 3912 1730 3964 ot
1744 3907 1809 3962 sine

84 4013 167 4070 qnos
184 3996 277 4053 tenmt
291 3996 433 4069 superbia
449 4015 456 4064 ;
473 3997 545 4070 quia
571 4015 639 4056 cum
658 4001 832 4070 hominibus
860 4021 922 4068 non
976 3998 1036 4056 fine
1052 3999 1196 4072 puniendi
1210 3999 1333 4071 (Moser.
1345 4004 1415 4066 rur).
1431 4021 1446 4050 ι
1468 4000 1613 4057 Caeterum
1637 4000 1672 4052 ut
1683 3997 1811 4052 reverta-

84 4083 331 4155 flagellabuntur.
345 4084 459 4151 Quibus
474 4102 544 4144 cum
557 4085 687 4146 dicimus
704 4109 737 4146 :a
752 4093 848 4160 Quare
860 4108 923 4152 non
977 4105 1046 4147 mur
1060 4087 1101 4146 ad
1114 4087 1291 4146 humilitatis
1307 4091 1418 4146 nostrae
1436 4085 1637 4160 propositum,
1652 4083 1809 4142 electores

84 4173 208 4234 creditis
235 4173 266 4230 in
291 4173 463 4238 Dominum,
491 4175 578 4246 cujus
598 4177 674 4248 juga
696 4177 766 4238 fidei
782 4197 872 4255 super
890 4198 923 4238 se
977 4182 1007 4235 et
1021 4176 1183 4246 auditores,
1198 4174 1339 4249 quiverat
1351 4173 1422 4234 fidei
1442 4173 1512 4232 estis
1527 4173 1723 4242 comessores,
1738 4187 1809 4247 quse
1870 4223 1875 4240 ,

80 4261 214 4332 levasse,
235 4262 300 4333 jam
315 4266 394 4320 totus
417 4262 551 4318 mundus
575 4265 769 4335 gratulatur?
792 4272 922 4344 Respon-
977 4268 1014 4326 de
1028 4266 1133 4326 Christi
1153 4265 1248 4336 gratia
1272 4268 1507 4339 sanctorumque
1534 4264 1628 4336 gloria
1645 4264 1755 4323 ludssis
1767 4263 1809 4322 ri-

84 4352 170 4418 dent,
186 4351 217 4410 in
232 4368 333 4408 rerum
348 4353 544 4426 prosperitate
565 4370 619 4412 seu
633 4356 812 4416 adversitate
830 4359 922 4417 utrin-
977 4373 1045 4416 sum
1059 4359 1104 4412 est
1117 4353 1255 4422 dubium,
1269 4353 1420 4414 clauom
1434 4358 1539 4411 vestrm
1561 4369 1722 4412 monemus
1745 4369 1808 4412 non

84 4456 150 4514 que
163 4440 356 4514 probandam
375 4439 438 4496 tore
464 4443 670 4502 executionem
696 4445 766 4504 fidei
781 4452 878 4517 reeta,
893 4455 922 4508 et
976 4446 1115 4513 dubium,
1127 4445 1181 4502 scd
1193 4459 1314 4519 semper
1328 4448 1452 4504 maneat
1474 4448 1599 4513 certum,
1610 4445 1683 4517 quia
1697 4444 1807 4500 ostium

85 4529 160 4602 quis
173 4529 202 4586 in
218 4531 334 4588 mundo
349 4529 487 4586 videatur
501 4531 656 4603 subiacere
672 4535 841 4595 maledicto.
868 4543 922 4596 No·
976 4537 1038 4607 liei,
1053 4535 1137 4609 quod
1152 4533 1219 4593 aliis
1233 4539 1278 4592 est
1292 4534 1440 4604 clausum,
1455 4533 1521 4591 aliis
1536 4534 1619 4606 justo
1633 4532 1684 4589 ilci
1693 4529 1807 4602 jndicio

85 4619 137 4676 bis
150 4624 249 4680 autem
265 4637 281 4676 e
296 4623 401 4677 contra
413 4620 638 4694 resultantibus,
654 4626 726 4698 quia
752 4627 922 4686 maledictio
976 4626 1031 4684 erit
1058 4629 1205 4700 apertum.
1231 4625 1307 4684 ante
1335 4641 1428 4700 quem
1455 4624 1528 4681 etin
1552 4637 1616 4696 qno
1629 4619 1808 4678 cordetenus

85 4709 197 4768 mundi
205 4709 371 4768 mutabitur
390 4710 599 4770 benedictione
613 4714 736 4780 coelcsti,
750 4718 862 4776 sennes
875 4734 922 4776 ss·
976 4715 1138 4784 orandum,
1166 4729 1205 4772 ue
1233 4731 1304 4774 cum
1331 4714 1390 4772 hoo
1403 4711 1520 4769 mundo
1534 4710 1725 4778 damnemur,
1754 4705 1805 4763 sed

86 4800 217 4867 turitate,
233 4800 331 4858 luctus
344 4800 557 4858 exhilaratione
573 4821 579 4872 ;
596 4808 712 4878 oportet
726 4822 783 4864 nos
796 4807 922 4867 adversa
976 4804 1183 4880 Redemptor-is
1211 4805 1307 4876 grstia
1332 4801 1445 4876 potenti
1471 4799 1632 4857 salvemur.
1658 4797 1751 4869 eujus
1776 4797 1807 4854 5¹¹

85 4890 197 4948 mundi
217 4890 364 4964 patienter
387 4889 521 4948 tolerare.
539 4895 631 4962 «Vos,
656 4895 805 4970 inquiunt,
834 4897 922 4956 solito
976 4897 1118 4954 charitate
1133 4910 1203 4967 spes
1230 4897 1333 4950 nostra
1357 4889 1500 4966 ponenda
1513 4903 1584 4946 eum
1597 4885 1668 4958 tide,
1691 4899 1807 4959 neper-

85 4995 173 5036 more
188 4979 301 5038 incerta
315 4995 370 5053 pro
385 4979 473 5036 certis
499 4996 617 5054 semper
643 4985 762 5044 habetis
779 5005 786 5056 3
806 4991 835 5044 et
853 4986 921 5044 ideo
975 4985 1072 5043 mittat
1083 4985 1121 5042 de
1133 4981 1377 5058 partejustorum
1389 4979 1496 5053 perire,
1510 4974 1689 5050 proqtsibus
1702 4974 1809 5046 digno·

85 5070 224 5144 quadam
236 5069 374 5128 facilitate
384 5069 424 5127 ad
436 5071 501 5128 haec
517 5087 573 5128 uos
601 5075 768 5134 conducere
791 5077 919 5136 mutatis.
976 5079 1024 5136 tus
1036 5078 1081 5132 est
1091 5075 1220 5130 mortem
1235 5069 1333 5127 crucis
1347 5067 1458 5126 subire.

86 5164 202 5230 «Quos
225 5161 382 5222 occasione
408 5160 510 5235 abque
533 5164 564 5220 in
585 5165 707 5222 nominc
729 5167 847 5226 Domini
873 5183 922 5224 ou·
1013 5168 1055 5220 16.
1069 5165 1137 5220 Erat
1148 5153 1662 5233 quidsmvtringenuus,nmehsror
1676 5153 1807 5211 marchi·

84 5256 203 5329 pientes
235 5259 360 5328 lucrari,
395 5259 541 5318 docemus
578 5255 676 5312 verbis
708 5254 884 5327 hujusmodi
912 5272 919 5314 r
976 5247 1327 5322 comitistro)etpreleott
1340 5243 1564 5304 ltahsbonensis
1574 5243 1808 5306 mausitans

896 5376 1008 5435 NOTAE.

124 5493 180 5562 (70)
206 5490 361 5548 Orientalis
383 5488 537 5557 marchas3
563 5485 643 5543 filius
665 5481 815 5540 Bertlroldi
829 5499 855 5540 e.
891 5487 921 5542 lt
977 5455 1150 5562 Augustani
1171 5481 1298 5560 patrem,
1312 5476 1453 5534 eumdem
1468 5475 1572 5535 habui.
1593 5475 1647 5560 llic
1661 5478 1739 5558 certe
1761 5475 1807 5532 vir

86 5563 258 5631 memorati,
274 5577 367 5636 quem
381 5561 566 5618 Thietmarus
580 5561 612 5623 V,
627 5559 672 5626 al,
692 5555 862 5610 Bucconcm
878 5553 921 5609 di-
975 5553 1030 5636 tuit
1044 5566 1168 5624 maJorrs
1184 5552 1287 5631 ambs,
1303 5564 1401 5632 neque
1426 5564 1496 5612 cum
1511 5545 1805 5634 eumfflrdulrmdus

87 5633 139 5702 cit,
155 5633 246 5690 luisse
256 5632 383 5691 videtur.
398 5634 491 5692 uinus
506 5635 584 5688 recte
594 5634 695 5688 tamen
706 5640 798 5699 supra
812 5640 842 5698 p.
855 5627 919 5691 415,
975 5625 1056 5682 dicat
1069 5623 1124 5696 (ιιι,
1140 5624 1185 5692 36)
1199 5620 1358 5678 mediocris
1372 5617 1545 5685 suestanus
1554 5617 1803 5691 militemadboc

87 5719 120 5764 n.
137 5707 180 5765 ec.
197 5705 345 5780 arnulphi
359 5703 444 5762 ducis
457 5719 612 5778 generum,
637 5697 764 5758 Heinrici
788 5694 921 5770 episcopi
975 5695 1076 5755 nobile
1091 5693 1234 5756 comitum
1249 5707 1345 5766 genus
1359 5689 1462 5751 reterri
1472 5694 1580 5768 potest.
