4044 6184
749 165 908 223 accusat
928 165 956 222 S.
977 163 1117 222 ctsshttbt
1136 163 1304 224 consciit.

781 455 1270 604 ADEMARI

878 745 1175 862 aetatula

333 955 426 1075 DE
468 951 934 1079 apostolatti
992 951 1250 1073 SANCTl
1310 951 1734 1074 MARTltlllS.
1788 1053 1791 1058 .

630 1139 730 1215 (Apud
745 1139 853 1199 Mabill.
867 1139 981 1196 Aneiai.
993 1141 1066 1196 tom.
1083 1139 1127 1206 lv,
1143 1137 1293 1212 Append,
1310 1153 1340 1211 p.
1354 1137 1428 1210 atr.)

926 1269 1135 1286 ...κ-,-

886 1400 1182 1498 ADMONlTlO.

775 1553 893 1628 (Mabill.
909 1555 1036 1623 dunat,
1051 1551 1104 1610 lib.
1118 1568 1173 1621 ivr,
1190 1566 1220 1609 n.
1235 1553 1292 1620 ta.)

217 1804 356 1861 Habitum
380 1810 424 1861 est
445 1805 503 1861 hoc
525 1820 606 1861 auno
626 1805 709 1880 apud
724 1805 896 1864 lemovicas
910 1801 1007 1862 eonci-
1025 1800 1162 1876 hibique
1178 1803 1240 1858 toto
1252 1814 1356 1857 mense
1372 1797 1538 1873 Septembri
1556 1802 1735 1869 remoratus,
1751 1795 1892 1871 hequen-

180 1893 265 1964 ilum,
294 1897 366 1950 teste
390 1893 540 1951 ademaro
568 1894 737 1952 cabanensi
764 1896 795 1954 in
821 1893 1009 1970 apologetica
1062 1895 1106 1950 tes
1130 1891 1167 1948 de
1191 1889 1299 1948 eodem
1324 1892 1502 1959 argumento
1531 1885 1704 1945 collationes
1732 1885 1890 1952 habuerat,

182 1981 307 2054 epistola
321 1980 358 2038 de
373 1982 544 2056 apostolatu
565 1983 658 2041 sancti
672 1985 820 2058 Martialis,
833 2001 925 2059 quam
940 1999 1010 2040 con·
1062 1980 1194 2039 maxime
1207 1982 1238 2038 ia
1252 1979 1459 2037 conamticuto
1473 1979 1689 2035 manachorum
1704 1977 1890 2050 Mgctismen-

182 2075 227 2128 tra
239 2071 430 2128 Benedictum
442 2072 591 2130 clusensis
602 2075 1009 2149 monasteriiprioremaspe·
1062 2071 1139 2128 sium
1154 2075 1182 2127 et
1196 2069 1483 2136 Brantosmenst'um,
1500 2066 1553 2141 qui
1566 2065 1636 2124 illuc
1651 2065 1692 2123 ad
1714 2065 1822 2122 festum
1836 2080 1893 2122 ua·

182 2161 259 2217 riore
275 2159 352 2233 stylo
364 2163 575 2236 propugnavit.
592 2163 735 2238 inscripta
750 2172 795 2223 est
809 2165 873 2222 haec
883 2164 1010 2239 epistola
1064 2157 1184 2217 tivitatis
1206 2158 1303 2216 beatae
1329 2157 1425 2216 Mariae
1448 2161 1659 2228 convenerant,
1676 2155 1847 2229 multosque
1861 2155 1894 2213 iu

182 2248 313 2307 iordane
336 2249 539 2307 lemovicensi
558 2251 711 2327 episcopo,
727 2253 864 2310 Odolrieo
879 2255 1011 2312 doctissi-
1065 2263 1153 2306 suam
1178 2246 1358 2305 sententiam
1375 2250 1570 2321 pertraxerat,
1595 2245 1750 2318 gloriatus,
1764 2245 1894 2304 Ademit·

183 2355 231 2396 ma
246 2339 349 2396 abbati
362 2342 609 2398 monasteriorum
626 2343 704 2400 beati
715 2345 879 2413 Martialis,
894 2344 1012 2402 Raiual-
1064 2355 1133 2397 rum
1148 2337 1231 2412 apud
1245 2336 1419 2394 Lemovices
1434 2352 1452 2394 a
1467 2352 1498 2393 se
1513 2335 1662 2393 devictum
1677 2340 1706 2393 et
1719 2339 1895 2409 superatum

184 2427 224 2484 do
248 2427 344 2484 levitae
368 2431 397 2484 et
419 2427 566 2500 Albcrico,
586 2431 757 2505 caeterisque
785 2433 910 2506 majoris
932 2433 1012 2492 beati
1065 2427 1167 2486 fuisse.
1184 2427 1215 2484 ld
1231 2426 1282 2484 ubl
1303 2426 1422 2484 rescivit
1434 2442 1489 2500 per
1512 2441 1582 2482 suas
1602 2425 1781 2493 ademarus,
1794 2440 1895 2483 acrem

186 2514 327 2589 Stephani
350 2515 482 2572 ecclcsiae
501 2517 672 2588 canonicis;
698 2519 953 2592 ermedramno
977 2537 1013 2578 ac
1066 2517 1148 2575 illam
1163 2520 1192 2573 et
1208 2515 1376 2574 aculeatam
1391 2515 1535 2573 adversus
1562 2513 1753 2573 Benedictum
1778 2512 1897 2588 scripsit

186 2603 311 2661 Geraldo
337 2603 453 2661 decano
477 2609 567 2680 etque
593 2606 752 2676 adelardo,
769 2607 894 2683 aliisque
918 2608 1014 2666 sancti
1066 2605 1235 2680 epistolam,
1250 2603 1282 2662 in
1296 2620 1358 2679 qua
1381 2621 1417 2662 ea
1430 2621 1499 2679 quae
1513 2603 1544 2661 in
1558 2603 1773 2678 disceptatione
1794 2604 1897 2660 Lemo

185 2691 322 2751 Martialis
336 2692 510 2762 monaolris3
525 2695 688 2767 Eugelrico,
705 2696 847 2770 fratrique
862 2698 926 2770 ejus
940 2700 1013 2754 Teo·
1067 2693 1179 2752 vicensi
1193 2693 1274 2752 dicta
1288 2698 1415 2768 actaque
1434 2693 1562 2762 lucrant,
1578 2697 1804 2760 commemorat,
1821 2691 1898 2749 mul-

185 2781 270 2839 tardo
285 2781 380 2840 heatae
395 2782 490 2840 Mariae
505 2783 668 2841 aluiciensis
682 2785 853 2856 canonicis,
876 2785 1015 2844 wernoni
1068 2786 1158 2858 taque
1179 2782 1340 2854 glorianter
1364 2798 1382 2840 a
1408 2781 1566 2839 Benedicta
1589 2781 1717 2855 prolate,
1730 2797 1840 2854 nempe
1864 2797 1897 2837 se

186 2869 383 2943 grammatica
396 2870 478 2927 beati
491 2871 565 2928 Petri
581 2873 708 2944 apostoli
723 2874 950 2932 Bettitaacerisis
965 2890 1013 2932 ec·
1068 2874 1208 2946 nepotem
1237 2886 1301 2928 csse
1333 2869 1451 2928 abbatis
1485 2869 1643 2939 clusensis,
1671 2885 1783 2927 novem
1809 2867 1897 2928 annis

186 2959 284 3017 clasiae
299 2959 468 3029 monacha,
491 2960 617 3018 ceroldo
630 2962 724 3019 sancti
738 2963 898 3035 Augustini
911 2967 1014 3023 lemo-
1069 2961 1273 3034 grammaticae
1283 2961 1314 3018 in
1328 2960 1551 3034 longorbardia
1562 2963 1591 3019 et
1603 2959 1726 3018 Francia
1736 2959 1897 3028 studuisse,

186 3047 313 3105 virensis
336 3048 510 3106 monasterii
529 3048 641 3124 abbati,
658 3051 795 3124 notgerio
810 3058 919 3112 sanctie
934 3053 1017 3114 Vale·
1070 3051 1173 3112 etduo
1196 3051 1290 3109 millia
1313 3050 1477 3108 solidorum
1503 3049 1655 3122 magistris
1677 3049 1738 3106 suis
1762 3049 1896 3120 dedisse;

185 3137 237 3194 riae
251 3136 466 3194 cambonensis
476 3138 605 3196 coenobii
614 3141 792 3215 praeposito;
807 3143 877 3201 item
889 3143 1014 3202 ceraldo
1034 3163 1054 3218 g
1070 3141 1192 3199 aedues
1206 3156 1335 3213 magnas
1349 3139 1459 3198 domos
1473 3139 1585 3197 habere
1598 3138 1681 3196 libris
1696 3139 1793 3197 omnis
1808 3154 1898 3212 geue·

186 3223 359 3282 doctissimo
372 3224 615 3285 sollemniacensi
640 3228 752 3300 abbati,
766 3231 897 3290 tlrnaldo
909 3234 1015 3292 Rothe·
1068 3230 1109 3288 ris
1122 3229 1265 3299 refertam
1286 3233 1315 3286 et
1328 3233 1491 3304 postquam
1506 3243 1521 3284 e
1537 3227 1640 3285 schola
1659 3227 1771 3294 exierit,
1786 3227 1849 3284 iore
1865 3231 1899 3284 ut

185 3312 272 3370 nansi
293 3315 322 3369 et
344 3312 524 3372 Theoderico
553 3316 682 3374 Mettensi
707 3317 869 3394 episcopis,
896 3336 1015 3379 necnon
1068 3333 1159 3375 nemo
1171 3317 1229 3374 sub
1243 3316 1317 3375 coelo
1331 3316 1397 3392 ipso
1412 3315 1575 3392 sapientior
1588 3315 1706 3375 iuturus
1717 3305 1764 3374 sit.
1775 3315 1822 3372 ld
1832 3315 1899 3372 haec

187 3401 363 3473 cunegundi
387 3407 533 3475 augustie,
550 3406 663 3463 cononi
678 3421 731 3463 seu
754 3406 892 3465 conrado
908 3409 1016 3468 cesari
1069 3422 1100 3464 se
1123 3406 1255 3481 priorem
1280 3421 1347 3463 esse
1368 3404 1540 3464 monasierii
1554 3405 1592 3463 de
1610 3403 1708 3475 clusa,
1723 3404 1899 3480 ibidemque

186 3495 330 3562 Augusto,
358 3490 502 3548 Willalmo
530 3492 748 3565 aquitanorum
776 3494 856 3565 duci,
885 3497 1015 3572 denique
1068 3491 1278 3571 postmortem
1302 3495 1441 3554 avunculi
1463 3495 1510 3553 sui
1528 3495 1662 3552 futurum
1685 3495 1844 3564 abbatem
1869 3499 1901 3554 ct

186 3578 293 3637 ioanni
305 3582 440 3636 Romano
455 3595 553 3654 papae.
578 3583 620 3638 Ex
633 3582 679 3639 his
695 3587 752 3640 tres
766 3589 934 3659 postremos
948 3586 1015 3644 aliis
1069 3584 1164 3642 multa
1176 3584 1206 3642 id
1228 3600 1335 3657 genus,
1351 3601 1420 3660 quse
1435 3584 1473 3642 ad
1487 3584 1637 3642 ademaro
1652 3583 1758 3643 saltem
1773 3599 1901 3656 exagge-

188 3685 219 3726 se
246 3667 448 3724 intermiscere
475 3668 525 3741 ait,
554 3674 596 3742 ut,
624 3670 649 3728 si
686 3671 760 3730 forte
793 3674 858 3733 haec
892 3676 1017 3750 epistola
1070 3677 1135 3732 rata
1158 3690 1220 3732 uon
1243 3674 1358 3732 dubito.
1376 3677 1457 3732 certe
1473 3673 1640 3732 Ademarus
1661 3673 1725 3748 ipse
1743 3671 1900 3730 modestiae

189 3758 228 3816 ad
256 3773 308 3814 eos
331 3759 474 3832 pervenit,
502 3776 563 3817 suae
588 3762 740 3820 sententiae
769 3763 929 3824 arrideant.
957 3770 1017 3826 cre·
1069 3763 1146 3821 fines
1160 3763 1217 3821 hao
1229 3763 1261 3820 iu
1275 3761 1402 3838 epistola
1422 3762 1558 3831 excessit,
1572 3762 1603 3819 in
1619 3779 1682 3837 qua
1706 3760 1900 3819 Benedictum

189 3852 268 3905 teres
295 3847 438 3922 praedicto
467 3849 667 3909 lemovicensi
697 3853 824 3912 canalio
849 3854 1017 3914 intermisse
1071 3853 1155 3912 omni
1175 3852 1378 3911 conviciorum
1397 3868 1505 3925 genere
1526 3851 1636 3921 adlicit,
1662 3851 1848 3909 llebionitam
1871 3855 1902 3908 ct

188 3940 274 4012 puto,
299 3937 337 3994 de
363 3953 425 4011 quo
453 3937 518 3995 haec
542 3939 644 4000 subdit
665 3941 841 4002 ademarus.
867 3949 918 4001 «A
931 3945 1019 4003 vobis
1071 3943 1243 4001 haereticum
1262 3959 1332 4001 eum
1354 3941 1519 4017 appellans,
1536 3941 1577 4001 ob
1597 3941 1676 3998 haue
1703 3941 1814 3999 scilicet
1830 3957 1900 3998 oau-

190 4029 314 4103 quidem
336 4044 397 4086 non
413 4030 475 4087 sine
491 4031 598 4103 grandi
619 4031 808 4110 exaltatione,
823 4035 907 4094 linito
922 4037 1020 4095 conci·
1072 4049 1138 4090 sam
1160 4033 1243 4107 quod
1258 4032 1354 4090 sancti
1372 4030 1511 4090 Martialis
1526 4031 1730 4106 apostolatum
1744 4029 1898 4088 refelleret.

190 4117 231 4175 lio
246 4118 459 4189 lemovicensi,
471 4125 579 4193 quarto
594 4121 642 4178 die
656 4123 769 4181 mensis
782 4126 905 4197 Augush'
917 4126 1020 4184 abces-
1073 4125 1156 4180 llunc
1170 4125 1270 4180 autern
1284 4121 1326 4180 ita
1337 4121 1491 4180 mordicus
1502 4120 1658 4179 asserebat
1666 4120 1844 4190 Adcmarus,
1856 4122 1900 4189 ut,

192 4205 228 4277 si,
256 4211 407 4264 revertens
432 4208 472 4266 ad
498 4208 681 4280 Egolismam
709 4213 869 4286 civitatem,
900 4217 951 4276 ubi
980 4216 1020 4274 ab
1073 4211 1189 4269 etiamsi
1203 4211 1286 4270 aliter
1298 4227 1380 4286 papa
1394 4214 1545 4279 statueret,
1553 4226 1585 4267 se
1599 4210 1626 4267 ei
1637 4226 1697 4268 non
1708 4209 1900 4267 obediturum

193 4294 259 4368 ipsa
274 4295 432 4353 tenerrima
446 4296 573 4370 pueritia
586 4299 741 4371 hacteuus,
754 4307 840 4361 atate
854 4305 1021 4379 quadrage·
1073 4299 1163 4373 dicat,
1178 4315 1217 4357 ue
1232 4302 1301 4370 lieo,
1315 4300 1368 4374 qui
1385 4297 1546 4358 Martialem
1568 4298 1741 4374 apostolum
1762 4300 1900 4366 creasset,

194 4382 307 4452 narius,
321 4383 414 4440 vitam
427 4385 458 4442 iu
473 4388 655 4446 monasterio
673 4389 753 4448 beati
768 4393 904 4467 Eparchii
918 4394 1022 4452 transi·
1073 4405 1135 4446 nou
1160 4387 1283 4445 obedire
1305 4387 1462 4445 videretur.
1488 4389 1578 4444 Porro
1603 4387 1682 4444 hanc
1704 4387 1901 4462 quaestionem

195 4488 244 4543 go,
258 4495 271 4522 a
295 4475 386 4530 Poma
407 4489 522 4532 annum
534 4492 596 4551 quo
616 4477 681 4534 haec
697 4480 855 4552 scrihebat,
870 4483 901 4539 in
915 4499 1020 4540 consa·
1041 4477 1194 4578 cdeliniri
1213 4493 1275 4535 non
1289 4493 1379 4551 posse
1401 4477 1460 4534 nisi
1482 4476 1513 4534 in
1537 4475 1668 4550 generali
1691 4475 1816 4533 concilio
1839 4491 1903 4533 om·
1940 4530 1944 4539 ,

195 4561 356 4636 questibus
365 4563 473 4621 diserte
483 4566 622 4640 exprimit
631 4567 678 4624 his
691 4569 800 4627 verbis.
817 4593 831 4623 a
841 4573 1023 4632 Namadhue
1077 4568 1162 4626 nium
1177 4566 1387 4642 episcoporum
1404 4565 1502 4624 Gallie
1515 4571 1543 4623 et
1561 4564 1650 4623 ltaliae
1665 4579 1725 4621 una
1736 4579 1807 4620 cum
1821 4577 1904 4638 papa

197 4655 300 4725 usquc'
312 4652 342 4709 iu
356 4660 535 4727 presentem
559 4672 675 4715 annum
694 4675 754 4734 quo
772 4660 935 4737 loquimur,
949 4663 1025 4737 quid
1078 4661 1224 4716 llomano.
1239 4658 1313 4714 Cum
1325 4656 1432 4714 codem
1446 4654 1605 4714 Benedicta
1619 4651 1791 4710 lemovicas
1806 4651 1905 4710 venis-

198 4747 242 4798 est
256 4741 433 4800 millesimus
448 4759 537 4802 xxvm
561 4745 600 4804 ab
619 4746 825 4808 incarnatione
840 4751 957 4811 bomini
973 4769 1026 4812 nc
1078 4764 1110 4805 se
1122 4747 1230 4805 dicitur
1240 4747 1408 4804 bernardus
1420 4745 1556 4820 quidam,
1567 4747 1714 4802 Ravennae
1723 4740 1903 4812 monachus,

198 4830 249 4888 stri
271 4834 339 4889 Jesu
361 4831 476 4901 Christi,
491 4850 545 4908 per
566 4834 760 4897 indictionem
782 4857 823 4911 xv,
845 4839 885 4899 ab
908 4857 1024 4900 assum·
1077 4837 1233 4895 medicinae
1254 4837 1326 4894 artis
1343 4837 1467 4912 peritus,
1483 4834 1535 4909 qui
1549 4833 1630 4890 idem
1652 4847 1722 4889 cum
1745 4829 1904 4888 Benedicta

198 4919 298 4992 pliona
323 4924 424 4979 autem
449 4922 529 4980 beati
543 4925 671 4998 apostoli
685 4927 822 4986 Martialis
836 4929 1026 5002 nongentesi-
1079 4927 1234 4986 sentiebat.
1250 4931 1282 4984 ln
1296 4926 1402 4986 e'adem
1416 4940 1538 5001 quoque
1549 4921 1694 4980 sententie
1708 4925 1771 4978 crat
1791 4919 1904 4992 saleio·

198 5025 267 5065 mus
280 5011 550 5086 quinquagesimus
571 5021 709 5089 quartus,
724 5035 786 5077 non
809 5023 880 5078 sunt
900 5020 958 5078 nisi
972 5037 1026 5079 cix
1077 5018 1202 5088 nius,cx
1218 5017 1364 5075 canonico
1376 5015 1471 5073 faetus
1485 5010 1654 5070 monachus
1666 5006 1905 5084 angeriacensis,

200 5097 281 5164 anni,
305 5113 342 5156 ex
376 5117 439 5174 quo
472 5103 656 5162 monasticus
689 5107 764 5165 crdo
786 5107 818 5164 in
839 5108 896 5166 hoc
919 5109 996 5180 loco,
1010 5131 1025 5162 a
1079 5107 1131 5184 qui
1146 5111 1247 5165 mmen
1261 5105 1404 5164 aiebatse
1418 5117 1488 5160 cum
1507 5099 1745 5173 Hierosolymam
1759 5100 1905 5174 pergeret,

199 5197 308 5257 nempe
319 5189 412 5244 sancti
422 5190 570 5262 Martialis,
585 5214 600 5243 «ι
609 5197 826 5252 transmutatus
837 5200 881 5256 est
890 5197 928 5257 de
937 5214 1028 5256 eano-
1079 5195 1189 5255 vidisse
1210 5194 1375 5270 quemdam
1394 5195 1540 5250 ioannem
1564 5187 1761 5260 monachum,
1775 5185 1907 5260 fortissi-

199 5273 277 5330 nico.
293 5295 308 5326 a
328 5278 412 5333 Forte
426 5293 479 5351 per
496 5281 527 5338 id
547 5285 666 5359 tempus
685 5285 859 5344 Benedictus
874 5286 1026 5347 cIusensis
1079 5303 1160 5344 mum
1175 5283 1406 5358 grammaticum
1420 5294 1458 5338 ec
1471 5279 1592 5336 civitate
1605 5278 1716 5348 flente,
1726 5277 1821 5350 quiin
1836 5274 1910 5332 nari

200 5363 284 5438 apud
293 5364 465 5424 Taurinates
477 5373 928 5449 monastertipnorlsmovieas
938 5379 1028 5439 adve-
1081 5377 1212 5452 quotidie
1232 5373 1403 5432 Martialem
1422 5368 1643 5440 pronuntiabat
1663 5369 1695 5424 ia
1716 5366 1822 5424 ordine
1840 5378 1911 5434 apo-

200 5455 655 5526 nerat‚uhicautratldemarum
666 5464 801 5541 aliosque
813 5469 1026 5528 monachosde
1081 5469 1238 5526 staterum.
1255 5465 1321 5522 ttae
1336 5459 1409 5518 satis
1423 5474 1461 5517 ex
1473 5457 1525 5515 illa
1545 5455 1681 5532 epistola,
1697 5455 1783 5527 eujus
1795 5453 1908 5527 ipsum,

200 5544 370 5617 apostolatu
385 5546 480 5603 sancti
503 5549 640 5607 Martialis
654 5551 881 5628 disceptaverat.
902 5557 1028 5616 Indead
1081 5562 1116 5615 ut
1131 5557 1256 5632 quidem
1271 5559 1354 5628 puto,
1370 5547 1592 5623 autographum
1616 5542 1800 5604 clarissimus
1824 5540 1911 5598 Belu-

199 5634 1026 5720 emouensepagtPicteveastsmonasteriumproteaus,
1083 5646 1146 5708 zius
1160 5660 1282 5712 mecum
1295 5638 1502 5702 liberalissime
1516 5631 1759 5695 communicavit.
1832 5727 1837 5736 ¹
