4044 6184
105 135 149 186 fbf
430 186 432 190 .
657 139 722 196 bill.
743 139 788 196 DE
808 140 995 204 bllllACUhlS
1016 149 1158 212 SANCTAE
1179 159 1278 218 Finis.
1771 192 1821 246 102

102 253 192 321 Quod
206 271 276 312 cum
295 255 468 315 tetendisset
495 257 601 328 datori,
627 277 695 318 ecce
718 269 840 336 repente
868 271 937 340 post
952 274 976 328 Δ
991 269 1065 329 nihil
1080 283 1236 338 cunctatus
1249 287 1423 359 aggredere,
1438 297 1468 350 ot
1479 299 1511 352 ut
1521 313 1590 355 oum
1599 305 1733 364 maximo
1748 313 1822 370 mal.

101 349 222 416 tergum
234 345 319 402 audit
329 347 462 404 sonitum
475 347 735 424 subsequentium,
748 357 777 410 ct
791 355 878 427 quasi
894 358 937 414 fu·
990 358 1048 432 lec,
1064 379 1101 420 ex
1115 381 1178 440 quo
1194 373 1326 432 candens
1356 395 1491 439 massae
1510 385 1631 448 fornace
1659 393 1737 454 facta
1752 416 1822 458 con·

102 433 210 504 gientis
223 433 363 492 animalis
378 440 408 494 et
419 436 558 508 agitantis
572 439 680 513 equitis
694 442 858 516 strepitum.
876 445 937 504 Sic·
991 451 1135 525 tunditur,
1151 458 1268 518 adnixis
1282 463 1396 522 viribus
1415 485 1489 541 roga
1504 491 1594 549 super
1605 479 1688 540 illam
1703 490 1820 559 passio-

101 537 161 597 que
174 521 295 580 vultum
307 523 338 580 in
353 528 436 598 terga
455 531 639 602 retorquens,
655 531 798 605 prospicit
818 533 937 590 eminus
990 553 1061 596 nem
1076 541 1107 600 in
1116 543 1225 608 incude
1239 552 1379 626 positam,
1407 558 1460 616 tibi
1481 563 1698 630 validissimum
1727 575 1820 637 ictum

100 611 255 685 hospitem
268 614 386 672 mulum
400 615 563 688 fugientem
587 634 678 675 cursu
690 619 876 695 fatigantem,
898 628 936 694 et,
990 626 1110 703 injiciat,
1126 637 1210 708 quod
1225 640 1357 701 celeriter
1368 646 1495 707 salutem
1518 652 1570 710 tibi
1585 661 1716 721 conferet
1738 674 1820 742 opta.

103 704 135 756 ut
148 717 222 758 eum
239 705 517 777 comprehenderet,
544 707 638 764 multo
653 711 811 768 conamine
824 712 937 771 eniteu-
991 721 1062 777 tam.
1076 744 1090 770 »
1106 723 1154 781 His
1167 725 1216 784 isse
1228 731 1337 801 verbis,
1354 737 1502 796 cachinno
1518 741 1687 820 simillimis,
1700 758 1819 830 stupore

103 793 172 846 tem.
188 791 257 858 Qui,
273 791 352 865 [hoc]
366 794 443 864 viso,
460 800 596 854 sancum
624 797 725 856 Fidem
744 801 874 860 attonitis
891 819 939 860 ex·
991 805 1080 866 simul
1090 814 1118 868 et
1130 815 1328 879 admiratione
1342 829 1549 902 praemonitus,
1576 851 1684 898 somno
1697 844 1819 906 abrum-

101 877 214 936 clamat
224 880 362 950 vocibus,
375 897 561 959 aureumque
581 887 688 944 retinet
709 889 793 962 quod
818 890 939 948 volebat
990 895 1078 969 pitur,
1095 904 1209 978 etquid
1226 908 1282 966 sibi
1298 912 1363 970 talis
1379 916 1452 974 visio
1467 919 1536 978 velit
1548 922 1609 982 alto
1623 931 1712 987 corde
1723 943 1820 995 versat

100 968 227 1027 reddere
242 972 440 1030 verecundus.
456 976 583 1048 Recepto
596 975 726 1052 denique
741 979 834 1043 mulo,
848 980 937 1038 inter·
990 984 1112 1047 diutius.
1128 995 1259 1055 Tandem
1275 1016 1345 1058 vero
1358 1004 1484 1064 domum
1500 1025 1665 1087 regressus,
1678 1021 1819 1084 obfirma.

101 1064 210 1130 rogant
224 1059 375 1134 hospitem
389 1063 518 1136 qualiter
542 1071 644 1123 actum
658 1065 747 1124 fuerit
761 1069 793 1125 in
817 1084 937 1143 repara·
991 1078 1020 1131 to
1031 1075 1061 1134 in
1076 1085 1204 1141 mortem
1219 1093 1348 1160 pectore,
1363 1093 1485 1154 fabrum
1499 1103 1687 1180 praedictum,
1699 1115 1819 1174 nemine

101 1148 183 1205 hone
195 1150 347 1208 animalis.
362 1152 459 1209 atille
474 1153 656 1214 admirando
673 1157 857 1229 exclamans,
873 1160 934 1217 ait:
991 1168 1121 1238 conscio,
1138 1176 1320 1250 aggreditur,
1337 1186 1367 1239 et
1393 1187 1530 1257 quesibi
1545 1206 1599 1264 per
1623 1203 1760 1260 sanctam
1775 1205 1819 1261 Fi.

101 1240 228 1296 «Oros
245 1239 346 1297 felices
360 1241 473 1315 quibus
498 1248 610 1302 tantam
627 1245 773 1318 virginem
792 1249 937 1322 contingit
990 1253 1217 1333 demimperata
1231 1264 1350 1326 fuerant
1374 1270 1492 1332 intimat
1523 1283 1674 1342 secretius.
1705 1291 1819 1356 Quibus

98 1327 214 1384 habere
227 1333 398 1403 patronam,
424 1331 511 1402 eujus
540 1334 798 1408 omnipotentibus
822 1338 935 1394 meritis
990 1341 1037 1398 ille
1052 1347 1171 1417 auditis,
1187 1355 1248 1409 toto
1277 1358 1367 1415 corde
1381 1361 1548 1438 collabitur,
1569 1387 1666 1446 noque
1682 1393 1713 1434 se
1739 1381 1817 1440 hanc

98 1433 161 1472 uon
180 1417 281 1474 solum
296 1418 473 1476 robissclus
484 1421 622 1480 tribuitur
637 1425 935 1495 anima1·um,varum
989 1433 1211 1506 phantasticam
1223 1441 1458 1510 ludificationem
1480 1456 1544 1526 jam
1557 1465 1693 1521 acturum
1702 1468 1818 1543 jureju-

99 1504 193 1560 etiam
202 1521 317 1576 magna
326 1513 527 1581 procurantur
542 1511 743 1570 medicamina
755 1516 933 1590 corporum!
990 1525 1086 1581 raudo
1098 1531 1261 1589 attestatur,

100 1597 167 1650 lfaec
183 1600 291 1652 sancta
303 1596 389 1668 virgo
402 1597 433 1654 in
449 1614 538 1672 opere
551 1603 580 1657 et
592 1601 697 1660 virtute
712 1620 774 1661 non
789 1603 858 1662 sinit
871 1622 936 1664 ves·
951 1623 971 1678 g
989 1613 1061 1685 quia
1076 1631 1138 1673 uon
1159 1621 1314 1694 medentis,
1333 1629 1386 1684 sed
1413 1634 1511 1704 potius
1524 1636 1704 1702 ludificantis
1725 1651 1818 1708 verba

99 1683 151 1738 tris
167 1683 380 1764 adminiculari
389 1685 600 1762 incommodis,
616 1690 706 1749 etiam
719 1693 934 1752 inanimalium
989 1701 1053 1758 haec
1066 1711 1144 1774 sunt,
1158 1725 1287 1782 quorum
1301 1719 1414 1776 monita
1430 1721 1454 1778 si
1465 1726 1603 1784 credulus
1613 1739 1754 1810 prosequi
1769 1755 1818 1797 vd

102 1772 331 1830 resurrectione.
348 1777 408 1831 lico
422 1777 506 1858 quod
520 1777 624 1835 videtis
646 1780 768 1852 animal,
780 1782 811 1839 iu
835 1783 934 1856 platea
988 1787 1089 1864 lueris,
1109 1798 1213 1856 mortis
1228 1805 1286 1858 tuae
1300 1821 1369 1862 rcus
1394 1812 1480 1881 argui
1495 1818 1614 1886 poteris.
1636 1825 1697 1892 Ego
1717 1831 1816 1887 tamen

102 1861 283 1933 projectum,
298 1862 498 1938 dentibusque
512 1867 629 1924 retectis
644 1870 727 1926 omni
738 1871 841 1928 anima
854 1872 936 1930 relic-
989 1894 1184 1957 nequaquam
1198 1888 1290 1962 hujus
1306 1894 1438 1955 criminis
1457 1917 1508 1957 ero
1532 1911 1637 1964 auctor
1651 1914 1712 1969 tam
1728 1919 1818 1988 pessi·

102 1957 176 2018 tum,
192 1951 272 2008 inter
283 1952 502 2011 decoriantium
515 1973 624 2014 manus
639 1959 793 2032 animavit,
806 1962 934 2020 concito·
989 1969 1128 2038 mi;novi
1142 1975 1222 2033 enim
1236 1983 1340 2052 procul
1367 1987 1512 2061 ambiguo
1525 2005 1704 2066 presentem
1724 2009 1751 2061 te
1771 2006 1817 2062 iu-

101 2056 159 2113 que
175 2040 255 2097 saltu
272 2042 363 2098 asolo
383 2043 560 2114 exturbavit,
577 2063 612 2104 ac
625 2048 666 2104 ita
678 2065 696 2106 a
708 2050 849 2107 manibus
863 2066 934 2109 nos-
988 2073 1106 2116 currere
1120 2069 1247 2122 mortem
1263 2084 1300 2126 er
1313 2072 1380 2130 boc.
1395 2095 1410 2128 a
1426 2080 1479 2134 Cui
1491 2085 1522 2137 ut
1537 2092 1697 2146 excusatus
1712 2094 1815 2168 abiret,

101 2129 152 2185 tris
167 2128 319 2203 elapsum,
336 2132 440 2188 vestris
454 2133 560 2191 usibus
576 2143 777 2210 praeparatum
789 2141 933 2200 reforma·
988 2146 1082 2204 multa
1097 2153 1285 2226 conjectanti,
1299 2162 1433 2222 etmulta
1446 2172 1704 2252 metuparentcm,
1719 2181 1742 2237 si
1752 2200 1816 2240 vcr-

102 2217 150 2274 rit.
163 2241 178 2267 u
192 2220 260 2286 Quo
278 2219 380 2277 audito
395 2222 494 2280 omnis
514 2225 741 2298 peregrinorum
758 2233 877 2288 caterva
902 2230 934 2288 in
986 2233 1058 2292 bera
1069 2253 1125 2296 suo
1138 2241 1230 2299 vitam
1244 2261 1313 2304 cum
1328 2249 1430 2310 dolore
1444 2254 1551 2328 finiret,
1567 2262 1597 2318 in
1620 2264 1726 2324 faciem
1739 2271 1815 2344 obji-

98 2306 227 2364 laudum
242 2309 395 2382 praeconia
409 2312 517 2386 erupit,
530 2317 687 2389 totumque
702 2333 802 2376 aerem
816 2320 932 2378 emulis
988 2324 1084 2395 clenti,
1101 2345 1171 2387 mox
1185 2348 1276 2408 eques
1291 2338 1332 2396 illi
1342 2339 1434 2400 fidem
1450 2346 1520 2405 facit
1542 2351 1616 2410 nihil
1634 2355 1744 2416 horum
1759 2362 1814 2420 sibi

97 2397 228 2453 vocibus
242 2402 382 2456 sanctam
396 2400 497 2459 Fidem
512 2402 637 2462 reboare
652 2407 811 2481 compellit.
822 2409 933 2467 Deinde
988 2415 1194 2477 eveniendum.
1219 2425 1295 2490 Quid
1308 2429 1396 2502 plura
1410 2434 1424 2490 ‘t
1440 2437 1616 2500 Sternuntur
1629 2462 1720 2522 super
1733 2450 1815 2510 incu-

98 2485 220 2542 reddito
241 2487 357 2560 hospiti
382 2490 507 2560 tergoris
520 2493 615 2565 pretio
645 2495 763 2566 (scilicet
775 2503 933 2569 argenteos
987 2501 1058 2560 dem
1082 2507 1254 2576 genitalium
1265 2517 1384 2586 turgida
1397 2523 1539 2595 palearia,
1561 2535 1650 2605 atque
1662 2536 1700 2592 ad
1723 2546 1816 2599 extre·

99 2574 179 2639 octo)
206 2575 315 2628 sancta
340 2571 445 2631 limina
469 2576 675 2648 apostolorum
698 2579 756 2638 freti
780 2588 931 2657 expetunt,
987 2595 1178 2655 mumictum
1204 2613 1412 2678 praeparantur
1437 2615 1576 2675 morbida
1595 2626 1735 2685 verenda.
1758 2633 1815 2689 Sed

1280 1559 1292 1586 a
1307 1539 1407 1608 Crede,
1421 1543 1558 1619 inquam,
1574 1551 1658 1623 mihi,
1684 1557 1816 1631 domine,

102 2661 296 2748 regressique
329 2662 369 2718 ad
397 2665 520 2739 propria
543 2667 677 2726 vositum
706 2687 832 2729 aureum
856 2690 932 2731 ,cum
987 2698 1058 2740 mox
1074 2690 1106 2743 ut
1118 2688 1255 2748 adductis
1271 2693 1388 2754 lacertis
1411 2701 1563 2763 sublatum
1587 2710 1618 2766 in
1632 2729 1702 2772 aare
1721 2721 1815 2778 cernit

986 2769 1170 2834 immensum
1184 2781 1283 2838 mallei
1298 2787 1427 2858 pondus,
1443 2789 1609 2855 incredibili
1625 2817 1736 2873 pavore
1746 2824 1813 2866 con·

987 2876 1102 2934 cussus,
1112 2869 1190 2924 retro
1203 2873 1362 2945 resupinus
1376 2876 1496 2952 labitur,
1510 2899 1545 2941 ac
1573 2887 1654 2948 velut
1668 2897 1814 2956 exanimis

947 2979 967 3036 C
989 2950 1053 3008 solo
1064 2968 1133 3010 oum
1148 2958 1230 3026 gravi
1244 2960 1362 3032 fragore
1381 2970 1587 3032 membrorum
1613 2983 1813 3056 resupinatur.

102 2749 220 2820 ingenti
242 2751 410 2820 gratiarum
426 2753 542 2812 actione
562 2757 749 2829 persolvunt.

417 2841 529 2896 CAPUT
547 2843 610 2898 filil.

97 2921 139 2976 De
154 2920 255 2976 milite
270 2923 323 2993 qui
334 2921 372 2978 ab
383 2923 593 2986 intestinorum
609 2927 790 2987 inordinatis
804 2933 931 2989 motibus

417 3013 619 3086 fatigabatur.
988 3039 1056 3108 Qua
1067 3040 1097 3097 in
1105 3045 1248 3120 praecipiti
1262 3051 1360 3119 ruina,
1376 3056 1511 3116 mirabile
1530 3063 1629 3123 dictu!
1657 3073 1815 3135 confestim

131 3096 300 3155 arvernico
314 3099 344 3156 in
357 3117 438 3174 pago
449 3102 535 3159 miles
550 3109 613 3160 erat
628 3111 777 3178 strenuus,
790 3108 849 3178 cui,
860 3109 931 3166 iusi-

98 3187 200 3245 diante
214 3187 391 3258 infortunio,
417 3190 567 3262 interiora,
584 3199 694 3253 statum
718 3214 807 3254 suum
819 3215 873 3273 per
886 3200 932 3256 in-

101 3277 227 3334 terlunia
242 3278 421 3350 deserentia,
430 3298 498 3338 cum
512 3299 625 3354 magno
636 3285 844 3346 intestinorum
854 3306 933 3348 mur-

99 3382 184 3422 mure
203 3367 236 3423 in
250 3366 384 3426 serenda
397 3386 492 3444 usque
503 3374 702 3446 erumpebant
715 3393 722 3446 ;
749 3378 829 3434 unde
838 3378 932 3436 nimio

100 3473 229 3513 moerore
245 3457 388 3530 athfstus,
404 3464 531 3519 mortem
557 3479 635 3536 saepe
661 3465 777 3536 orabat,
802 3484 840 3525 ne
868 3471 932 3526 haec

100 3550 254 3618 pateretur
267 3545 389 3606 diutius.
403 3551 474 3607 Post
493 3551 623 3610 multum
643 3569 712 3611 vero
737 3559 867 3631 tempus,
894 3559 932 3616 da

100 3635 192 3692 milite
206 3635 303 3709 pedes
317 3636 423 3703 factus,
437 3639 589 3697 consciam
603 3643 702 3700 morbi
715 3661 838 3704 uxorem
858 3649 932 3706 alfo-

100 3724 202 3796 quitur
219 3742 227 3794 ;
245 3726 283 3798 [a]
298 3727 385 3798 cnjus
397 3728 520 3786 consilio
535 3734 639 3802 tectus,
665 3740 775 3792 sanctor
791 3737 867 3794 Fidis
879 3738 932 3796 de·

100 3812 207 3872 liberat
221 3817 425 3889 expetendum
438 3835 529 3892 super
538 3820 596 3877 hoc
608 3821 798 3883 beneficium.
816 3828 932 3886 lfuliere

102 3902 267 3960 reluctante
277 3909 307 3960 et
320 3904 416 3964 multa
429 3907 597 3979 objiciente,
613 3909 661 3968 illc
685 3920 863 3989 conceptam
878 3935 931 3992 pe-

102 3993 388 4066 ragitaoluntatem,
401 4014 435 4055 ac
460 3999 502 4056 ita
517 4007 655 4060 sanctam
680 4004 754 4062 adiit
775 4006 929 4080 virginem.

101 4082 196 4154 Cujus
214 4089 282 4140 ante
308 4087 542 4146 sacratissimum
571 4107 682 4165 corpus
710 4093 836 4153 devotus
864 4113 931 4171 pro-

99 4171 258 4240 cumbens,
278 4189 334 4248 pro
349 4192 410 4250 quo
425 4184 556 4249 venerat,
571 4197 642 4238 cum
657 4181 798 4258 lacrymis
822 4188 931 4261 saepius

99 4261 277 4332 ingeminat,
292 4281 327 4322 ae
353 4281 409 4340 pro
433 4267 528 4328 salute
555 4271 720 4330 obtinenda
735 4277 932 4348 propensiora

99 4350 196 4409 fundit
206 4355 393 4426 precamina.
410 4359 551 4433 Sequenti
565 4377 635 4419 vero
662 4368 748 4420 nocte
766 4369 835 4422 ante
848 4383 933 4425 sanc-

100 4447 161 4498 tum
175 4437 370 4502 mausoleum
384 4445 518 4521 virginis,
546 4456 613 4522 post
638 4453 809 4511 orationum
835 4457 934 4514 studia

99 4531 272 4605 depressus,
286 4533 367 4592 videt
386 4535 442 4593 sibi
457 4543 593 4596 sanctam
608 4546 771 4616 martyrem
784 4544 932 4618 assistere,

99 4625 127 4676 et
138 4622 231 4696 quasi
242 4623 469 4685 subverecundo
485 4628 527 4702 (ut
535 4645 602 4687 mos
615 4635 659 4687 est
671 4632 848 4709 virginibus)
863 4653 933 4696 eum

99 4709 213 4786 alloqui
243 4728 410 4772 sermone:
441 4739 454 4766 «ι
477 4718 661 4776 dormisne?
688 4722 855 4796 inquam.»
877 4727 932 4793 Qui

98 4815 168 4856 cum
183 4817 217 4858 se
230 4801 363 4861 dormire
378 4805 590 4879 respondisset,
605 4809 694 4866 beata
709 4811 793 4882 virgo
811 4814 932 4874 itaeum

98 4887 191 4945 fando
210 4891 422 4964 prosequitur:
439 4895 548 4953 «Scias
565 4913 624 4966 mc,
636 4897 771 4972 inquam,
786 4903 931 4962 hactenus

98 4977 224 5034 minime
239 4978 334 5036 fuisse
363 4981 583 5057 interpellatam
606 5002 662 5061 pro
676 4989 887 5060 hujuscemodi
898 5009 930 5050 re

98 5069 128 5120 ut
141 5066 200 5123 ista
213 5071 259 5124 est
272 5083 329 5142 pro
343 5086 406 5145 qua
416 5077 518 5131 nostra
533 5074 673 5132 solhcitas
690 5077 844 5150 suffragia,
861 5098 930 5140 cum

98 5155 269 5214 exdiaersis
282 5159 397 5218 morbis
413 5162 512 5221 valida
526 5163 703 5222 contulerim
726 5167 850 5239 agridia.
873 5171 929 5228 Sed

98 5257 133 5299 ne
145 5245 276 5304 omuino
290 5247 360 5304 hinc
373 5248 561 5308 inconsultus
584 5253 686 5326 abeas,
710 5273 776 5331 quae
791 5257 844 5314 tibi
858 5259 930 5318 fient

987 3130 1086 3188 omnis
1104 3132 1154 3190 illa
1168 3135 1376 3200 intestinorum
1386 3146 1518 3206 ebullitio
1527 3151 1569 3209 ita
1582 3155 1705 3218 interius
1720 3179 1817 3222 resor-

985 3217 1083 3288 betur,
1099 3227 1133 3278 ut
1141 3239 1299 3299 nunquam
1315 3232 1435 3292 ulterius
1446 3237 1476 3294 in
1492 3240 1553 3298 vita
1565 3246 1702 3306 suasoris
1718 3269 1816 3311 erum-

986 3323 1057 3381 pere
1071 3311 1227 3372 videretur.
1248 3318 1294 3376 Sic
1310 3320 1357 3378 ille
1377 3340 1433 3381 nec
1447 3331 1578 3390 cauterio
1593 3336 1729 3409 adustus,
1759 3359 1815 3401 nec

986 3398 1076 3457 ullius
1092 3403 1216 3462 antidoti
1226 3410 1375 3481 amystide
1393 3420 1523 3488 curatus,
1538 3420 1698 3486 incolumis
1710 3432 1814 3504 evasit,

987 3495 1097 3548 sanctae
1108 3493 1198 3565 Fidis,
1214 3502 1247 3556 ut
1258 3499 1299 3556 ita
1317 3501 1428 3572 dicam,
1441 3506 1541 3583 ludus,
1558 3516 1640 3573 omni
1651 3522 1815 3592 posteritati

987 3594 1057 3636 cum
1085 3580 1237 3643 alacritate
1266 3589 1337 3646 satis
1366 3591 1581 3658 admirandum
1610 3611 1815 3678 spectaculum

986 3667 1128 3728 facturus.
1146 3673 1252 3733 Sicilia
1266 3680 1437 3750 ponderosa
1452 3687 1597 3748 allevatur
1621 3698 1747 3770 sarcina,
1773 3703 1816 3760 sic

986 3759 1063 3817 dura
1073 3761 1244 3835 reprimitur
1257 3765 1432 3838 ignominia.
1449 3776 1494 3834 Sic
1509 3795 1564 3852 pro
1579 3786 1717 3844 terribilis
1733 3808 1814 3848 mor·

987 3846 1165 3922 tiahorrore,
1190 3855 1230 3911 ad
1242 3855 1364 3916 laudem
1384 3867 1413 3918 ct
1434 3864 1560 3934 gloriam
1576 3879 1685 3932 sanctae
1700 3884 1814 3953 marty-

986 3937 1037 4008 ris,
1052 3938 1211 4000 ineffabilis
1225 3947 1328 4015 gaudii
1340 3955 1461 4009 curatus
1485 3957 1673 4028 perfunditur
1686 3963 1815 4025 immen-

988 4026 1081 4086 sitate.
1099 4031 1170 4096 Quae
1186 4049 1232 4088 res
1246 4051 1284 4090 ne
1299 4036 1442 4111 cuiquam
1466 4044 1591 4104 ridiculo
1620 4050 1724 4109 similis
1736 4055 1815 4114 facta

987 4115 1134 4188 videatur,
1150 4135 1184 4178 ac
1198 4136 1251 4194 per
1264 4123 1323 4181 hoc
1337 4127 1426 4184 nobis
1435 4131 1739 4212 confictorespuatur,
1753 4161 1814 4202 uon

988 4205 1155 4266 absurdum
1170 4209 1319 4285 ducimus,
1336 4217 1517 4278 liodbertum
1527 4227 1741 4299 cantoiolensis
1752 4251 1816 4293 mo-

988 4296 1111 4352 nasterii
1130 4297 1283 4370 abbatam,
1310 4305 1408 4362 virum
1433 4315 1597 4373 reverenda
1623 4320 1729 4379 canitie
1744 4327 1815 4382 satis

987 4385 1160 4461 honestum,
1174 4388 1206 4445 in
1227 4391 1384 4464 publicum
1400 4399 1564 4476 advocare;
1579 4408 1665 4479 cujus
1682 4413 1814 4472 testimo-

989 4476 1106 4535 niohoc
1120 4479 1208 4536 nobis
1224 4483 1448 4546 manifestatum
1469 4496 1514 4549 est
1539 4497 1622 4568 quod
1646 4500 1812 4572 referimus,

988 4566 1060 4640 quia
1073 4567 1121 4625 ille
1136 4569 1189 4644 qui
1202 4586 1312 4645 passus
1322 4579 1366 4632 est
1378 4575 1467 4650 longe
1481 4585 1725 4656 positus,nostris
1735 4595 1814 4664 post·

988 4656 1114 4714 modum
1128 4673 1190 4716 uon
1204 4662 1344 4736 apparuit
1356 4665 1519 4726 obtutibus.
1532 4671 1611 4729 lilius
1625 4691 1696 4747 ergo
1711 4678 1750 4735 ab
1762 4694 1812 4736 ore

986 4743 1156 4817 didicimus,
1170 4748 1222 4822 qui
1237 4765 1298 4808 non
1324 4753 1425 4827 inepta
1453 4757 1634 4830 adulatione,
1654 4779 1716 4821 non
1743 4765 1814 4824 ficta

986 4834 1160 4894 scuuilitate
1170 4853 1258 4896 aures
1269 4842 1373 4915 populi
1396 4846 1508 4918 palpat,
1525 4849 1578 4905 sed
1592 4851 1712 4908 veritate
1725 4854 1812 4927 quid·

986 4923 1059 4997 quid
1073 4939 1125 4980 ora
1135 4925 1246 4998 profert
1258 4932 1458 4989 commendat.
1473 4936 1605 5008 Denique
1620 4937 1644 4993 si
1653 4939 1691 4995 de
1706 4941 1757 5000 tali
1769 4959 1812 5001 re·

985 5013 1078 5070 latore
1091 5013 1256 5086 dubitatur,
1271 5019 1309 5076 da
1322 5019 1475 5079 beneficiis
1486 5024 1537 5080 Dei
1551 5024 1703 5087 diffiditur.

1296 5111 1408 5166 CAPUT
1426 5114 1501 5170 xxti.

984 5193 1171 5265 Dequudcm
1183 5201 1324 5255 matrona
1344 5215 1409 5270 quac
1429 5208 1684 5268 eoratrcauuctum
1708 5213 1811 5273 Fidem
1882 5249 1888 5254 -

1130 5268 1219 5337 impie
1233 5284 1334 5339 opens,
1350 5272 1530 5331 mirabiliter·
1544 5279 1667 5336 tuterit.

98 5331 268 5392 salubriora
281 5336 387 5408 paucis
401 5337 553 5397 advertere
568 5344 736 5418 expediam.
751 5345 831 5404 Nosti
845 5345 930 5406 illum
1020 5355 1243 5413 caturcensium
1254 5358 1426 5431 inpartibus
1437 5379 1486 5419 res
1498 5365 1572 5424 mira
1583 5371 1811 5447 contigit,quam

97 5421 146 5492 qui
166 5435 253 5480 tuam
271 5424 376 5482 incolit
402 5427 554 5498 viciniam,
571 5431 691 5490 fabrum
717 5433 875 5494 ferrarium
888 5439 902 5493 ‘f
914 5463 927 5488 a
983 5442 1055 5514 quia
1070 5444 1274 5516 cunctipotens
1299 5451 1375 5506 fleus
1405 5469 1461 5526 pro
1483 5471 1584 5513 amora
1599 5459 1722 5530 virginis
1748 5479 1809 5518 suaa

99 5509 234 5572 Quicum
251 5513 311 5570 sibi
322 5515 445 5572 nomine
455 5518 565 5577 etfacie
575 5520 652 5578 bene
664 5525 769 5580 notum
783 5540 848 5604 esse
861 5524 930 5582 sub-
983 5534 1172 5586 monstruose
1186 5537 1303 5606 operari
1317 5539 1418 5608 voluit,
1433 5541 1504 5600 huic
1525 5544 1650 5618 dignum
1672 5549 1811 5608 ducimus

100 5597 256 5670 intulisset,
275 5619 382 5662 rursus
397 5606 503 5666 eadem
517 5608 620 5680 virgo:
645 5630 660 5666 ‹
679 5611 776 5683 illum,
791 5613 928 5688 inquam,
982 5617 1233 5694 interponendum
1247 5624 1413 5687 lectionilu
1428 5633 1569 5706 praedicto
1581 5653 1651 5694 vero
1666 5639 1811 5698 territorio
