4002 6174
92 175 128 231 sa
490 192 492 196 ¹
794 166 1031 244 nimbosus,
1715 189 1769 260 at

90 288 211 364 matyris,
225 286 270 344 cui
283 287 343 344 lieo
362 291 483 346 anctore
496 289 563 362 iure
575 291 688 350 vicario
703 292 879 367 praesidetis,
897 296 921 351 Α
937 298 1004 359 cer.
1018 301 1062 363 vi.
1086 301 1157 363 item
1181 302 1219 362 de
1245 303 1453 381 divisionibus,
1474 311 1504 371 et
1525 308 1767 388 interpretatione

91 377 192 438 miabili
205 376 324 434 nimium
340 377 493 436 schemate
507 381 672 452 peregistis,
687 382 729 439 ita
744 381 882 454 ejusdem
972 403 1087 448 earum.

88 469 209 527 ministros
228 465 357 524 ecclesiae
381 467 593 528 honestissimo
609 471 881 546 decentissimoque
937 478 1003 534 Car.
1018 481 1073 536 Vll.
1091 483 1130 538 lle
1145 479 1288 544 affinitate
1303 500 1415 543 vocum
1436 501 1490 560 per
1504 491 1634 566 quatuor
1647 491 1766 564 made..

86 558 194 634 queem
206 556 352 630 privilegio
366 558 481 614 cunetis
491 575 568 633 pene
583 577 637 635 per
651 562 756 619 orbem
768 562 881 620 clericis
936 568 1003 629 car.
1019 571 1087 628 vul.
1104 573 1144 628 De
1159 572 1224 632 aliis
1239 571 1443 645 affinitatibus,
1455 576 1516 640 stb
1531 582 1560 644 et
1576 561 1607 666 ὴ

86 646 233 722 spectabiles
243 645 412 704 redderetis.
428 650 462 705 lit
475 665 595 708 revetra
609 653 680 710 satis
692 651 784 710 habet
793 652 882 709 mira·
935 654 1002 715 cer.
1019 657 1061 716 u.
1079 659 1151 717 ltem
1170 661 1207 718 de
1221 661 1414 728 similitudine
1428 680 1547 735 vocum,
1563 683 1692 744 qrsarum
1705 669 1768 740 dia»

84 737 129 794 culi
140 741 165 794 ot
176 735 307 810 optionis,
321 752 392 794 eum
405 742 512 796 vestra
534 741 676 798 Ecclesiae
693 742 783 800 etiam
796 742 881 816 pueri
970 759 1067 818 pesou
1081 747 1145 814 sola
1156 749 1288 824 perlecta
1302 755 1356 816 ast.

83 825 274 883 dammandi
295 826 395 884 studio
408 827 555 901 periectos
568 829 697 888 aliorum
712 848 883 906 usquequa·
936 835 1003 894 Cer.
1018 839 1048 892 x.
1065 837 1138 900 ltsm
1153 837 1190 900 de
1212 839 1311 906 modis
1335 843 1365 908 et
1384 839 1452 901 ialei
1474 842 1546 904 mab
1566 845 1718 916 unitioni
1738 851 1767 917 et

82 932 127 989 qus
137 915 260 972 lucorum
276 921 418 989 superent
430 932 527 990 senes,
542 921 692 995 vestrique
711 923 834 980 honoris
846 939 882 980 ac
971 927 1163 992 correctione.

82 1003 157 1060 meriti
175 1003 390 1077 perplurimum
413 1007 617 1067 cumulabitur
640 1009 795 1080 celsitudo,
811 1027 882 1068 cum
936 1015 1002 1072 Gir.
1018 1015 1061 1082 XI,
1077 1019 1148 1084 Qua
1163 1032 1232 1090 vox,
1257 1021 1286 1082 et
1309 1034 1362 1076 eur
1381 1017 1412 1078 in
1432 1025 1522 1079 cantu
1542 1020 1676 1092 obtineat
1688 1023 1769 1100 prius

81 1093 247 1167 postpriores
265 1095 366 1152 Patres
382 1099 465 1156 tanta
480 1112 516 1154 ac
528 1097 595 1156 talis
610 1100 746 1158 Ecclesiae
759 1119 813 1177 per
826 1117 881 1160 vos
970 1103 1128 1179 cipetum?

81 1181 221 1238 staturum
234 1185 402 1256 provenerit
415 1184 572 1245 claritudo.
588 1193 691 1264 ltaque
702 1191 880 1264 quiavestrc
936 1194 1003 1252 Car.
1019 1195 1074 1252 lili.
1091 1197 1131 1257 tle
1147 1195 1292 1257 divisione
1307 1200 1437 1278 ,quatuor
1449 1198 1610 1266 modorum
1624 1201 1656 1266 iu
1666 1205 1746 1268 octo,

81 1272 289 1330 tameommodo
312 1279 463 1349 precepto
486 1293 541 1334 noc
556 1277 638 1336 volui
653 1281 809 1353 sonneiis,
825 1298 881 1340 aec
936 1283 1002 1342 Car.
1015 1283 1086 1342 ltili.
1103 1287 1143 1344 ile
1157 1289 1225 1347 octo
1239 1285 1401 1354 modorum
1411 1287 1573 1360 agnitione,
1586 1290 1725 1356 acumine
1737 1297 1768 1360 et

79 1359 149 1427 vdtri,
162 1361 250 1420 offero
265 1360 466 1428 solertissimae
486 1366 656 1440 paternitati
670 1375 776 1428 vestre
797 1371 882 1430 llusi-
971 1373 1126 1442 gravitate.

79 1466 111 1506 ca
122 1451 181 1508 arde
193 1452 322 1524 regulas,
338 1459 453 1527 quanto
467 1455 596 1514 lucidius
610 1463 640 1514 ot
650 1458 770 1516 breuius
785 1461 879 1534 potui,
935 1458 1002 1514 Car.
1018 1459 1084 1518 xiv.
1101 1459 1173 1518 Item
1187 1459 1225 1516 de
1238 1459 1330 1534 tropis
1342 1464 1371 1521 et
1384 1461 1490 1520 virtute
1506 1462 1640 1523 mmmm.

80 1539 272 1614 apbllosopbls
296 1543 477 1617 explicatam
500 1561 556 1604 nec
578 1551 680 1604 amen
701 1549 809 1606 eadem
831 1551 881 1608 via
935 1547 1002 1602 Car·
1017 1549 1071 1606 XV·
1091 1550 1131 1604 ile
1154 1548 1316 1612 commode
1330 1548 1378 1608 vel
1399 1551 1610 1628 componenda
1628 1549 1766 1618 modula-

81 1627 237 1700 adplenum,
252 1646 353 1704 neque
369 1633 482 1691 eisdem
495 1633 660 1694 insistendo
673 1637 826 1709 vestigiis:
850 1638 881 1694 id
899 1649 920 1706 g
969 1634 1060 1693 tione.

81 1716 154 1773 solum
173 1735 338 1792 procurans
361 1723 445 1795 quod
471 1724 676 1783 ecclesiasticas
694 1728 788 1801 prosit
802 1728 880 1785 utili·
935 1724 1002 1781 Glr.
1019 1725 1084 1786 XVI.
1108 1728 1148 1782 ila
1166 1724 1323 1800 multipiici
1337 1726 1479 1785 varietate
1494 1743 1640 1796 sonorum
1652 1733 1679 1786 ⁰¹
1693 1745 1767 1787 110ss-

80 1809 125 1880 at,
135 1809 297 1884 nostrisque
312 1810 470 1869 subveniat
485 1813 628 1886 parvulis.
643 1816 713 1874 ideo
726 1817 807 1874 enim
823 1817 880 1875 boe
970 1829 1100 1886 marum·

80 1895 184 1954 sudium
209 1899 356 1956 hactenus
379 1899 465 1957 latuit
486 1901 681 1973 occultatum,
705 1905 788 1978 quia,
809 1922 880 1962 cum
935 1906 1002 1961 (lar.
1017 1902 1097 1960 llVll.
1114 1903 1201 1971 Quod
1216 1905 1256 1963 ed
1271 1909 1393 1967 centum
1405 1905 1550 1977 redigitur
1570 1922 1660 1965 omne
1681 1908 1766 1982 quod

79 2001 158 2044 revera
172 1993 244 2046 esset
265 1988 410 2059 arduum,
430 2005 492 2050 non
516 1997 560 2049 ost
587 1993 761 2067 aquolibet
783 1995 881 2052 humi-
969 1992 1086 2049 dicitur.

79 2071 127 2129 liter
143 2076 341 2150 explanatum.
362 2078 450 2144 Quod
473 2094 535 2153 qua
556 2081 714 2140 oecaslone
736 2083 808 2154 olim
829 2097 881 2156 ag·
935 2082 1002 2138 Car.
1016 2080 1108 2137 xviii.
1122 2082 1163 2138 lte
1172 2081 1387 2164 diaphoniam
1398 2085 1452 2150 est,
1463 2083 1569 2156 organi
1578 2088 1739 2162 precepto.

80 2177 172 2232 gressus
183 2165 246 2234 sina
260 2181 365 2240 quave
386 2166 510 2228 abluto
523 2172 553 2226 et
565 2169 738 2244 mentone,
753 2187 881 2247 perpau-
935 2171 1002 2227 Car.
1016 2169 1080 2227 ltili.
1098 2170 1186 2227 Dictae
1197 2171 1368 2249 diaphonias
1379 2187 1433 2246 per
1445 2172 1584 2247 exempla
1597 2173 1746 2260 probatio.

80 2251 110 2305 cis
121 2251 272 2312 absolvam.
935 2259 1002 2316 Car.
1015 2259 1067 2316 xx.
1085 2258 1243 2326 Quomodo
1262 2259 1379 2318 musica
1402 2275 1440 2318 ex
1461 2260 1640 2328 malleorum
1667 2261 1766 2332 souitu

316 2345 454 2416 Explicit
475 2348 611 2417 eps'stota.
971 2347 1009 2404 sit
1021 2347 1152 2406 inventa.
1433 2344 1436 2348 ’

110 2428 218 2487 tturtr
235 2432 425 2490 PROLOGUS
445 2436 598 2493 musaeu
616 2436 651 2494 tu
669 2437 834 2495 litistcalt.
1213 2437 1325 2494 caput
1343 2437 1486 2496 PlilbtUlt.

104 2519 162 2574 tum
174 2535 219 2576 me
231 2526 261 2578 et
284 2522 432 2580 naturalis
456 2523 587 2582 conditio
602 2529 631 2583 et
651 2526 802 2584 bonorum
817 2526 881 2584 iml-
954 2523 1033 2592 Quid
1053 2524 1148 2592 faciot
1163 2524 1258 2596 quise
1273 2525 1314 2586 ad
1327 2524 1520 2596 disciplinam
1534 2527 1655 2586 musice
1672 2528 1748 2586 orts's

79 2607 129 2662 tatio
141 2610 305 2668 eommunis
320 2611 454 2672 utilitatis
475 2613 651 2686 diligentem
675 2615 785 2674 iaceret
803 2617 880 2690 caepi
1294 2617 1411 2684 viimi?

78 2693 133 2751 inter
144 2697 195 2756 atie
206 2699 309 2758 studia
322 2702 472 2760 musteum
490 2703 607 2761 tradere
621 2705 731 2778 pueris.
747 2705 881 2765 Tandem
969 2701 1060 2774 Igitur
1073 2701 1126 2777 qui
1142 2704 1279 2760 nostram
1293 2701 1484 2777 disciplinam
1498 2702 1580 2778 petit,
1596 2703 1766 2782 aliquantos

79 2784 150 2843 adluit
159 2789 227 2846 mihi
239 2789 348 2848 divine
363 2792 467 2862 gratia,
484 2792 647 2866 etquidem
660 2809 766 2852 eorum
778 2797 879 2854 imita-
934 2795 1040 2848 cantus
1052 2789 1161 2848 nostris
1182 2791 1260 2849 notis
1275 2791 1441 2866 descriptos
1457 2791 1604 2864 addiscat,
1617 2793 1649 2850 in
1661 2809 1767 2854 moue-

79 2873 136 2930 ione
149 2877 270 2946 chordae,
291 2883 462 2937 nostrarum
485 2886 626 2939 notarum
645 2900 704 2940 usu
718 2885 878 2954 exercitati,
934 2879 1039 2936 chordi
1050 2897 1108 2936 usu
1120 2896 1246 2938 menum
1261 2884 1406 2952 exerceat,
1419 2882 1538 2955 hasque
1551 2881 1671 2954 regulas
1686 2897 1765 2970 saepe

78 2953 127 3020 ente
144 2967 224 3024 unius
247 2969 368 3026 mensis
387 2972 518 3044 spatium
540 2972 653 3030 invisos
677 2976 707 3030 et
729 2973 880 3032 inauditos
895 3011 918 3070 c
934 2969 1669 3044 meditetur,donec,vietneturavocumcognita‚
1682 2971 1766 3044 igno·

79 3059 156 3110 cauus
176 3058 214 3115 ita
229 3059 333 3132 primo
354 3059 462 3117 iutuitu
484 3061 689 3120 indubitanter
704 3063 878 3134 cantabant,
933 3061 981 3115 tos
997 3063 1030 3115 ut
1043 3061 1131 3116 notos
1146 3063 1251 3115 cantus
1264 3059 1394 3116 suaviter
1406 3064 1504 3118 canet.
1518 3061 1573 3118 Sed
1584 3060 1765 3136 quiesceas,

78 3144 99 3195 ut
113 3145 263 3203 marimum
293 3148 498 3221 spectaculum
521 3149 658 3223 plurimis
678 3151 879 3224 preberetur:
934 3163 1003 3222 quoe
1013 3148 1104 3219 hujus
1118 3148 1190 3204 artis
1202 3148 1301 3228 prima
1312 3152 1382 3205 sunt
1396 3148 1603 3219 fundamenta,
1617 3150 1647 3206 in
1660 3165 1766 3216 morto·

78 3232 138 3300 ulad
158 3239 253 3292 amen
279 3237 334 3310 qul
356 3253 418 3294 uon
440 3243 539 3312 potest
560 3239 668 3312 lacere,
691 3241 792 3309 nescio
815 3257 877 3316 qua
935 3235 1049 3294 chordo
1064 3236 1169 3293 melius
1184 3237 1344 3304 intuemur,
1358 3237 1513 3310 quomodo
1528 3254 1579 3306 eas
1592 3237 1706 3296 ibidem
1716 3254 1766 3296 ars

78 3314 148 3378 ironic
162 3339 190 3380 se
213 3327 367 3382 musicum
391 3325 439 3382 vel
460 3330 613 3384 cantorem
637 3328 749 3386 audeat
770 3328 878 3386 dicere.
934 3329 1076 3384 naturam
1090 3325 1205 3382 imitata
1219 3324 1370 3398 discrevit,
1386 3325 1523 3399 primitus
1542 3325 1711 3384 videamus.

79 3407 173 3469 trime
185 3414 283 3488 itaque
308 3415 393 3472 dolai
417 3415 456 3472 de
479 3417 589 3473 nostris
613 3418 796 3491 cantoribus,
816 3418 880 3492 qui,
1270 3417 1382 3472 CAPUT
1401 3415 1434 3472 ll.

79 3497 115 3552 etsi
124 3507 231 3560 centum
246 3504 338 3561 annis
349 3504 381 3560 in
406 3504 535 3562 canendi
561 3505 659 3564 studio
678 3511 879 3580 perseverent,
1016 3503 1086 3574 Orsa
1100 3505 1147 3563 oet
1161 3505 1265 3576 quates
1277 3505 1337 3560 siat
1351 3509 1439 3576 nota,
1457 3505 1504 3562 uel
1517 3509 1589 3575 quot
1603 3503 1687 3576 (toti

78 3599 203 3661 uunquam
217 3594 322 3652 minen
334 3593 381 3652 vei
395 3594 555 3652 minirum
570 3596 769 3670 antiphonam
781 3611 835 3670 per
849 3612 880 3653 se
970 3595 1050 3649 Notae
1073 3595 1174 3649 autem
1188 3593 1220 3648 in
1232 3591 1439 3650 monochordo
1453 3592 1501 3649 hae
1516 3596 1595 3648 sunt.
1615 3591 1648 3648 ln
1662 3591 1767 3676 primis

79 3675 151 3734 vdent
164 3682 273 3756 efferre,
291 3699 413 3757 semper
433 3671 592 3753 discentes,
607 3689 640 3741 ut
653 3686 695 3742 ait
708 3685 878 3761 Apostolus,
934 3684 1065 3754 ponatur
1073 3685 1101 3736 Γ.
1110 3679 1429 3752 grecumemodernis
1437 3679 1624 3751 adjunctum.
1636 3680 1769 3753 sequun-

79 3767 253 3842 etnunquam
277 3771 321 3829 ad
340 3771 503 3845 perfectam
527 3772 619 3844 hujus
639 3773 710 3829 artis
725 3773 880 3832 scientiam
933 3773 981 3826 tur
996 3773 1110 3842 septem
1121 3768 1274 3843 alphabeti
1286 3769 1387 3826 litterae
1400 3783 1518 3838 mares,
1531 3767 1660 3841 ideoque
1672 3767 1769 3840 majo·

78 3857 260 3920 merientes.
276 3860 409 3933 Cupiens
433 3860 535 3934 itaque
560 3865 623 3918 tam
647 3861 717 3920 utile
741 3866 879 3924 nostrum
933 3855 1017 3913 ribus
1026 3855 1129 3913 litteris
1142 3855 1290 3926 insignite
1300 3856 1358 3912 hoc
1368 3855 1691 3913 modoliiGllliFG.
1700 3857 1769 3911 Post

79 3943 179 4004 sudium
203 3950 233 4011 in
255 3965 454 4014 communem
478 3951 633 4010 utilitatem
647 3952 826 4027 expendere,
841 3952 879 4012 de
933 3945 990 4002 has
1003 3947 1049 4002 hes
1062 3943 1176 4002 eadem
1199 3948 1314 4018 septem
1338 3943 1441 4000 littorea
1463 3946 1558 4000 acutae
1580 3945 1766 4016 repetuntur,

78 4032 152 4092 nattis
162 4039 280 4099 musici„
305 4039 500 4112 argumentis,
517 4055 585 4114 φη
600 4039 737 4112 adjutore
752 4042 812 4098 000
826 4055 880 4114 per
934 4033 988 4091 sed
1001 4033 1169 4092 minoribus
1183 4031 1286 4090 litteris
1309 4030 1528 4100 deseribuntur,
1544 4031 1575 4086 in
1590 4029 1701 4103 qulbus
1725 4035 1769 4087 ta·

77 4121 137 4180 iar'a
149 4128 279 4200 tempore
295 4126 475 4202 conquisivi,
495 4127 647 4202 quaedem,
663 4143 732 4204 quae
754 4130 880 4191 centori-
932 4140 1004 4182 men
1011 4124 1121 4182 intera.
1129 4105 1194 4206 etQ
1209 4122 1300 4180 adam
1310 4121 1341 4178 b.
1350 4119 1768 4194 ponimus,quemrotundam

77 4201 259 4282 buproficere
275 4213 401 4284 credidi,
416 4219 532 4289 quanta
544 4215 629 4292 potui
651 4214 797 4274 brevitate
811 4229 879 4291 per·
932 4212 1080 4283 iacimus;
1101 4212 1226 4270 alteram
1248 4226 1319 4267 vero
1340 4209 1569 4283 quadravimus.
1596 4209 1639 4268 lta
1654 4225 1682 4267 e.
1695 4199 1770 4296 δὴ

78 4297 168 4372 summ
182 4320 246 4378 quse
257 4303 344 4362 enim
356 4305 393 4362 do
408 4304 526 4362 musica
538 4304 579 4362 ad
593 4305 764 4366 canendum
778 4304 879 4364 minus
934 4318 960 4359 c.
974 4302 1007 4359 d.
1020 4319 1048 4360 e.
1063 4302 1084 4359 i.
1101 4316 1129 4373 g.
1143 4299 1290 4358 Addimus
1306 4299 1352 4357 his
1362 4298 1476 4356 eisdem
1487 4297 1600 4368 litteris,
1611 4298 1663 4356 sed
1675 4299 1769 4357 variis

77 4395 182 4460 bremt,
195 4399 247 4454 aut
262 4395 288 4452 si
312 4409 381 4468 quae
398 4408 436 4450 ex
456 4393 585 4468 hisquae
598 4393 740 4453 dicuntur
753 4409 815 4453 non
827 4410 879 4454 ve·
894 4359 917 4418 Β
932 4392 1037 4463 figuris
1049 4389 1274 4450 tetrachordum
1288 4393 1549 4463 superacutarum,
1563 4389 1595 4446 in
1607 4389 1713 4464 quob.
1731 4389 1769 4445 si·

75 4467 118 4530 lent
133 4477 257 4558 malda,
273 4498 332 4542 neo
351 4485 522 4542 memoratu
537 4482 631 4556 digna
641 4483 777 4555 judicavi
789 4501 796 4552 ;
817 4498 879 4546 nou
1347 4493 1366 4536 a
1378 4479 1399 4536 b
1411 4467 1441 4548 U
1454 4494 1470 4535 o
1483 4478 1505 4534 d

76 4571 204 4631 turmas
218 4573 267 4630 bis
279 4571 306 4629 si
315 4571 520 4648 quorumdam
535 4573 655 4632 enimus
668 4573 791 4634 livescat
801 4572 876 4632 invi·
932 4569 1039 4634 militer
1061 4568 1262 4642 duplicamus,
1288 4567 1329 4625 lta
1347 4548 1471 4648 ebho
1494 4567 1524 4625 d.
1549 4571 1598 4624 lise
1622 4567 1724 4664 litterae
1748 4581 1766 4622 a

75 4647 118 4720 dii.
130 4655 196 4718 dum
209 4661 417 4736 quorumdam
432 4660 570 4736 proficiat
581 4661 750 4736 disciplina.
931 4657 1033 4716 multis
1055 4657 1196 4714 dicuntur
1209 4655 1388 4730 supertluoe3
1410 4672 1466 4714 nos
1484 4660 1584 4713 autem
1602 4653 1765 4710 mdmmus

307 4750 443 4822 Esptteri
459 4751 614 4823 pratoque.
932 4747 1201 4822 abundare,quam
1211 4745 1348 4810 deiicere.
1361 4743 1767 4818 liiuntitaquasimulomnes

237 4841 415 4900 secururs
441 4841 612 4899 curuum
630 4839 680 4913 ts).
1614 4831 1663 4892 as
1676 4827 1767 4906 bed

74 4916 237 4990 wattl.
253 4923 334 4998 Quid
346 4927 800 5002 iaciatquiseaddiseiptinam
812 4944 878 4994 mus
931 4903 1768 5018 lilil,hocmodorABCDEFG.abmadelgabfflod

98 5007 154 5068 siae
166 5017 270 5087 perat?
932 5017 1065 5081 Quarum
1076 5005 1768 5087 dispositioeuruedootors'busautiurssetta-

74 5091 123 5152 ΕΩ·
134 5102 163 5156 il·
182 5103 254 5170 Qum
267 5101 317 5162 vol
330 5103 435 5178 quales
446 5104 507 5162 siut
520 5107 612 5178 note,
624 5103 672 5162 vel
686 5105 779 5179 quoti
931 5104 1000 5174 cita.
1014 5107 1067 5168 tut
1089 5102 1182 5168 nimie
1203 5100 1384 5161 obscuritate
1408 5097 1561 5173 perplexa,
1578 5095 1663 5196 adest
1681 5111 1763 5154 nuno

74 5179 123 5238 tu,
136 5189 176 5248 itt.
195 5193 236 5250 tto
248 5191 445 5265 <tumebam
459 5209 565 5252 omum
578 5195 611 5251 in
620 5193 839 5254 monochordo.
931 5192 1022 5256 stem
1035 5190 1137 5264 ruere
1150 5189 1279 5254 besuus
1293 5203 1328 5252 ae
1344 5185 1518 5261 plenissima
1531 5183 1688 5258 explicata.

74 5267 122 5326 tu.
133 5277 172 5334 tv.
191 5279 307 5346 ouibus
319 5295 372 5338 sex
383 5281 555 5346 modisaibi
565 5281 696 5342 insuam
707 5297 795 5340 voces
806 5283 877 5355 jan-

97 5621 128 5696 (⁹)
143 5627 201 5686 iioc
214 5631 378 5708 capitulare
389 5633 423 5691 h
435 5633 550 5693 esces
565 5649 639 5693 mos.
650 5636 698 5694 est
710 5634 872 5694 emman.
964 5633 1022 5707 (to)
1032 5631 1238 5705 sementare
1247 5645 1372 5692 numero
1381 5636 1411 5691 at
1420 5630 1751 5690 masenceium
