3998 6176
101 184 149 238 iti
422 209 424 214 2
859 173 1045 234 epistota.
1754 181 1805 238 190
1902 259 1915 278 0

97 307 124 358 et
136 305 260 376 sumptu
275 316 293 356 a
307 298 507 359 fundamento
520 299 721 370 reaedificavit,
735 304 768 356 ut
781 300 811 356 in
822 297 922 370 legen·
941 302 965 354 Α
978 295 1177 354 fundamenta
1185 297 1308 368 iecerat,
1325 314 1477 356 summam
1490 313 1617 356 manum
1625 297 1751 378 mirilico
1766 301 1806 360 el-

92 391 130 447 da
145 389 242 446 sancti
265 387 372 446 Auiani
395 387 532 462 habetur,
562 393 616 446 etc.
642 389 768 446 lacctin
797 386 922 446 ecclesia
975 387 1054 444 lectu
1066 387 1218 460 imposuit,
1233 403 1327 460 quam
1338 387 1427 446 etiam
1441 403 1496 462 pro
1511 387 1804 464 possehonoriiicare

93 479 189 537 sancti
204 477 280 536 Petri
294 477 326 536 in
337 475 413 534 valle
430 477 613 535 carnotensi.
978 476 1112 546 studens,
1136 475 1260 534 musicis
1275 475 1531 535 modulationibus
1558 476 1664 534 erebro
1692 477 1804 540 extulit.

482 569 537 623 Vll.
977 567 1095 633 Quanto
1108 565 1189 624 enim
1201 583 1302 624 amore
1318 566 1349 624 in
1379 567 1524 624 honorem
1539 566 1666 638 Virginis
1682 569 1805 628 anbela-

89 659 139 716 En
162 656 314 714 Wittelaao
327 656 516 714 Matmesber.
534 657 584 713 lib.
600 672 629 724 11,
646 671 712 728 cap.
732 657 774 726 ll,
790 671 869 712 anno
885 657 922 713 ab
975 656 1060 728 verit,
1075 657 1182 730 poterit
1196 656 1342 730 conjicere
1352 656 1404 732 qui
1419 656 1545 714 audierit
1558 661 1664 716 cantus
1676 659 1806 724 coelcstia

382 746 539 802 lacerant.
553 749 630 802 1032.
976 749 1046 802 vota
1060 750 1210 804 sonantes.
1228 749 1326 804 hustet
1341 746 1419 804 inter
1433 749 1539 803 catera
1565 747 1712 820 opuscula
1740 751 1805 821 ejus

122 833 271 907 Ejusdem
290 832 512 908 archipraesulis
540 834 705 891 Ethelnothi
728 839 922 907 temperares
976 835 1175 908 Epistularum
1189 835 1341 906 volumen,
1353 835 1385 892 in
1400 851 1530 909 quarum
1547 852 1608 894 una
1618 837 1729 906 gratias
1744 840 1805 910 agit

90 927 186 981 cnuto
202 922 243 980 ad
259 923 474 980 transmarinas
486 922 633 980 Ecclesias
645 923 789 996 pecunias
803 925 922 982 mittens
977 924 1104 983 Cnutoni
1125 924 1426 996 magonioenttsstmo
1452 925 1537 996 regit.
1554 925 1637 999 quod
1660 925 1804 997 largitatis

88 1012 391 1069 masimcCarnotum
402 1011 576 1081 ditarit,ubi
586 1011 788 1070 tuncttorcbat
803 1012 921 1070 Fulber·
976 1029 1038 1072 suae
1053 1011 1167 1072 viscera
1179 1014 1209 1070 in
1222 1029 1372 1090 expensas
1388 1014 1519 1072 ecclesiae
1534 1015 1721 1072 carnotensis
1734 1016 1806 1074 effn-

88 1106 134 1159 ius
148 1101 316 1176 episcopus
331 1101 363 1158 in
376 1100 531 1158 sanctitate
545 1105 574 1158 et
585 1101 778 1176 philosophia
787 1101 922 1176 nomina·
975 1103 1059 1160 derit.

87 1191 233 1248 tissimus.
249 1191 304 1258 Qui
319 1191 395 1248 inter
410 1196 515 1248 caetera
528 1191 749 1249 industriaesuae
756 1191 922 1250 documen·
1012 1192 1100 1264 (Vide
1125 1199 1154 1250 ct
1175 1194 1352 1262 Bononiam,
1374 1197 1452 1250 tomo
1473 1194 1527 1263 XI,
1542 1194 1709 1253 Annalium
1724 1211 1805 1254 anno

88 1285 126 1350 ta,
142 1280 283 1338 Ecclesia
297 1279 430 1338 domina
444 1284 553 1338 nostroe
570 1285 680 1338 sanctae
704 1279 809 1350 ttoriae,
835 1283 921 1354 eujus
977 1283 1065 1356 1028).

540 1561 877 1680 annunt
914 1563 1362 1685 rennuunt

768 1745 1138 1870 EPISTOLAE

644 1932 774 1988 onotnn
795 1933 1067 1992 CHRONOLOGICO
1087 1936 1254 1994 DlGESTAE.

118 2029 278 2098 Epa'stolas
292 2029 432 2086 Fulbertt
445 2029 596 2100 caepimus
610 2028 651 2084 ad
665 2028 805 2087 editiones
820 2032 984 2088 Duetesnie'
998 2037 1027 2088 et
1038 2033 1075 2087 D.
1087 2033 1245 2108 bouqueti,
1258 2035 1311 2106 qai
1324 2039 1423 2091 tamen
1438 2034 1590 2104 ploremus
1608 2039 1806 2104 protomus

158 2105 247 2156 amat.
261 2101 407 2170 Epistola
419 2107 537 2157 centum
549 2102 676 2172 triptota
686 2107 750 2158 acto
760 2117 835 2173 qaae
846 2102 965 2160 calcitret
975 2103 1164 2164 Bibliotheca
1177 2107 1307 2164 Patrem
1317 2107 1395 2164 duaa
1405 2107 1510 2178 magni
1515 2107 1658 2163 momenti
1665 2107 1804 2165 addicam

158 2172 365 2230 eaMartem'o
381 2177 408 2228 ct
424 2171 597 2242 Gallaecia.)

838 2249 1067 2267 Ἣ

332 2319 501 2378 aristote
522 2321 627 2394 ilalim
639 2321 682 2394 v.]
942 2327 1192 2386 Beanonioorum
1205 2328 1315 2386 scilicet
1337 2332 1366 2386 ct
1391 2327 1610 2386 monachorum
1632 2328 1803 2388 orationum
1822 2317 1831 2330 “

339 2427 558 2500 (emmaum
568 2428 659 2502 ¹00⁰.)
975 2415 1086 2474 fidelia·
1100 2418 1359 2567 vale''EPIS'l'OLh
1378 2507 1399 2563 lt
1420 2509 1499 2580 [olim
1512 2511 1566 2568 lllll
1580 2509 1589 2582 1

151 2659 156 2664 ι
379 2643 384 2654 ,
436 2643 441 2654 ,
585 2643 591 2656 ,
807 2646 812 2656 ,
1291 2597 1479 2670 (Annot003.
1570 2551 1576 2564 ·

119 2643 454 2744 &mmmmm
470 2642 640 2715 mmmm
652 2650 679 2702 θ’
702 2659 810 2702 mmm
823 2653 922 2716 ΡΜ
973 2685 1068 2742 Pleno
1076 2687 1197 2744 virtutis
1208 2691 1235 2744 et
1244 2687 1345 2758 pratia
1358 2685 1551 2757 circumfuso,
1564 2685 1805 2746 cbarissimol'a·

118 2747 162 2788 η’
179 2731 426 2790 mmmm·
1174 2777 1218 2832 tri
1229 2779 1334 2831 honour
1347 2777 1507 2832 Fumnnrus
1520 2789 1602 2832 suas.

115 2855 258 2913 Primum
270 2857 394 2932 quidem
409 2855 617 2914 benedicimus
631 2858 791 2916 Dominum
806 2861 921 2917 Patrem
1011 2863 1150 2930 Quanam
1163 2867 1190 2921 te
1205 2864 1419 2922 resalutatione
1433 2864 1548 2935 digner,
1567 2881 1585 2922 o
1605 2881 1689 2926 saccr
1712 2865 1803 2937 abba,

85 2946 269 3018 ingenitum.
302 2945 465 3022 filiumque
492 2964 580 3004 suum
611 2948 799 3018 unigenitum
818 2950 921 3006 iesum
974 2957 1158 3024 etomagne
1173 2953 1351 3028 philosophe
1365 2955 1378 3010 l
1393 2953 1465 3028 quid
1480 2954 1645 3028 rependam
1672 2957 1804 3014 muneris

85 2551 202 2610 Sancto
215 2567 255 2611 ac
268 2553 434 2610 venerabili
448 2553 671 2625 archiepiscopo
689 2569 743 2612 suo
766 2557 922 2615 Bonrnanro

84 3033 241 3092 Christum
256 3034 417 3093 bominum
431 3040 578 3107 nostrum,
592 3041 620 3093 at
631 3035 772 3110 Spiritum
783 3042 921 3094 sanctum
974 3045 1085 3098 sanctae
1098 3041 1235 3099 amicitia
1258 3059 1352 3116 quam
1378 3042 1581 3118 promiserunt
1607 3042 1693 3114 signo
1720 3056 1804 3114 gom·
1901 3098 1903 3104 s

83 3121 275 3196 paracletum
289 3139 384 3182 unum
400 3140 504 3181 verum
527 3124 700 3196 Dominum,
729 3124 782 3200 qui
813 3131 921 3183 cuncta
974 3133 1061 3186 matac
1077 3129 1236 3202 facundiae,
1260 3131 1310 3188 vix
1334 3131 1481 3188 aestimare
1497 3131 1622 3189 sufficio.
1639 3135 1713 3190 Nam
1735 3147 1804 3190 cum

83 3211 206 3280 creavit,
222 3211 277 3286 qui
292 3217 463 3287 tequoque,
482 3212 674 3270 dilectissime
702 3217 796 3288 Pater,
826 3215 921 3272 multa
973 3217 1024 3275 illa
1038 3233 1106 3292 quae
1121 3216 1262 3274 dicuntur
1277 3235 1352 3288 esse,
1368 3219 1576 3277 victoranimo
1596 3223 1708 3293 teneas,
1734 3237 1804 3277 cum

84 3301 237 3375 sapientia
273 3301 438 3372 illustrarit,
478 3303 518 3360 ad
556 3301 729 3360 docendum
772 3305 919 3380 populum
973 3305 1101 3381 illaquae
1116 3321 1178 3362 non
1192 3322 1258 3363 esse
1269 3305 1392 3364 forsitan
1405 3307 1659 3381 vilipendas,quid
1669 3323 1725 3378 ago
1740 3323 1805 3365 con·
1852 3311 1857 3318 “

84 3389 228 3453 suum‚et
242 3383 350 3443 decore
375 3385 540 3444 sanctitatis
554 3387 592 3443 ad
621 3387 818 3462 praebendum
834 3389 920 3446 bonae
973 3393 1266 3470 terrcpossim,quod
1278 3395 1805 3468 tuautnonhabeos,autnonhabere

81 3475 151 3532 ritae
168 3473 343 3549 exemptum
363 3473 502 3534 decenter
518 3477 644 3533 ornavit.
663 3477 773 3535 Deinde
792 3493 920 3550 magnas
973 3487 1170 3542 contemnas?
1197 3484 1254 3544 Sed
1272 3485 1418 3560 quoniam
1430 3484 1645 3560 philosophicis
1670 3485 1805 3542 essentiis

82 3563 135 3621 tibi
167 3563 327 3622 referimus
352 3570 461 3636 grates,
489 3565 571 3640 quod
597 3581 653 3622 nos
674 3565 742 3624 lieet
757 3565 920 3625 immeritos
974 3589 1120 3644 magnum
1136 3573 1282 3647 quiddam
1296 3577 1440 3647 superest,
1453 3577 1543 3646 atquc
1556 3589 1593 3630 ex
1606 3573 1653 3630 his
1663 3589 1730 3648 quae
1743 3586 1806 3630 non

82 3657 176 3730 atquc
193 3655 325 3726 ignotos,
342 3653 527 3712 salutationis
542 3659 599 3712 ture
610 3655 779 3729 pariterque
796 3672 920 3715 munere
940 3677 1042 3739 Cesso
1064 3661 1204 3719 dicuntur
1225 3661 1367 3736 quaedam
1393 3666 1539 3738 perpetua
1568 3661 1653 3730 fiunt,
1677 3661 1806 3734 ideoque

83 3743 189 3813 gratiae
205 3743 350 3814 dignatus
368 3759 399 3801 cs
413 3743 587 3818 prevenire.
611 3744 693 3802 Unde
708 3745 842 3819 prolecto
866 3763 922 3804 nos
977 3745 1162 3819 sapientibus
1189 3745 1355 3820 aliquando
1385 3750 1470 3816 grata
1486 3749 1565 3814 sunt,
1590 3745 1688 3820 recipe
1702 3762 1806 3820 quaeso

81 3834 112 3889 tn
139 3847 281 3890 amorem
310 3837 396 3890 tuum
424 3834 465 3890 sic
479 3833 628 3904 animasti,
646 3838 677 3890 ut
694 3850 856 3910 perennem
882 3835 923 3894 tui
975 3835 1108 3908 quodab
1121 3833 1725 3908 utroquetibilectumofferotlcniqucut
1740 3851 1808 3910 par·

82 3923 269 3980 memoriam
285 3923 316 3978 in
327 3923 431 3981 intimo
445 3921 543 3980 cordis
562 3923 655 3980 nostri
668 3923 769 3998 vigere
782 3924 921 3993 velimus,
976 3921 1128 3996 ticipando
1139 3939 1229 3996 super
1240 3923 1400 3979 essentiam
1411 3920 1529 3979 deitatis
1545 3920 1806 3990 dominusfias‚sio

82 4017 117 4067 ut
133 4012 243 4068 saltem
259 4027 314 4086 per
328 4013 433 4070 crebra
446 4013 617 4070 orationum
632 4013 785 4084 suiliagia,
799 4014 822 4069 si
839 4014 923 4071 aliter
975 4017 1002 4069 te
1013 4012 1184 4084 resalutato,
1196 4012 1235 4068 ad
1245 4027 1409 4085 perennem
1419 4009 1570 4066 fidelitatis
1585 4009 1721 4066 habitum
1733 4011 1806 4066 ami·

83 4100 216 4158 facultas
233 4117 294 4158 non
319 4101 504 4176 suppetierit,
535 4107 592 4160 tuae
620 4101 796 4173 benignitati
824 4103 922 4160 vicem
975 4099 1049 4158 citiae
1061 4106 1118 4157 tuae
1132 4101 1267 4174 rependo
1281 4101 1345 4157 haec
1362 4098 1474 4156 scilicet
1488 4097 1655 4156 differentia
1663 4101 1745 4156 tuam
1752 4099 1806 4156 be-

80 4190 252 4266 repcndere
266 4195 448 4262 satagamus.
463 4189 646 4262 Significavit
661 4195 762 4247 autem
777 4191 866 4247 nobis
889 4193 921 4247 ti-
974 4189 1175 4247 nescientiam
1188 4205 1348 4263 meamque
1362 4187 1561 4260 distinguens,
1575 4187 1665 4245 utilla
1677 4205 1805 4263 proma-

81 4279 140 4336 lius
152 4283 258 4337 noster
272 4283 402 4354 tuusque
422 4278 518 4337 tidelis
533 4279 690 4336 hilduinus
707 4281 765 4351 (14)
782 4285 839 4337 tuae
853 4280 923 4338 cha·
971 4281 1077 4353 jestate
1092 4295 1228 4354 personae
1244 4279 1339 4350 gratia
1354 4282 1474 4336 vocetur
1485 4281 1518 4334 ut
1529 4277 1655 4348 domini,
1668 4277 1805 4337 istafidc-

81 4371 178 4428 ritatis
193 4385 269 4440 erga
280 4387 337 4427 nos
352 4369 491 4442 insignia,
506 4369 632 4427 fideliter
661 4385 797 4427 asserens
823 4387 921 4428 unum
973 4369 1040 4426 litas
1056 4373 1088 4425 ut
1101 4367 1225 4426 alumni.
1243 4367 1400 4443 Praeceptis
1419 4368 1520 4440 itaque
1541 4367 1599 4424 tuis
1621 4367 1805 4426 modestissi-

81 4461 119 4517 dc
139 4459 253 4518 nostris
268 4460 425 4518 Priscianis
442 4465 467 4517 te
479 4459 565 4532 velle,
581 4459 921 4536 quemetpcreumdem
973 4475 1023 4516 mc
1037 4457 1185 4515 deservire
1205 4457 1340 4533 cupiens.
1357 4456 1525 4516 Mediolano
1553 4455 1700 4532 discipulo
1722 4457 1806 4531 quod

81 4549 214 4607 libenter
225 4549 382 4620 mittimus,
399 4549 548 4624 quidquid
563 4549 652 4606 etiem
664 4549 701 4606 dc
717 4553 820 4606 nostro
830 4549 920 4624 petie-
973 4551 1111 4622 precatus
1126 4563 1158 4604 es
1173 4547 1260 4618 sacia,
1274 4563 1402 4622 quaeque
1413 4545 1465 4604 tihi
1479 4546 1638 4617 scribenda
1647 4545 1756 4622 petisti,
1767 4562 1805 4603 cn

81 4641 126 4695 ris
138 4637 323 4696 hilarissime
339 4637 391 4695 tibi
407 4639 431 4694 si
445 4637 586 4712 possibile
601 4637 688 4695 fuerit
703 4637 919 4710 transmissuri,
973 4637 1076 4693 omnia
1092 4635 1245 4708 ierejuxta
1257 4635 1349 4694 tidem
1362 4639 1484 4692 exarata
1495 4635 1675 4693 transmitto.
1689 4633 1804 4692 Abbatc

80 4727 186 4801 ipsam
203 4743 328 4802 quoque
342 4727 533 4804 presentiam
558 4731 702 4796 nostram,
720 4727 744 4784 si
767 4726 820 4784 tibi
844 4744 920 4802 opus
973 4725 1069 4782 sancti
1083 4726 1158 4783 Petri
1171 4726 1299 4798 graviter
1315 4728 1487 4796 egrotante,
1504 4722 1557 4780 sed
1571 4723 1671 4780 adhuc
1694 4721 1802 4780 mentis

79 4819 160 4874 esset
175 4815 374 4887 cerataulas,
387 4815 536 4889 nobisque
548 4820 691 4891 potestas,
712 4816 919 4890 obsequentis·
973 4819 1002 4872 et
1011 4815 1157 4872 sermonis
1172 4819 1319 4890 compote,
1339 4812 1535 4886 Magenardus
1549 4811 1719 4869 monachus
1735 4814 1804 4868 ante

79 4907 158 4963 sime
170 4905 352 4980 praestaturi.
378 4905 424 4962 hd
451 4905 591 4962 ultimum
615 4904 728 4962 salvere
752 4909 779 4962 te
800 4921 919 4969 semper
972 4905 1046 4962 mihi
1061 4921 1124 4964 non
1140 4905 1328 4962 mediocriter
1343 4905 1464 4972 charus,
1480 4907 1572 4959 noctu
1585 4916 1649 4957 sese
1663 4899 1702 4957 de
1726 4899 1805 4958 clau-

78 4999 239 5068 optamus,
255 4998 414 5068 precantes
428 4997 459 5050 ut
473 4993 556 5049 illam
569 5008 681 5050 novam
697 5009 731 5050 ac
754 4991 918 5064 gloriosam
938 4999 1036 5091 Dstro
1052 4995 1210 5070 subripuit,
1225 4997 1253 5052 et
1281 4993 1320 5052 ad
1346 4990 1553 5050 Theobaldum
1576 4988 1727 5063 comitem,
1752 4990 1803 5064 qui

78 5083 260 5158 adoptionis
274 5084 391 5157 prolem
407 5084 516 5140 summi
537 5083 624 5154 regis,
652 5099 754 5154 regern
784 5083 920 5141 videlicet
976 5085 1066 5144 blesis
1074 5090 1144 5141 tunc
1152 5083 1338 5153 morabatur,
1348 5080 1477 5140 abbatiae
1488 5077 1624 5153 petendae
1632 5078 1728 5150 gratia
1736 5095 1804 5153 pro

80 5173 276 5248 Stephanum
302 5174 355 5246 (lt)
381 5173 525 5231 intimans
539 5171 717 5230 excellentiae
733 5189 794 5228 suoe
821 5171 919 5248 [alian
973 5173 1098 5251 paravit,
1114 5189 1215 5231 comcs
1228 5171 1311 5229 illum
1328 5169 1470 5244 postridie
1485 5166 1598 5225 remisit
1611 5167 1649 5224 ad
1662 5183 1718 5224 nos
1733 5183 1803 5226 cum

78 5263 200 5336 vestrm]
215 5279 255 5319 cx
279 5267 382 5319 nostra
406 5266 489 5337 parte
513 5261 633 5332 salutes,
660 5267 688 5320 et
712 5261 921 5320 universarum
973 5264 1088 5337 legatis,
1098 5263 1152 5336 qui
1164 5256 1754 5332 denuntiarentrccipiendummagnilica
1766 5256 1803 5318 si·

81 5351 361 5424 congregationum
376 5369 444 5426 quae
457 5355 527 5408 sunt
545 5351 576 5409 in
606 5351 781 5427 episcopatu
804 5355 918 5421 nostro,
975 5356 1025 5410 cui
1038 5351 1180 5408 abbatem
1194 5349 1390 5407 monachiset
1404 5347 1567 5405 canonicis.
1583 5351 1700 5406 Atvcro
1714 5346 1802 5404 nobis

116 5481 176 5548 itt)
190 5477 241 5534 ltic
256 5475 290 5534 tit
312 5477 425 5534 mentio
450 5477 589 5534 hilduini.
619 5477 751 5536 liabetur
771 5476 801 5534 in
828 5478 921 5534 vcten
969 5491 1027 5548 per
1042 5475 1255 5547 cagrandaeco
1267 5472 1800 5543 mititcincterampramotaasaerat,

81 5549 234 5605 Chronico
252 5553 384 5622 ternpore
400 5547 517 5606 Robcrti
532 5549 627 5620 regis:
644 5551 734 5606 Circo
742 5549 797 5606 boc
805 5554 920 5618 tenpus
972 5549 1047 5605 dicti
1067 5563 1104 5604 ae
1118 5546 1245 5603 coeaobii
1258 5551 1329 5602 tanc
1340 5545 1484 5616 paupera
1494 5542 1798 5625 faitprimasabbcs.

82 5621 247 5676 mittesbno
262 5635 341 5676 nono
352 5619 518 5692 fundatam
545 5627 589 5678 est
603 5620 765 5677 cenobium
780 5621 919 5678 Bettense
1008 5564 1065 5690 (sog
1076 5617 1146 5686 Quis
1161 5616 1248 5675 luerit
1268 5617 1439 5690 Stephanae
1455 5632 1511 5676 rea
1531 5615 1579 5674 vix
1594 5613 1690 5688 collrgr
1704 5617 1801 5690 potest

79 5691 918 5764 cbflitdaiaodcpropriasentiacaatemHildainasaa
972 5689 1155 5750 exbtstoria.
