3984 6182
213 115 282 168 1003
732 107 887 165 annotet
907 105 1204 164 ennaremusis
1222 109 1378 166 llONhClll
1860 117 1918 172 ttoi

211 233 385 309 quoregius
411 235 512 304 potus.
541 233 700 288 Attcstatur
713 247 835 305 quoque
857 228 1037 296 territorium
1055 228 1132 287 Ado
1147 231 1311 288 ldarahensi
1324 231 1402 287 ballo
1421 231 1552 288 interfuit
1566 232 1631 304 (60).
1659 232 1701 288 lbi
1719 233 1817 300 enim,
1846 237 1921 292 utla-

211 323 424 395 llatispcnense
440 324 468 377 et
491 319 639 393 praedium
654 320 763 392 regale,
779 321 862 395 qnod
889 319 1039 389 alastiglo
1093 319 1171 389 gisse
1182 337 1230 376 me
1245 320 1378 389 memini,
1395 320 1492 392 primo
1507 336 1681 391 congressu,
1707 324 1922 397 crepitantibus

211 412 321 469 montis
347 409 503 467 meridiani
532 410 608 466 inter
633 410 697 467 vias
724 409 861 484 publicas
886 406 1039 480 usquead
1092 407 1197 478 hastis,
1214 411 1366 482 quierant
1387 411 1552 482 tyrannica
1567 411 1660 484 partis
1682 412 1829 468 viderunt
1852 417 1923 470 acies

211 517 314 558 muros
326 498 421 573 ipsius
436 498 611 556 monasterii
624 515 643 556 a
658 499 761 557 Carolo
777 503 882 569 llagno
897 496 1038 554 traditum
1092 497 1281 572 imperatoris
1300 500 1340 556 ab
1363 500 1473 570 ignotis
1499 505 1527 556 ct
1541 500 1749 573 pulcherrimis
1777 502 1922 560 delensari

210 595 254 648 est
267 590 355 647 beato
372 591 593 646 Emmerammo
615 593 643 646 et
657 589 814 646 monachis
836 588 901 659 ejus
914 586 970 641 suh
984 587 1039 642 im·
1091 587 1172 656 viris,
1189 589 1251 661 qui,
1268 589 1310 645 uti
1334 589 1434 659 dignis
1453 589 1618 646 revelatum
1630 595 1684 658 est,
1713 596 1804 648 erant
1825 595 1922 659 sancti,

208 679 589 756 perialitestementott).
607 679 658 735 llic
673 673 1039 748 inlercaeteraqurcregis
1092 692 1222 748 quorum
1246 678 1418 751 patrociniis
1456 678 1506 735 illo
1533 679 1721 751 prolecturus
1752 680 1875 736 intente
1898 699 1922 737 se

209 786 293 828 more
306 785 340 827 ac
353 768 501 842 imperiali
511 767 647 842 potantia
664 767 816 824 constituit
832 771 860 822 et
878 765 1037 830 ordinavit,
1092 767 1325 823 commendavit.
1341 770 1451 824 llorum
1466 767 1580 840 quippe
1599 767 1664 825 visu
1687 769 1858 841 perterritis
1881 772 1923 826 hc

209 861 319 918 ducem
341 858 526 916 tassilonem
552 873 646 928 regno
664 857 796 931 privam,
818 852 1039 912 cumfitiooic-
1074 856 1183 934 ,stium
1200 857 1313 924 cunei,
1329 857 1511 913 lentescebat
1526 872 1630 930 pugna
1643 857 1674 914 in
1688 864 1774 930 parte
1790 859 1920 915 adversa.

209 955 278 1008 tone
300 948 486 1004 monachum
507 962 572 1003 esse
592 945 755 1020 compulit;
775 961 830 1001 nec
854 959 914 1000 non
936 943 1038 999 sedem
1093 946 1177 1012 Quod
1190 962 1266 1017 segre
1280 947 1378 1002 ferens
1393 963 1472 1004 unus
1486 946 1613 1003 militum
1637 949 1768 1022 tyranni,
1785 950 1921 1022 clqpeum

208 1037 433 1096 lictisbonensis
454 1036 619 1110 episcopia
642 1035 771 1091 ducibus
792 1033 941 1108 prioribus
954 1037 1039 1087 extre
1092 1034 1226 1107 arripuit,
1242 1039 1271 1091 et
1284 1035 1461 1107 primarium
1478 1035 1598 1105 signum
1612 1034 1785 1105 legionibus
1799 1039 1920 1110 pretulit:

208 1126 315 1184 urbem
330 1124 514 1194 translatam,
540 1125 580 1181 ad
607 1124 747 1196 martyris
772 1123 906 1179 videlicet
929 1123 956 1178 S.
972 1124 1038 1178 tim·
1092 1124 1221 1195 superbe
1249 1123 1305 1180 has
1329 1123 1503 1196 conpellans
1527 1129 1556 1180 et
1581 1125 1755 1196 exhortans,
1791 1143 1858 1199 quo
1881 1129 1918 1182 sui

208 1213 367 1273 meramml
387 1211 556 1272 basilicam.
577 1213 655 1270 inira
671 1213 753 1269 urbis
777 1212 912 1283 ejusdem
934 1224 1038 1265 muros
1092 1211 1230 1284 exemplo
1243 1214 1361 1269 animos
1376 1217 1562 1269 resumerent
1576 1213 1615 1269 ad
1630 1229 1779 1286 pugnam.
1792 1217 1919 1288 Cumque

208 1305 383 1374 constitutae,
398 1304 477 1360 beati
497 1305 571 1360 Petri
585 1303 714 1376 apostoli
737 1301 793 1357 sub
814 1301 960 1373 simperto
975 1297 1037 1370 epi·
1091 1301 1206 1374 prepeti
1220 1318 1310 1357 cursu
1332 1302 1362 1358 io
1383 1304 1484 1375 ipsum
1505 1317 1582 1375 pene
1596 1302 1766 1376 principem
1792 1303 1916 1370 irrueret,

208 1411 300 1469 scopo
323 1393 449 1450 restituit
470 1392 618 1449 Ecclesia.
646 1396 757 1448 Locum
773 1395 873 1447 autem
898 1387 1038 1460 martyris
1091 1390 1216 1447 obvium
1243 1390 1351 1448 habuit
1377 1408 1479 1448 senem
1493 1391 1600 1448 canitie
1625 1393 1846 1457 venerabilem,
1873 1395 1915 1448 sei

206 1485 237 1542 in
252 1483 452 1558 patrocinium
467 1481 513 1538 sui
524 1481 694 1538 honestavit
704 1478 911 1537 munificentia
933 1476 1037 1548 regah,
1090 1479 1196 1535 habitu
1209 1480 1380 1547 terribilem,
1405 1480 1457 1553 qui
1485 1481 1510 1536 ci
1531 1485 1711 1554 protestatus
1739 1483 1914 1538 [immeram-

208 1573 341 1631 subdens
356 1587 426 1628 eum
445 1570 487 1627 illi
498 1570 551 1644 qui
565 1569 608 1626 ibi
628 1568 842 1627 intrhonizatus
856 1567 952 1622 iuerat
966 1565 1037 1620 sede
1056 1585 1177 1658 Bnium
1192 1568 1248 1624 sihi
1274 1570 1420 1636 resistere,
1439 1569 1564 1625 umboni
1592 1585 1718 1626 manum
1734 1571 1869 1640 inseruit,
1885 1589 1912 1627 nc

206 1660 379 1737 pontificali.
405 1663 499 1718 linces
511 1675 591 1730 vero,
616 1659 750 1732 quiante
774 1658 855 1714 hunc
869 1655 1036 1729 principem
1091 1661 1153 1714 tam
1169 1658 1221 1714 diu
1236 1657 1347 1714 frustra
1362 1661 1384 1694 ¹¹
1398 1659 1574 1714 renitentem
1589 1660 1612 1695 ¹¹
1627 1659 1910 1734 veneritquousque

206 1751 265 1809 sub
279 1750 400 1822 regibus
414 1751 599 1806 Francorum
620 1747 763 1820 Bajoariae
786 1746 931 1816 regebant
947 1744 1038 1800 duce·
1091 1747 1130 1813 hi,
1144 1748 1196 1821 qni
1216 1749 1281 1819 eJus
1302 1748 1445 1806 instinctu
1467 1746 1538 1804 facti
1559 1752 1629 1806 sunt
1650 1749 1798 1818 audaces,
1822 1749 1910 1806 fierent

206 1847 280 1908 him,
294 1855 363 1914 quie
384 1839 466 1897 bona
488 1839 577 1895 beato
598 1841 820 1894 Emmerammo
848 1833 1036 1900 contulerint,
1090 1852 1195 1892 omues
1210 1836 1280 1892 inde
1295 1836 1426 1908 fugaces.
1443 1840 1509 1894 llaeo
1524 1852 1585 1894 non
1595 1837 1674 1906 licta,
1689 1838 1746 1893 sed
1762 1855 1827 1894 esse
1842 1856 1908 1894 vera-

205 1929 314 2006 pitacla
327 1944 433 1985 eorum
445 1932 475 1985 et
488 1931 666 1984 testamenta
681 1942 773 2000 pones
800 1941 857 1982 nos
874 1923 945 1981 sctis
958 1923 1036 1978 indi·
1089 1926 1161 1982 citer
1175 1925 1253 1982 lacta
1268 1931 1296 1981 et
1322 1926 1410 1994 dicta,
1431 1927 1478 1983 his
1495 1927 1548 2000 qui
1576 1927 1650 1984 vidit
1664 1933 1692 1984 et
1716 1928 1849 2001 perimit,
1870 1946 1909 2001 po

205 2024 275 2080 cant
294 2019 426 2076 inventa.
457 2017 550 2089 liujus
572 2021 672 2074 autem
685 2015 775 2084 lilius,
805 2015 862 2088 piae
881 2012 1036 2070 memoriae
1089 2015 1336 2072 steahumlliatus
1349 2016 1513 2087 lconlitetur
1525 2021 1554 2072 et
1567 2017 1676 2090 prodit.
1692 2017 1770 2074 Hinc
1786 2018 1906 2092 princeps

202 2109 365 2182 imperator
388 2105 581 2176 hludovicus,
605 2109 633 2162 et
656 2105 708 2179 qui
722 2105 893 2162 illiluerant
919 2117 1035 2158 succos·
1089 2104 1236 2174 gloriosus
1265 2105 1452 2162 victoriatali
1474 2105 1587 2178 oppido
1601 2105 1698 2176 laetus,
1722 2107 1905 2163 Ratisbomm

204 2197 446 2269 soresinregnc,
462 2195 585 2252 comites
599 2211 722 2270 qnoque
738 2211 772 2250 ac
795 2192 964 2266 optimates,
979 2206 1035 2246 neo
1087 2192 1252 2262 revertitur,
1279 2192 1330 2248 ubi
1355 2193 1496 2249 consonis
1523 2194 1704 2250 omniumin
1728 2211 1769 2251 ca
1787 2195 1902 2252 ecclesis·

203 2287 365 2345 nonaliam
377 2285 543 2360 judiciariae
565 2285 716 2357 dignitatis
729 2282 892 2358 perplures,
914 2281 1035 2354 quantis
1087 2299 1155 2338 rum
1183 2282 1339 2355 campanis
1366 2283 1535 2355 suscipitur,
1569 2269 1719 2357 simulque
1752 2286 1902 2357 memphis

203 2377 352 2451 quibusve
366 2377 457 2432 rebus
470 2373 638 2450 predictum
653 2373 798 2431 ditaverin
820 2372 931 2438 locum,
945 2376 1034 2427 testa·
1087 2387 1157 2429 cum
1181 2371 1328 2428 miraculo
1352 2373 1524 2446 predicatur
1538 2377 1567 2428 et
1588 2373 1751 2430 extollitur.
1775 2377 1849 2430 Tunc
1869 2390 1902 2428 sa-

203 2471 333 2539 turpare
361 2482 424 2523 non
447 2465 545 2522 solum
571 2465 670 2536 maior
689 2463 844 2520 sedetiam
857 2459 1034 2533 meliorepi·
1086 2462 1179 2536 pienti
1193 2479 1266 2518 usus
1281 2463 1415 2529 consilio,
1431 2466 1460 2519 et
1472 2463 1545 2519 illud
1562 2469 1659 2520 macte
1672 2465 1831 2522 ruminans
1844 2468 1899 2521 toti:

204 2561 346 2630 scopatae
360 2555 479 2626 Reginae
499 2554 634 2612 civitatis.
658 2556 699 2609 Ex
714 2553 872 2608 bisantem
892 2549 1034 2606 omnibus
1086 2554 1123 2608 In
1135 2554 1183 2608 die
1197 2553 1339 2608 bonoram
1351 2569 1410 2608 non
1426 2555 1579 2610 imorencr
1592 2555 1632 2610 sis
1644 2555 1835 2624 mattaratium
1846 2555 1899 2626 quii

203 2645 256 2720 qui
269 2644 372 2704 Christi
384 2647 549 2716 martyrem
563 2647 731 2700 reverenter
741 2640 880 2698 colebant
894 2655 948 2695 seu
963 2655 1033 2694 cum
1086 2641 1302 2715 disphcuerunt
1330 2657 1438 2698 novem
1467 2641 1591 2698 minime
1620 2642 1820 2712 glorilicentcs
1844 2659 1898 2698 eun

202 2735 370 2792 reverentia
384 2731 558 2803 diligebant,
568 2747 604 2788 eo
618 2731 702 2804 quod
714 2746 766 2803 pre
779 2729 882 2786 ceteris
896 2727 1033 2799 ejusdem
1086 2729 1172 2801 culus
1200 2734 1244 2786 est
1279 2729 1470 2786 benedictum
1505 2730 1682 2787 eternaliter
1705 2747 1827 2802 nomen,
1858 2745 1899 2803 per

203 2823 295 2881 cultui
321 2822 440 2878 deditus
469 2824 556 2887 esset,
584 2817 797 2892 excipiendum
824 2817 900 2874 mihi
925 2818 1033 2873 rectius
1086 2822 1194 2874 cuncta
1207 2818 1312 2874 Norica
1326 2818 1510 2875 monasteria
1533 2819 1613 2875 misit
1624 2819 1763 2889 gratifica
1781 2835 1895 2876 munera.

202 2915 276 2984 puto
295 2909 453 2984 persuavis
466 2907 619 2964 memoriae
635 2906 803 2974 Arnollum,
821 2905 1033 2962 carolomanni
1087 2907 1213 2980 speciali
1243 2911 1343 2963 autem
1373 2924 1427 2964 suo
1453 2913 1583 2980 patrono
1612 2911 1830 2968 Emmerammo
1853 2923 1896 2982 pro

201 2997 309 3067 lilium,
320 2997 419 3072 primo
430 2995 574 3068 Baioarlae
588 2996 707 3064 ducem,
719 2995 828 3051 deinde
843 2995 976 3051 Francia
991 3011 1035 3050 rs-
1053 2962 1072 3018 C
1087 2996 1251 3067 gratiarum
1266 2997 1383 3052 actious
1398 2997 1522 3054 contulit
1543 3001 1638 3054 totum
1649 2997 1755 3072 palatii
1767 3005 1895 3055 ornatum.

203 3085 563 3159 gem,novissimeautem
580 3086 603 3122 ¹¹
618 3083 750 3142 obheatl
764 3084 837 3140 echi
852 3086 873 3120 ¹¹
887 3083 1035 3141 detensio-
1088 3091 1270 3158 lnquoerat
1293 3085 1439 3141 ciborium
1454 3087 1649 3159 quadratum,
1674 3089 1841 3159 cujusauro
1864 3093 1894 3142 te·

201 3191 284 3245 nem,
295 3179 365 3250 post
379 3174 520 3232 victorias
533 3173 675 3231 mirificas
700 3178 762 3244 (on.
778 3175 917 3246 887690),
933 3177 1033 3230 Roma
1088 3179 1169 3231 ctum
1183 3173 1362 3245 tabulatum,
1376 3175 1529 3246 fastigium
1545 3179 1622 3232 serto
1637 3192 1819 3247 gemmarum
1832 3175 1892 3232 redi-

201 3265 315 3322 lacinm
329 3264 557 3338 imperatorem
570 3262 628 3319 suh
643 3277 706 3336 qao
719 3261 811 3319 etiam
823 3262 913 3318 veluti
926 3261 1032 3318 lunda·
1087 3264 1327 3337 mitum.t.'orpns
1340 3281 1412 3320 vero
1427 3265 1466 3320 ad
1477 3265 1604 3335 geminae
1620 3266 1769 3338 specimen
1782 3263 1891 3322 ddectio

201 3357 338 3411 mentum
360 3351 517 3426 quoddam
541 3349 672 3407 martiris
697 3349 768 3407 elmi
790 3350 943 3406 miraculis
964 3350 1033 3408 scri·
1087 3353 1143 3421 nis,
1160 3353 1386 3408 similitudinem
1407 3353 1523 3410 habens
1538 3354 1700 3427 superioris
1715 3353 1888 3416 atiniarioris,

199 3442 308 3499 bondis
323 3457 435 3516 ponere
452 3441 542 3510 volo;
558 3440 631 3513 quia
641 3439 712 3497 hinc
724 3441 882 3496 exordium
897 3455 1031 3510 sumens,
1087 3445 1269 3498 sustentatur
1297 3442 1396 3498 aureis
1411 3447 1478 3498 octo
1501 3443 1697 3504 columnellis.
1711 3459 1770 3516 quo
1781 3447 1807 3496 et
1821 3440 1884 3512 ipse

200 3535 304 3604 utpote
331 3546 368 3587 ex
382 3534 455 3587 noto
480 3533 509 3586 ct
532 3529 611 3586 circa
634 3529 775 3586 eumdem
798 3529 848 3586 Dei
878 3529 1031 3584 martirem
1087 3535 1128 3586 tot
1154 3531 1299 3587 virtutum
1323 3547 1377 3587 seu
1403 3533 1626 3589 beatitudinum
1647 3533 1732 3588 instar
1747 3531 1878 3602 exponunt

200 3619 333 3676 maxime
347 3619 681 3692 devoto,pulchramad
695 3624 810 3676 ceteros
823 3617 973 3691 principes
986 3617 1032 3673 his
1086 3620 1154 3690 (62).
1184 3622 1274 3674 Erant
1299 3619 1390 3676 etiam
1415 3620 1446 3676 in
1470 3636 1506 3676 eo
1518 3620 1735 3692 evangeliorum
1753 3617 1812 3674 libri
1828 3615 1879 3689 plc-

200 3708 392 3768 annotando
403 3709 627 3783 processionem
647 3707 744 3768 facere
766 3712 880 3780 potero.
907 3709 933 3763 is
947 3721 1032 3763 nam·
1085 3707 1172 3778 narii,
1198 3723 1273 3765 auro
1304 3714 1333 3766 et
1362 3709 1489 3780 gemmis
1526 3711 1605 3779 teeti,
1641 3710 1747 3784 scripti,
1772 3705 1833 3782 picti
1855 3719 1885 3762 ac

104 3826 107 3834 ·
199 3814 260 3872 qne
273 3813 400 3873 speram
414 3801 509 3856 Deum
533 3797 589 3855 sibi
605 3813 648 3854 stc
663 3797 726 3854 lore
751 3796 925 3869 propitium,
944 3797 1033 3868 elegit
1086 3813 1120 3854 ac
1145 3797 1329 3854 omnimodis
1359 3799 1465 3855 ornati.
1495 3799 1642 3872 liquibus
1667 3815 1759 3855 noum
1772 3801 1810 3853 est
1822 3793 1888 3851 cubi

198 3887 323 3946 beatum
337 3891 595 3946 limmat-animum
614 3888 682 3943 vitas
698 3901 760 3942 sne
777 3901 812 3942 ac
826 3901 920 3958 regno
933 3892 1031 3961 patro-
1086 3887 1161 3956 telis,
1188 3903 1289 3960 opere,
1315 3888 1426 3961 precio,
1454 3888 1587 3962 pondere
1612 3889 1761 3962 siquidem
1781 3885 1889 3954 taliani

198 3991 284 4048 num,
299 3977 436 4051 adeoque
461 3977 503 4034 illi
519 3975 645 4044 adhesit,
675 3973 913 4032 utinvicinitate
928 3991 1032 4032 mona·
1085 3976 1183 4032 cinon
1196 3974 1283 4032 iacile
1298 3975 1425 4032 inveniri
1439 3977 1534 4050 possit
1559 3977 1684 4051 aquatis
1697 3979 1762 4051 (66).
1776 3971 1889 4047 (inlusio

200 4067 280 4123 sterii
314 4067 398 4138 regio
434 4067 525 4124 cultui
555 4071 662 4139 aptum
699 4069 884 4121 construeret
916 4065 1031 4137 mande
1084 4065 1190 4121 dextra
1202 4069 1286 4138 parte
1302 4066 1457 4139 dispositio
1472 4081 1696 4138 gemmmarum
1711 4063 1890 4124 momerium

198 4155 354 4226 palatium.
385 4159 458 4214 Cum
497 4169 569 4227 ergo
596 4156 687 4228 hujus
716 4155 917 4229 patrocinium
947 4155 1031 4212 durh
1084 4153 1174 4210 etiam
1189 4154 1320 4227 complet
1334 4171 1505 4227 numerum,
1531 4171 1662 4228 quarum
1681 4155 1818 4230 quodam
1832 4150 1891 4208 adeo

198 4241 230 4297 in
245 4243 377 4314 negociis
396 4249 424 4300 et
437 4247 469 4300 in
494 4244 595 4316 preliis
618 4244 719 4300 multis
734 4244 807 4300 satis
833 4243 958 4300 heberet
981 4260 1029 4300 cx·
1084 4242 1250 4315 quanhtale
1278 4242 1458 4317 preminent,
1485 4248 1517 4300 ut
1530 4249 1663 4317 quatuor
1680 4261 1718 4302 ex
1739 4245 1786 4302 liis
1805 4240 1891 4300 edices

198 4335 328 4406 portum,
351 4332 537 4392 manliestius
550 4333 609 4390 hoc
623 4333 680 4390 sibi
693 4333 798 4391 adesse
813 4335 914 4402 sensit,
930 4349 1027 4406 quan-
1045 4336 1067 4389 li
1083 4331 1219 4404 operiant
1230 4332 1372 4402 sedecim,
1395 4333 1426 4390 in
1441 4334 1572 4405 ligurem
1595 4340 1706 4392 sanctes
1727 4334 1830 4403 crucis,
1852 4343 1892 4404 ptr

883 4465 1003 4525 VARlAE
1023 4463 1225 4522 LECTIONES.

236 4571 259 4607 ¹¹
281 4573 318 4628 lo
342 4571 442 4628 codice
462 4572 598 4644 quadam
614 4587 700 4630 eroco
721 4578 803 4644 sunt,
826 4588 953 4644 quorum
979 4573 1043 4630 toco
1059 4571 1114 4644 (ito
1127 4572 1295 4644 Foriaqer:
1319 4571 1351 4626 in
1375 4570 1446 4628 bibl.
1467 4573 1597 4630 Emmer.
1623 4573 1659 4642 lc.
1684 4575 1770 4632 Iliad.
1800 4573 1822 4640 l,
1842 4569 1892 4640 ci

199 4644 385 4714 adspectum
411 4658 539 4702 vacuum
564 4644 718 4714 adsensio
744 4643 900 4716 chuntur)
924 4659 1031 4700 monus
1046 4658 1113 4700 circ.
1133 4643 1233 4712 XVII,
1262 4643 1325 4700 bac
1335 4642 1479 4714 sabuloso
1494 4645 1625 4714 adiecit:
1650 4643 1700 4702 llic
1713 4645 1790 4702 inter
1803 4643 1890 4698 oeten.

221 4729 267 4770 uas
292 4715 374 4784 regio
389 4729 473 4770 more
487 4730 522 4770 ac
548 4713 694 4794 imperiali
708 4714 840 4786 potentia
865 4714 1016 4770 constituit
1028 4718 1057 4770 et
1071 4713 1229 4782 ordinavit,
1257 4715 1367 4770 ducem
1382 4714 1566 4771 tassilonem
1584 4731 1616 4772 re
1638 4731 1678 4772 no
1693 4715 1823 4789 privans,
1838 4725 1891 4768 cunt

232 4786 259 4842 ‘c
274 4786 398 4842 Dictone
419 4786 604 4841 monacham
628 4801 694 4842 esse
709 4785 869 4860 compulit3
885 4799 1015 4842 necnon
1038 4785 1140 4842 sedem
1154 4785 1378 4842 llatisbonensis
1400 4785 1587 4868 episcopi,a
1631 4787 1739 4844 ucibus
1785 4783 1891 4842 rioribus

198 4863 282 4914 extra
296 4857 403 4914 urbem
417 4856 595 4912 translatam
610 4856 649 4913 ad
671 4857 814 4929 martyris
826 4856 964 4914 videlicet
986 4858 1081 4914 sancti
1094 4857 1309 4914 limmerammi
1321 4853 1488 4924 basilicam,
1505 4858 1583 4914 mira
1599 4858 1681 4915 urbis
1694 4861 1721 4932 ej
1726 4877 1745 4916 u
1783 4875 1828 4914 cm
1841 4867 1890 4932 nti·

199 4945 248 4987 ros
260 4928 427 4988 constitutae
440 4927 521 4988 hecti
533 4926 611 4986 Petri
622 4927 752 5001 apostoli
775 4928 832 4984 sub
847 4927 993 5002 simperto
1008 4930 1151 5002 episcopo
1172 4929 1299 4986 restituit
1318 4926 1459 4984 ecclcsiae.
1477 4931 1588 4986 Locum
1611 4935 1713 4988 autem
1728 4927 1858 5002 martyris
1870 4937 1890 4976 111

198 4999 399 5073 patrocinium
415 4999 461 5058 sui
486 4999 656 5058 honestavit
682 4999 885 5058 munificentia
910 4999 1014 5074 regali,
1028 4999 1160 5058 subdens
1175 5016 1246 5058 eum
1271 4999 1322 5068 illi,
1351 5000 1404 5074 qui
1422 4999 1463 5058 ibi
1478 4999 1692 5060 inthronizatus
1721 5002 1815 5060 luerat
1838 4993 1890 5054 sedi

197 5071 371 5144 pontificali.
412 5073 434 5107 ¹¹
447 5076 514 5144 post
528 5071 599 5129 odd.
616 5069 642 5128 l.
682 5073 705 5108 ¹¹
717 5077 784 5144 post
797 5073 868 5129 odd.
886 5072 910 5128 l.

1002 5177 1108 5238 ΝΟΜ]

245 5287 278 5339 60
303 5285 336 5341 V.
353 5284 448 5341 Caroli
462 5285 598 5360 diploma
612 5301 661 5359 ap.
676 5284 757 5342 llied.
774 5287 796 5357 l,
811 5302 843 5360 p.
859 5289 885 5343 8.
1080 5283 1191 5341 scribit.

242 5358 277 5410 6ο
301 5357 336 5413 A.
352 5355 426 5412 8036
1116 5356 1168 5429 (63)
1182 5354 1224 5412 ci.
1241 5355 1364 5412 Eccard.
1380 5357 1425 5415 Fr.
1452 5355 1562 5414 Orient.
1578 5357 1611 5424 ll,
1660 5361 1744 5416 .563.
1758 5351 1887 5416 liabilloss-

231 5427 288 5500 (dl¹
304 5426 390 5489 tiocli.
405 5442 446 5508 xi,
460 5431 524 5509 ii..
1078 5427 1098 5484 l.
1113 5429 1134 5484 l.
1157 5443 1187 5501 p.
1206 5431 1232 5484 9.
1263 5427 1426 5486 Ratishona
1453 5433 1596 5496 monast,
1620 5372 1667 5484 eg.
1691 5433 1719 5498 i,
1738 5445 1768 5502 p.
1794 5429 1848 5483 iti.
1867 5421 1888 5497 el
1948 5471 1949 5509 ,

232 5501 277 5566 (62
305 5500 337 5556 v.
367 5495 528 5557 liabillonir
551 5499 607 5557 lter
634 5501 730 5558 Germ.
762 5497 878 5570 (amal.
909 5499 969 5572 ed,
995 5503 1022 5566 2,
1100 5515 1171 5556 uam
1184 5497 1222 5558 de
1246 5499 1303 5560 hoc
1314 5499 1391 5558 libro
1415 5499 1531 5574 scripsit
1552 5499 1792 5562 dissertacones
1812 5489 1887 5556 smlt

195 5584 226 5643 p.
244 5573 276 5626 to
301 5569 354 5644 qui
367 5571 425 5628 hoc
441 5573 586 5644 tanquam
601 5570 693 5630 altare
707 5587 836 5644 parvum
848 5569 959 5628 mobile
972 5569 1023 5626 de·
1077 5513 1158 5640 2786,
1175 5573 1225 5628 4¹⁰.
