3996 6178
685 108 867 168 srrsronm
884 109 928 165 m
945 111 1158 170 nrrnonnrl.
1350 79 1356 92 ’
1710 125 1784 178 rim

141 238 180 294 et
193 234 371 297 defendatis.
387 233 500 292 sivero
516 232 624 306 aliquis
646 231 678 288 in
691 230 796 288 vestris
816 233 898 303 pote·
913 233 938 285 A
952 233 1054 308 scapio
1069 251 1105 294 ea
1118 251 1187 310 quae
1202 232 1505 310 aprmdecessoribus
1516 243 1625 300 nostris
1634 241 1783 318 pontiflci·

31 353 60 413 ,pa
71 373 94 439 qm
105 325 192 395 ,bus
208 325 261 379 aut
275 321 360 380 terris
376 320 529 388 exstilerit,
544 320 597 392 qui
619 335 713 392 supra
733 317 814 375 dicto
832 318 898 375 loco
952 320 1020 391 bus,
1036 325 1076 382 ob
1100 322 1349 384 restaurationem
1363 327 1392 382 et
1405 323 1621 386 restitutionem
1635 335 1710 394 sacri
1723 334 1781 394 loci

51 391 211 514 P{silenis
226 412 265 470 ad
280 428 351 470 eum
366 409 585 486 pertinentibus
609 407 742 482 aliquam
758 407 900 480 injuriam
955 409 1059 485 ipsius,
1075 420 1103 472 et
1115 415 1283 474 remedium
1296 412 1468 472 animarum
1482 430 1606 472 suarum
1620 423 1649 474 et
1659 437 1780 482 suorum

31 531 53 592 lu
67 494 89 605 [Q
99 482 302 560 iimolestiam
323 501 433 558 inierre
459 498 624 570 tentaverit,
638 515 713 571 rogo
725 502 856 556 vestrum
870 496 901 552 in
956 515 1174 576 successorum,
1184 506 1215 562 in
1228 505 1388 580 proeialum
1402 519 1493 562 usum
1505 503 1548 562 tui
1561 503 1703 578 episcopii
1712 526 1783 568 cou-

31 634 78 702 Ὀρήἃ
100 573 228 651 ‘limane
250 591 467 649 fraternitatem
487 595 520 648 ut
544 588 717 664 supradicto
735 588 803 646 loco
815 586 901 659 justi·
956 596 1110 648 cesserunt
1135 600 1223 668 atque
1252 595 1517 662 confirmaverunt,
1534 609 1600 666 nos,
1618 593 1707 650 simili
1729 597 1786 654 cle-

31 721 47 777 ‚H
61 659 141 786 ahter,
155 687 182 740 et
198 685 314 740 rectum
325 681 475 753 iudicium
498 681 596 738 iacere
621 678 775 737 studeatis.
789 676 819 733 Si
832 692 903 733 vero
957 678 1069 736 mentia
1083 684 1259 754 praemonui,
1271 691 1300 742 et
1309 683 1440 742 inclinati
1450 683 1592 759 precibus
1605 683 1720 754 vestris,
1733 699 1788 757 per

33 815 49 870 Di
83 751 125 840 Q
132 771 301 847 tempserint
310 771 377 828 etin
396 787 453 826 sua
469 768 584 826 malitie
599 782 792 842 perseverare
804 765 905 824 volue-
956 767 1049 840 hujus
1072 771 1165 826 nostri
1179 772 1335 845 apostolici
1360 773 1507 847 privilegii
1520 775 1628 834 seriem
1646 773 1786 834 concedi-

48 834 146 932 ,ἔθρεψ’-ἠ
159 863 249 920 sciant
264 877 295 918 se
318 877 337 918 a
361 860 449 917 uobis
471 859 636 934 apostolica
660 856 834 918 auctoritate
854 871 903 912 cx·
958 874 1026 915 mus
1041 862 1070 916 et
1083 859 1297 918 confirmamus
1317 861 1378 930 tibi,
1395 865 1566 938 supradicto
1589 865 1651 925 filio
1677 865 1786 924 dilecto

31 923 52 963 ¹⁰¹
67 912 343 1012 illi-unumunurm
366 954 455 1024 atque
475 948 712 1016 maledicendos,
728 963 784 1004 nec
799 961 861 1002 non
875 949 905 1002 et
957 950 1041 1004 Petro
1061 948 1214 1023 episcopo,
1234 950 1442 1024 supradictum
1464 971 1555 1012 suum
1578 957 1786 1033 episcopatum

31 1001 259 1098 avienuminihus
273 1045 384 1098 sanctie
406 1039 543 1098 Ecclesiae
558 1038 704 1097 arcendos
720 1042 749 1094 et
764 1037 902 1093 societate
956 1037 988 1094 in
1010 1037 1160 1110 integrum
1175 1055 1246 1096 cum
1269 1039 1353 1097 omni
1367 1039 1533 1113 integritate
1552 1062 1617 1114 sua,
1632 1063 1703 1106 cum
1717 1046 1784 1106 uni·

31 1097 210 1220 11wwffflioium
225 1131 457 1188 christianorum
482 1128 699 1201 segregandos,
713 1133 742 1184 et
756 1142 827 1183 cum
849 1128 903 1183 lin-
957 1128 1050 1185 versis
1073 1127 1224 1202 plebibus,
1251 1129 1351 1199 titulis,
1376 1129 1500 1199 clericis,
1516 1134 1649 1207 capellis,
1665 1138 1783 1206 massis,

43 1199 84 1310 Ψ
96 1211 165 1278 supet
179 1221 301 1288 nbiron,
314 1237 392 1295 quos
404 1219 490 1276 vivos
503 1223 582 1276 terra
596 1217 760 1288 deglutivit,
776 1215 904 1272 ininier·
957 1218 1101 1290 curtibus,
1118 1219 1218 1276 lundis
1242 1222 1271 1276 et
1289 1219 1450 1286 casalibus,
1465 1219 1552 1290 villis,
1569 1223 1675 1293 vincis,
1690 1225 1784 1296 terris,

32 1288 422 1396 fflfilffllllemernendonnrsi
432 1309 489 1366 cito
505 1309 543 1365 ad
556 1306 799 1366 emendationem
811 1321 902 1362 venc·
956 1308 1004 1366 vel
1019 1309 1123 1367 omnia
1143 1325 1212 1383 quae
1237 1309 1295 1367 sub
1306 1310 1373 1381 jure
1388 1315 1417 1367 et
1427 1310 1562 1369 dominio
1577 1311 1713 1383 ejusdem
1728 1314 1787 1386 epi-

31 1378 112 1471 r³³⁰⁵P²¹
124 1397 134 1434 l
145 1403 171 1460 S.
184 1400 260 1458 Petri
275 1399 402 1458 Romani
412 1398 597 1469 monasterii,
608 1397 714 1470 suique
728 1411 902 1453 excomrnu·
957 1402 1099 1473 scopatus
1124 1398 1262 1470 adiacere
1276 1398 1324 1456 vel
1341 1398 1489 1472 pertinere
1513 1399 1739 1472 dignoscuntur,
1756 1401 1788 1457 in

39 1460 87 1559 piflfl
104 1483 160 1568 lini
175 1495 265 1564 alque
281 1487 521 1548 anathematizati
545 1503 581 1544 ex
595 1489 681 1560 parte
694 1487 722 1541 S.
739 1483 814 1540 Petri
828 1497 902 1556 apo·
955 1487 1062 1563 primis
1078 1487 1214 1545 videlicet
1228 1504 1365 1546 messum
1379 1489 1410 1546 in
1430 1487 1590 1562 integrum,
1606 1505 1675 1563 qum
1688 1489 1790 1564 appel-

31 1555 149 1654 ἯΠΟΨἪ,
175 1579 228 1653 (itti
248 1581 427 1654 polesialem
453 1593 472 1634 a
499 1575 625 1635 Domino
653 1573 768 1646 aceepii
790 1569 902 1643 ligandi
918 1589 938 1645 Β
956 1576 1035 1634 latur
1056 1579 1201 1648 Caesaree,
1223 1593 1294 1634 cum
1321 1577 1423 1636 lundis
1450 1580 1479 1636 et
1504 1577 1618 1637 colonis
1640 1577 1714 1651 suis,
1737 1578 1790 1652 qui

32 1644 162 1747 credituro
178 1667 325 1735 solvendi,
335 1667 388 1740 qui
400 1670 494 1723 terras
508 1663 645 1738 ejusdem
661 1665 689 1722 S.
703 1661 780 1719 Petri
794 1660 903 1732 iniuste
958 1666 1098 1723 dicuntur
1132 1665 1272 1737 Ferculoe,
1300 1667 1476 1737 Tondiliani,
1513 1667 1688 1726 llartiniani.
1717 1671 1790 1724 ltem

44 1734 173 1814 diminuunt
187 1762 215 1814 et
229 1756 337 1814 nolunt
361 1756 505 1814 reddere:
530 1759 559 1811 et
572 1754 613 1810 illi
633 1752 766 1809 similiter
786 1767 905 1807 excom·
958 1755 1107 1814 coloniam
1128 1755 1166 1812 de
1182 1755 1295 1825 Salaro,
1309 1761 1339 1814 ct
1351 1755 1389 1813 de
1402 1756 1521 1814 cortina
1535 1762 1565 1814 el
1578 1756 1617 1814 de
1630 1754 1787 1824 Gradulsi3

37 1831 227 1916 iiilirssrnicuti,
239 1846 292 1921 qui
304 1862 357 1904 eas
368 1846 466 1903 celant
475 1849 503 1902 et
516 1844 623 1902 nolunt
634 1842 766 1899 indicare
780 1840 826 1897 vel
839 1856 903 1896 ma·
958 1846 1107 1904 colonium
1122 1847 1159 1903 nn
1171 1845 1261 1914 vulin,
1278 1850 1306 1904 ni
1327 1847 1365 1904 nn
1381 1849 1516 1904 pontana
1529 1852 1558 1905 ni
1572 1846 1609 1904 dn
1625 1850 1743 1916 sannio,
1761 1850 1790 1904 ui

31 1933 212 1991 ililllit'eslare
227 1933 373 1991 ministris
386 1936 434 1992 SS.
447 1933 634 2002 Petri,terras
644 1929 789 2003 ejusdem.
802 1932 905 1985 Erunt·
958 1937 1109 1994 coloniam
1134 1936 1171 1993 dc
1198 1936 1346 1994 coriliano
1373 1942 1402 1994 ct
1430 1937 1470 1994 de
1497 1941 1610 2006 Lauro,
1638 1937 1788 2011 simulque

31 2011 133 2082 “filliis
148 2023 249 2080 miseri
267 2022 299 2079 in
318 2022 433 2079 inferno
448 2019 584 2078 damnali
600 2035 670 2076 cum
682 2018 768 2086 ludu,
785 2016 836 2091 (1¹15
850 2019 904 2074 ΒΟ·
958 2025 1109 2084 coloniam
1133 2024 1171 2083 de
1194 2028 1274 2084 Casa
1296 2030 1389 2096 Nove,
1403 2027 1522 2086 colonia
1545 2027 1583 2085 de
1604 2027 1735 2085 Tribuno
1761 2030 1790 2084 et

31 2120 190 2171 urevunnin
211 2116 349 2192 ‚nmirum
372 2110 473 2184 impiis
497 2108 606 2166 luditis
632 2107 762 2178 tradidi,
784 2111 813 2164 θῑ
833 2122 903 2163 cum
958 2116 996 2173 de
1020 2118 1191 2189 masopane,
1207 2120 1236 2172 et
1255 2115 1406 2174 coloniam
1429 2116 1468 2174 de
1491 2119 1638 2174 Castanea
1659 2131 1738 2190 cupa
1762 2120 1791 2172 et

31 2211 46 2252 n
62 2197 172 2267 oriente,
184 2200 235 2272 qui
246 2199 347 2273 ipsum
362 2198 523 2256 Dominum
535 2197 623 2269 jussit
637 2195 781 2266 cruciligi,
793 2199 821 2252 et
833 2212 903 2252 cum
958 2203 995 2260 dn
1022 2203 1159 2272 conniis,
1182 2205 1332 2262 colonium
1360 2204 1398 2262 dn
1425 2205 1563 2274 cesario,
1588 2206 1651 2262 sive
1678 2203 1790 2277 quibus

32 2291 50 2342 cl
67 2288 196 2360 diffide·
212 2289 265 2362 qui
280 2305 311 2345 ὅθ
323 2289 424 2362 ipsum
438 2287 592 2354 interiecit,
607 2303 678 2343 cum
692 2285 739 2343 hit
754 2290 824 2341 sunt
838 2301 903 2342 onr-
959 2293 1024 2351 aliis
1047 2293 1203 2351 vocabulis
1227 2300 1452 2369 nuncupantur,
1473 2311 1543 2352 cum
1564 2293 1705 2352 omnibus
1728 2292 1791 2348 suis

31 2393 60 2434 ru
74 2379 126 2450 slus
151 2379 191 2436 illi
215 2379 355 2437 homines
374 2379 521 2450 damnati,
536 2378 587 2452 qui
603 2383 695 2434 terras
717 2379 745 2433 S.
762 2375 835 2432 Petri
852 2379 905 2432 Ro·
959 2383 1064 2452 vineis,
1081 2383 1231 2441 nnsuiinun
1259 2388 1289 2441 nt
1315 2384 1521 2458 appendiciis;
1550 2387 1579 2440 ui
1601 2399 1671 2441 num
1696 2382 1792 2439 omni.

31 2487 53 2526 es
68 2470 155 2543 praui
170 2469 344 2526 monasterii
368 2467 477 2541 injuste
498 2471 600 2524 tenent
615 2465 660 2522 vel
674 2465 790 2533 celant;
807 2465 906 2521 tradat
959 2471 1017 2528 bus
1041 2471 1153 2528 finibus
1176 2476 1205 2528 ni
1229 2472 1372 2540 numinis,
1388 2471 1544 2542 limitibus,
1560 2471 1669 2528 suffiunt
1693 2470 1789 2543 inni-13,

31 2564 122 2618 tolletis
151 2558 298 2616 Dominus
321 2561 493 2614 corruentes
522 2561 590 2613 ante
617 2555 718 2611 hostes
748 2570 830 2622 suos,
852 2569 907 2626 per
961 2559 1086 2634 numnis,
1100 2559 1206 2634 pruris,
1221 2559 1352 2632 pascuis,
1374 2559 1464 2632 silvis³
1489 2559 1610 2631 salinus,
1633 2558 1791 2616 nunni-ibus

31 2655 170 2710 tullinam
185 2649 266 2706 viam
280 2647 473 2720 egrediantur
486 2649 590 2703 contra
613 2661 665 2700 cos
678 2648 706 2700 et
724 2659 779 2717 per
792 2648 907 2716 septem
961 2647 1124 2724 pomiferis,
1149 2648 1305 2706 inuniiinns
1327 2653 1357 2706 nt
1380 2647 1582 2716 infructiferis,
1607 2647 1717 2704 din-nisi
1740 2662 1791 2718 ge.

31 2739 247 2812 iiurtgiuntab
262 2737 304 2796 eis
330 2741 359 2795 et
378 2736 591 2811 dispergentur
612 2750 666 2808 per
689 2733 792 2790 omnia
814 2749 907 2804 regnu
961 2738 1050 2806 neris,
1078 2737 1186 2813 puteis,
1209 2737 1352 2804 fontibus,
1376 2737 1457 2810 rivis,
1485 2737 1572 2812 aquis
1596 2735 1791 2812 perennibus,

31 2843 173 2900 luctulfus,
190 2829 286 2902 sitque
299 2825 430 2896 cadaver
451 2841 556 2883 eorum
567 2825 599 2880 in
614 2840 714 2881 escam
729 2823 842 2880 cunctis
857 2839 908 2880 vo·
963 2827 1105 2896 edificiis,
1120 2827 1285 2901 parietinis,
1301 2827 1455 2898 arenariis,
1476 2827 1636 2900 adjunctis,
1650 2825 1792 2898 adjacen-

32 2919 208 2989 ,nn-ltilibns
223 2917 289 2975 coeli
304 2915 442 2974 etbestiis
456 2918 551 2982 terroe,
563 2917 664 2970 etnon
680 2913 717 2969 sit
728 2912 778 2986 nui
794 2910 943 3000 abigatc
963 2916 1103 2990 libusque
1132 2915 1204 2985 suis,
1231 2921 1260 2973 ct
1284 2916 1441 2974 ecclesiam
1468 2913 1497 2972 S.
1522 2916 1630 2973 Andrae
1652 2913 1791 2989 apostoli,

31 3031 69 3083 ur
79 3009 224 3068 ernnust
237 3024 289 3065 eos
307 3005 451 3065 Dominus
467 3006 610 3075 amentia,
624 3008 654 3060 et
667 3003 797 3060 crecitate
811 3018 846 3060 ac
861 3001 908 3059 iu·
962 3005 1041 3063 inira
1054 3005 1152 3077 ipsam
1168 3020 1301 3062 massam
1315 3004 1505 3077 vedificmem,
1518 3021 1580 3063 una
1594 3021 1664 3062 cum
1677 3004 1792 3062 colonis

31 3115 145 3174 nestore
158 3099 285 3166 mentis3
309 3100 337 3153 et
357 3095 482 3170 palpent
502 3094 534 3150 in
549 3092 682 3161 meridie,
696 3090 771 3149 sicut
784 3091 909 3164 palpare
963 3099 1054 3168 atquo
1076 3094 1262 3162 massaritiis,
1279 3093 1440 3152 tributariis
1455 3098 1483 3152 ct
1498 3093 1715 3166 angarialibus,
1730 3108 1795 3150 ma-

31 3188 155 3268 ,nolu
170 3203 266 3244 caecus
281 3187 312 3243 in
326 3184 466 3256 tenebris,
482 3187 511 3242 et
523 3199 584 3240 non
603 3181 734 3254 dirigant
747 3181 811 3238 vias
826 3197 909 3252 suas,
964 3184 1053 3242 sculis
1068 3189 1097 3242 et
1110 3183 1239 3256 seminis,
1252 3182 1320 3241 filiis
1333 3189 1362 3241 et
1374 3183 1495 3242 filiabus
1508 3200 1544 3240 ec
1557 3183 1719 3257 nepotibus
1739 3181 1794 3238 ibi·

35 3277 222 3359 murmurque
237 3280 371 3350 tempore
383 3272 568 3333 calumniam
580 3272 756 3339 sustineant,
768 3275 797 3328 et
810 3269 910 3344 opprl·
963 3275 1034 3332 dem
1049 3274 1249 3332 residentibus
1264 3279 1317 3332 aut
1336 3274 1444 3332 exinde
1458 3273 1714 3348 provenientibus,
1729 3271 1794 3329 ubi-

31 3395 58 3452 „p
67 3372 202 3442 tuantur
211 3365 352 3424 violentia
365 3380 420 3422 nec
433 3361 745 3437 habeantquiliberet
754 3377 823 3429 eos;
838 3376 911 3416 uxo-
964 3381 1083 3440 nunqua
1109 3364 1221 3422 inventi
1248 3363 1366 3432 inerint,
1390 3368 1418 3420 nt
1442 3379 1512 3421 nuni
1538 3363 1621 3420 nnnni
1647 3377 1741 3419 nnnsu
1766 3364 1795 3417 ni

31 3475 127 3541 „peres
140 3457 290 3530 accipiant
310 3459 340 3512 et
362 3454 439 3512 alius
454 3452 583 3510 dormiat
597 3468 667 3509 crim
682 3451 724 3508 eis
739 3449 909 3508 videntibus
964 3453 1137 3512 dationibus
1164 3458 1254 3528 nique
1280 3453 1497 3526 flumininibus,
1518 3469 1574 3510 nnn
1601 3467 1663 3510 nnn
1692 3455 1731 3508 ni,
1744 3465 1796 3507 nn.

31 3540 146 3634 filiis.
164 3550 274 3605 Domus
289 3544 436 3602 aedificent
450 3548 478 3601 et
490 3559 552 3600 non
566 3541 702 3599 habitent
713 3539 744 3597 in
759 3540 811 3597 cis.
826 3539 910 3596 Plan·
964 3544 1055 3616 guriis
1068 3543 1285 3618 pertinentibus
1306 3543 1409 3616 positis
1430 3543 1461 3601 in
1476 3541 1621 3600 territorio
1636 3540 1793 3614 Nepesino,

33 3689 41 3724 r
49 3643 140 3720 ,3tent
155 3637 258 3695 vineas
271 3640 298 3693 el
313 3651 375 3692 non
388 3633 574 3691 vindemient
587 3648 647 3689 ees.
663 3633 696 3688 Et
710 3630 830 3687 veniant
843 3645 909 3685 om·
964 3632 1136 3692 milliarium
1152 3633 1192 3690 ab
1207 3633 1280 3690 urbe
1296 3635 1396 3691 Romae
1424 3632 1539 3706 viginti,
1553 3648 1591 3689 ex
1604 3647 1730 3706 corpore
1744 3645 1796 3706 pa-

31 3760 63 3820 ,p
75 3747 132 3790 nes
145 3725 370 3786 meledictiones
382 3725 445 3782 isle
460 3727 490 3780 et
503 3722 605 3779 multe
620 3721 685 3778 alim
700 3736 790 3794 super
804 3735 910 3777 omnes
965 3721 1095 3780 trimonii
1107 3723 1240 3780 Thuscim
1248 3722 1325 3795 juris
1339 3725 1367 3780 S.
1378 3728 1489 3780 nostres
1503 3723 1648 3780 nomene
1661 3720 1722 3794 (cui
1736 3722 1796 3777 lieo

37 3807 61 3906 Τ
75 3819 220 3878 homines
234 3815 287 3890 qui
301 3821 394 3872 terras
407 3815 436 3872 S.
453 3812 527 3870 Petri
542 3810 671 3868 Romani
685 3807 857 3866 monasterii
869 3807 912 3864 in·
967 3816 1088 3868 auctore
1100 3809 1309 3883 presidemus)
1325 3809 1471 3877 Ecclesiae,
1485 3814 1514 3865 et
1536 3809 1612 3864 inter
1626 3806 1744 3877 affines,
1757 3805 1796 3862 ab

74 3911 157 3982 juste
173 3909 282 3974 tenent,
296 3903 344 3961 vel
355 3901 409 3977 qui
423 3917 474 3960 eas
486 3900 592 3969 celant,
608 3897 666 3955 nisi
682 3897 739 3955 cito
754 3897 794 3954 ad
809 3911 911 3954 emen·
965 3915 1027 3957 uno
1050 3899 1152 3968 latere,
1167 3903 1245 3955 terra
1258 3896 1433 3956 monasterii
1445 3898 1474 3954 S.
1490 3895 1633 3968 Stephani
1646 3893 1798 3952 ilinorisa

31 4052 47 4073 τ
76 3997 237 4056 dationem
246 3993 369 4052 venerit.
965 3989 994 4045 S.
1008 3990 1101 4055 Petro,
1118 3991 1157 4055 et,
1169 3985 1303 4042 secundo
1316 3984 1418 4054 latere,
1429 3982 1504 4040 silva
1518 3986 1548 4039 ct
1559 3986 1637 4039 terra
1648 3996 1717 4055 qum
1728 3984 1799 4038 sunt

473 4082 518 4139 lV.
966 4077 1003 4135 de
1023 4077 1139 4133 Joanne
1166 4072 1375 4146 grammatico,
1391 4076 1461 4130 cta
1488 4071 1573 4128 tertio
1600 4070 1702 4142 latere,
1729 4085 1798 4144 pas-

76 4179 214 4236 ioonaes
224 4175 296 4232 xlx
303 4171 444 4230 Ecclesia
453 4170 544 4227 Silva
554 4165 911 4237 Condidepossessiorrcs,
968 4165 1065 4224 teritis
1079 4162 1202 4232 ironica,
1217 4167 1247 4220 et
1261 4178 1279 4221 a
1293 4164 1401 4236 quarto
1425 4161 1527 4230 latere,
1543 4175 1648 4218 massa
1661 4158 1798 4219 Claudia·

37 4261 49 4270 “’
217 4268 333 4337 petente
348 4263 437 4320 Petro
452 4260 597 4330 episcopo,
611 4256 779 4325 continuat.
968 4271 1018 4313 na.
1041 4255 1174 4326 Itemque
1200 4249 1393 4309 concedimus
1417 4255 1446 4308 et
1469 4249 1687 4309 confirmamus
1711 4249 1798 4308 vobis

395 4351 493 4424 (Anno
509 4350 600 4416 lotii.)
969 4344 1098 4403 fundum
1117 4343 1148 4399 in
1169 4342 1329 4414 integrum,
1343 4341 1396 4416 qui
1417 4345 1541 4399 vocatur
1564 4343 1675 4410 liunus,
1690 4341 1722 4398 in
1735 4354 1798 4414 quo

262 4444 405 4516 [dunecan
419 4439 513 4496 Italia
528 4437 636 4507 Sucro,
652 4439 673 4492 l.
690 4436 734 4507 aa]
967 4433 1093 4494 basilica
1114 4433 1164 4491 SS.
1187 4429 1301 4489 llufinae
1322 4436 1351 4489 ct
1377 4432 1522 4490 secundm
1544 4434 1714 4488 constructa
1732 4443 1799 4484 esse

116 4537 241 4592 torreas
256 4530 425 4604 episcopus,
442 4541 546 4584 servus
561 4539 716 4582 servorum
732 4522 791 4596 liei,
806 4520 913 4580 dilecto
969 4523 1096 4587 videtur,
1121 4525 1150 4580 ct
1175 4519 1305 4579 fundum
1338 4519 1371 4578 in
1410 4521 1571 4592 integrum,
1598 4518 1651 4592 qui
1674 4518 1800 4572 vocatur

31 4615 32 4620 ’
82 4622 144 4678 ¹'tio
159 4625 261 4688 Pereo,
277 4617 395 4675 Domini
409 4614 515 4688 gratim
530 4613 672 4689 episcopo
696 4610 781 4669 Silvae
806 4609 913 4669 Candi-
969 4617 1138 4681 Artronum,
1153 4615 1182 4669 et
1195 4614 1329 4669 montem
1354 4608 1487 4679 Jordeni,
1508 4624 1577 4665 cum
1598 4605 1687 4674 cesis,
1702 4601 1798 4660 vineis

81 4728 130 4770 oze
146 4707 292 4775 Ecclesiae,
308 4711 336 4764 et
349 4721 403 4779 per
417 4709 444 4762 te
459 4703 556 4760 eidem
577 4699 742 4758 venerabili
762 4697 914 4774 episcopio
969 4705 997 4758 ct
1024 4700 1121 4770 terris,
1144 4699 1236 4771 silvis,
1264 4699 1378 4756 cultum
1405 4702 1434 4754 et
1461 4695 1618 4763 incultum,
1639 4707 1702 4749 una
1729 4707 1800 4748 oum

31 4855 32 4858 ,
80 4796 372 4870 successoribusque
385 4793 444 4851 tuis
457 4791 608 4868 episcopis
623 4791 655 4848 in
670 4793 859 4864 perpetuum.
970 4790 1060 4848 servis
1086 4788 1260 4858 clenodiis,
1286 4791 1376 4860 atque
1392 4785 1505 4843 colonis
1531 4783 1645 4840 ibidem
1669 4779 1799 4838 residen-

120 4888 265 4950 convenit
290 4883 454 4960 apostolico
479 4881 680 4942 moderamini
702 4880 754 4954 pia
772 4877 914 4950 religione
970 4879 1048 4936 tibus
1075 4878 1230 4951 utriusque
1257 4891 1347 4932 sexus
1374 4879 1404 4932 et
1429 4872 1533 4943 utatis,
1562 4871 1610 4928 vel
1641 4886 1712 4927 cum
1737 4884 1801 4925 om·

78 4976 268 5058 pollentibus
291 4971 438 5034 benevola
458 4970 669 5044 compassione
688 4985 871 5040 succurrere,
887 4973 916 5026 et
969 4967 1066 5042 nibus,
1082 4982 1187 5024 eorum
1208 4961 1436 5038 pertinentibus,
1453 4961 1521 5029 situ,
1544 4958 1691 5017 territorio
1716 4956 1800 5015 Silvae

31 5058 34 5064 ’
77 5072 275 5148 poscentium
286 5063 394 5124 animis
402 5060 657 5122 alacridevotione
665 5060 808 5135 impertiri
815 5075 917 5118 assen·
970 5053 1122 5126 Candidis,
1138 5055 1167 5109 et
1179 5050 1257 5108 inter
1269 5049 1385 5120 affines,
1401 5047 1532 5123 aprime
1544 5044 1645 5116 latere,
1659 5049 1736 5103 terra
1749 5059 1800 5101 su·

77 5178 162 5220 sum,
173 5165 214 5219 Ex
224 5162 282 5218 hoc
292 5155 374 5214 enim
382 5150 457 5210 lucri
465 5148 659 5225 potissimum
666 5149 825 5223 proemium
832 5148 916 5223 apud
969 5141 1106 5218 predicte
1130 5143 1159 5197 S.
1174 5137 1328 5214 episcopii,
1344 5135 1508 5194 asecundo
1526 5135 1627 5204 latere,
1642 5133 1733 5203 rivus,
1746 5131 1801 5207 qui

31 5237 32 5240 ’
76 5242 432 5307 Conditorernomnium
446 5243 541 5298 Deum
554 5235 803 5311 promerebimus,
817 5251 915 5310 quan·
969 5234 1096 5289 vocatur
1111 5228 1235 5300 Galeria,
1251 5243 1270 5286 a
1295 5227 1379 5284 terlio
1397 5225 1500 5294 latere,
1515 5223 1634 5296 Bibaro,
1650 5239 1668 5281 e
1690 5225 1799 5296 quarto

70 5339 122 5397 do
136 5331 403 5423 venerabiliaxloca
417 5331 588 5404 opportuna
607 5325 745 5384 ordinata
759 5325 798 5381 ed
812 5323 915 5383 melio·
969 5323 1071 5395 latere,
1086 5317 1242 5394 Criptu1m;
1258 5332 1386 5375 necnon
1398 5315 1527 5374 iundum
1537 5313 1569 5372 in
1578 5315 1738 5387 integrum,
1747 5313 1801 5386 qui

68 5445 148 5488 rem
164 5426 348 5486 luerintsinn
358 5419 570 5478 dubiostatum
580 5414 734 5491 perducta.
746 5413 917 5488 igiturquia
970 5411 1078 5470 dicitur
1093 5411 1174 5467 lions
1189 5410 1316 5477 Aureus,
1330 5422 1399 5464 cum
1414 5403 1555 5464 omnihus
1570 5403 1633 5461 suis
1648 5401 1799 5479 pertinen·

67 5515 271 5578 dileetiotun
281 5519 364 5576 filiun
388 5501 916 5586 nispostulavitquetcnusconcede·
970 5498 1027 5570 tiis,
1041 5498 1081 5558 ab
1095 5513 1157 5556 uno
1178 5496 1270 5556 latere
1291 5511 1380 5554 mons
1394 5494 1447 5572 qui
1466 5497 1592 5552 vocatur
1604 5491 1765 5563 terdenus,
1780 5507 1808 5568 a

66 5623 187 5674 nemus
200 5612 228 5671 nt
240 5608 492 5791 nnnnnanus
501 5595 554 5658 tibi
564 5599 675 5674 tuoque
684 5591 917 5672 venerabiliepi-
971 5587 1105 5678 secundo
1129 5588 1232 5664 latere,
1253 5585 1403 5664 criptula,
1431 5600 1450 5650 a
1475 5585 1559 5648 tertio
1583 5582 1675 5646 latere
1698 5581 1798 5664 casale

458 5795 474 5845 l
