4002 6174
207 138 258 191 ill
898 115 1063 183 uoluentis
1081 119 1223 180 lantrat
1859 118 1908 172 tte

205 263 346 333 quatuor,
366 261 395 321 et
406 256 539 319 similiter
549 253 685 324 signabis
699 255 839 327 quartam
862 253 895 308 D.
923 249 1035 308 Eodem
1048 246 1073 303 A
1091 244 1172 302 ciunt
1186 243 1297 304 similes
1311 259 1402 302 sonos
1415 247 1444 299 et
1457 240 1621 299 concordes
1632 255 1770 308 neumas,
1781 239 1813 296 in
1822 255 1912 314 quan-

205 349 298 414 modo
313 349 389 404 sieut
403 363 472 403 eum
484 345 582 420 prima
594 345 770 411 inventnest
783 347 902 418 quarta,
914 342 1035 402 ltacnm
1090 339 1154 396 tum
1178 335 1309 395 similiter
1331 335 1501 392 elevantum
1525 331 1571 388 rel
1595 331 1787 405 deponuntur
1809 346 1910 387 sccun-

205 437 338 504 sacunda
352 434 485 500 invenies
498 438 519 500 Ε
532 434 681 508 quintam,
695 439 725 492 et
739 451 808 492 eum
824 431 908 496 tertie
931 433 950 486 F
970 444 1034 484 sex·
1088 423 1162 480 dum
1190 423 1409 498 depositionem
1440 427 1581 478 tonorum
1608 424 1637 478 et
1664 419 1909 479 semitoniorum:

204 531 277 592 tam,
293 529 403 582 etcum
417 529 526 598 quarta
541 527 573 590 G,
590 525 760 598 septimam.
781 521 892 582 Deinde
915 518 1033 578 rediens
1086 516 1192 586 utputa
1206 513 1306 586 prime
1319 529 1377 570 vex
1391 515 1414 568 Α
1429 516 1458 570 ct
1470 515 1578 584 quarta
1600 513 1621 566 tt
1645 508 1756 566 similes
1780 513 1808 566 et
1826 509 1911 566 unius

203 615 425 688 adprimamd
441 615 562 689 abipsa
582 615 733 690 usquead
757 614 850 672 linem
877 611 908 674 in
932 609 1032 672 medio
1085 602 1169 660 modi
1184 602 1334 672 dicuntur,
1349 601 1402 675 qui
1417 605 1542 674 utraque
1563 599 1594 656 in
1608 596 1796 672 depositione
1809 603 1911 656 tonum

202 703 299 778 spatio
312 704 447 767 inuenies
460 705 585 770 alteram
596 705 726 779 primam
738 721 767 774 a,
779 709 807 762 et
818 701 952 764 similiter
962 716 1032 759 eum
1085 690 1117 750 in
1131 691 1296 750 elevatione
1307 707 1378 748 vero
1393 689 1507 748 habent
1520 694 1626 746 tonum
1640 693 1669 744 et
1683 687 1873 746 semitonium
1886 691 1912 744 et

206 795 342 854 secunda
366 795 498 860 invenies
521 796 644 858 alteram
670 795 834 854 secundam
861 792 891 859 h,
915 794 943 848 et
961 805 1031 846 eum
1085 781 1163 844 duos
1187 786 1286 840 tenos.
1308 785 1402 856 Atque
1425 781 1489 838 haec
1511 783 1557 835 est
1578 778 1676 852 prima
1700 776 1862 834 similitudo
1882 775 1910 832 in

200 885 286 950 lertio
299 886 416 948 tertiam
431 903 457 956 e,
473 886 513 946 sio
526 889 555 946 et
568 886 606 944 de
620 885 743 959 reliquls
757 883 797 944 ad
812 881 953 940 eumdem
968 895 1031 936 mo-
1084 870 1220 940 vocibus,
1235 871 1294 928 hoc
1306 873 1360 938 est,
1376 869 1492 944 primus
1504 867 1624 924 modus.

199 974 275 1034 dum
288 990 343 1048 per
355 975 513 1049 diapason.
529 977 562 1032 m
575 980 609 1032 ut
622 974 660 1034 de
674 972 818 1031 divisione
832 967 1031 1029 monochordi
1121 960 1276 1019 Secundus
1287 959 1399 1020 modus
1414 965 1458 1017 cst
1478 959 1510 1016 in
1524 956 1658 1015 secunda
1672 959 1692 1012 B
1705 960 1735 1012 et
1756 955 1788 1014 in
1808 955 1911 1028 quinta

198 1063 230 1125 iu
244 1064 349 1137 paucis
367 1064 461 1124 multa
473 1064 689 1134 constringam,
710 1077 817 1122 omnes
836 1059 898 1120 toni
921 1073 1030 1116 novem
1084 1051 1114 1110 E.
1126 1049 1332 1108 Habentenim
1347 1053 1474 1123 utraque
1484 1048 1515 1106 in
1529 1045 1714 1121 depositione
1726 1045 1803 1102 duos
1813 1049 1909 1118 tonos,

199 1154 239 1216 ad
252 1154 344 1216 finem
356 1153 499 1228 passibus
514 1159 645 1212 eumont.
661 1153 853 1210 Dialessaron
866 1165 937 1206 vero
950 1164 1029 1206 sem·
1082 1140 1114 1204 in
1128 1139 1292 1198 elevatione
1300 1138 1491 1200 semitonium
1504 1137 1719 1196 etduostonos.
1730 1135 1843 1193 Tertius
1852 1150 1911 1197 mo·

198 1259 252 1317 per
264 1247 394 1317 quatuor
410 1259 521 1317 passus
534 1242 614 1310 iacit,
630 1242 770 1315 diapente
790 1245 858 1307 tres,
874 1243 903 1296 et
926 1237 1029 1312 diape-
1083 1229 1140 1286 dus
1163 1229 1253 1288 estin
1268 1229 1353 1289 tertia
1372 1231 1393 1286 G
1407 1233 1436 1285 et
1449 1227 1480 1284 in
1496 1231 1579 1283 sexta
1594 1227 1633 1295 F3
1659 1225 1757 1282 ambre
1772 1224 1854 1280 enim
1871 1241 1911 1280 se·

198 1349 253 1391 sen
265 1331 353 1405 duos,
365 1333 439 1406 qula
453 1332 501 1395 his
516 1336 633 1392 tantum
648 1335 778 1404 quatuor
792 1327 955 1386 dividimus
966 1342 1030 1382 mo
1082 1318 1207 1379 milonio
1222 1322 1250 1378 et
1264 1317 1384 1376 duobus
1400 1316 1477 1374 tonis
1493 1315 1689 1382 descendunt,
1705 1313 1826 1370 duobus
1842 1329 1911 1370 vere

198 1422 254 1482 dis.
269 1422 382 1482 Deinde
394 1426 475 1490 nom,
492 1421 575 1495 quod
594 1421 670 1479 inter
683 1419 848 1478 secundam
863 1421 892 1476 et
911 1416 1029 1476 ternam
1082 1409 1160 1464 tonis
1179 1407 1355 1465 escendunt.
1383 1407 1451 1466 sola
1474 1422 1544 1462 vero
1570 1403 1699 1478 septima
1723 1404 1744 1459 G
1770 1407 1911 1476 quartum

197 1511 345 1570 vettium
366 1512 504 1585 quintam
529 1517 557 1568 et
584 1515 699 1568 sextam
727 1507 909 1582 parvissima
935 1506 1030 1578 spatia
1082 1497 1208 1556 modum
1221 1497 1300 1564 facti,
1320 1513 1389 1570 que
1403 1495 1434 1552 in
1448 1493 1633 1569 depositione
1658 1509 1754 1550 unum
1769 1495 1912 1550 tonumet

178 1597 279 1672 nem,
304 1616 373 1672 que
398 1599 557 1658 semitonia
582 1600 745 1664 vocantu1·;
766 1595 842 1656 inter
860 1593 935 1654 aues
958 1609 1028 1654 vero
1048 1585 1275 1670 eremitorium
1288 1589 1316 1644 et
1330 1585 1407 1642 duos
1418 1589 1517 1653 tonos,
1533 1583 1565 1639 in
1578 1583 1743 1642 novamne
1753 1596 1822 1638 voro
1837 1581 1910 1640 duos

195 1705 285 1748 voces
300 1688 417 1760 majora
428 1686 585 1746 intervalla
597 1685 683 1756 fiunt,
694 1689 723 1741 et
735 1684 876 1745 dicuntur
890 1683 952 1742 toni
967 1687 991 1743 Α
1006 1686 1026 1742 t.
1082 1675 1173 1738 habet
1187 1680 1275 1733 tonos
1290 1680 1318 1734 et
1333 1674 1535 1732 semitonium.

197 1782 217 1840 B
231 1796 257 1840 s.
273 1781 293 1836 C
307 1782 328 1837 t.
343 1781 365 1838 lt
378 1782 398 1836 t.
415 1780 436 1832 E
451 1793 474 1833 s.
489 1779 518 1834 F.
535 1780 554 1836 t.
572 1777 593 1832 G
605 1780 624 1831 t.
1118 1768 1152 1824 Et
1164 1765 1217 1838 qui
1231 1764 1318 1838 plene
1333 1762 1483 1822 exercitati
1498 1761 1610 1820 suntin
1625 1763 1682 1820 hac
1697 1765 1769 1830 arte,
1785 1764 1911 1833 possunt

231 1869 401 1937 iunguntur
427 1865 467 1924 ad
495 1881 527 1922 se
554 1864 683 1926 invicem
715 1877 802 1919 voees
835 1877 887 1920 sex
918 1859 1027 1928 modis,
1082 1853 1343 1928 unamquamlibet
1355 1853 1571 1926 symphoniam
1591 1851 1758 1908 secundum
1768 1850 1826 1907 hos
1841 1866 1911 1923 qua-

198 1961 280 2027 tenu,
296 1955 463 2024 semitonio,
484 1953 598 2022 mione,
614 1951 804 2023 semiditono,
828 1951 1027 2018 diatessaron,
1081 1950 1149 2003 tuor
1163 1945 1278 2002 variare
1292 1943 1411 2014 modoS,
1426 1941 1647 2017 utputa,siquis
1658 1957 1752 2000 unam
1766 1940 1909 2014 sympho-

196 2045 344 2118 diapente.
361 2045 401 2102 De
420 2047 490 2105 tono
519 2048 621 2100 eutem
642 2046 671 2100 et
689 2040 847 2100 semitonio
873 2055 965 2112 supra
985 2038 1029 2096 di·
1081 2033 1164 2092 niam
1177 2033 1309 2107 primum
1322 2033 1353 2088 in
1369 2049 1441 2089 voce
1455 2034 1553 2104 prime
1567 2037 1601 2102 d,
1615 2035 1644 2092 et
1654 2034 1759 2104 postea
1773 2029 1910 2089 eamdem

195 2135 305 2202 ximus
322 2133 445 2192 llitonus
463 2137 565 2195 autem
588 2136 646 2203 est,
665 2132 740 2191 dum
754 2131 830 2192 inter
844 2130 921 2194 duas
939 2144 1028 2190 voces
1080 2121 1204 2196 incipiat
1217 2122 1248 2180 in
1260 2138 1332 2182 voce
1346 2120 1490 2192 secunda,
1501 2119 1747 2178 dehincintertia.
1759 2121 1792 2179 Et
1807 2135 1910 2178 secun·

197 2225 260 2284 duo
274 2229 343 2288 sunt
358 2224 429 2294 toni,
446 2228 479 2288 ut
491 2223 566 2281 inter
589 2221 707 2280 tertiam
722 2223 750 2276 et
765 2219 913 2294 quintam,
934 2223 963 2278 ct
984 2233 1028 2278 re·
1081 2213 1156 2271 dum
1169 2211 1253 2286 quod
1266 2212 1341 2285 ipses
1364 2227 1454 2268 voces
1466 2210 1617 2268 diversam
1637 2209 1750 2270 habent
1771 2213 1911 2269 tenorum

196 2314 305 2388 liques.
1081 2304 1111 2360 et
1133 2300 1359 2360 semitoniorum
1379 2299 1569 2373 positionem,
1583 2299 1626 2356 sie
1640 2298 1843 2359 variismodis
1866 2314 1910 2354 se-

234 2402 434 2463 Semiditouus
449 2405 550 2465 aulem
571 2399 689 2468 dicitur,
714 2397 786 2477 quia
806 2397 905 2457 minor
924 2400 968 2455 est
986 2395 1029 2454 di·
1082 2390 1216 2448 eundum
1246 2389 1484 2464 uniuscujusque
1511 2388 1724 2461 proprietatem
1752 2404 1822 2448 eam
1846 2403 1912 2460 pre

197 2495 280 2562 tone,
294 2491 450 2555 euminter
462 2489 539 2554 duas
555 2488 771 2564 eliquasvoces
788 2490 832 2546 est
845 2502 924 2545 unus
939 2490 1028 2544 tonus
1082 2479 1206 2546 nuntiet.
1236 2478 1323 2549 Quod
1346 2478 1470 2553 quidem
1492 2477 1589 2539 faeere
1607 2476 1694 2534 valde
1711 2481 1756 2538 cst
1781 2475 1862 2546 utile,
1886 2481 1912 2532 et

197 2585 225 2648 ei
239 2597 334 2643 uuum
350 2579 553 2650 semitonium,
569 2581 591 2634 [t
607 2584 626 2634 t.
644 2580 664 2636 E
680 2594 703 2634 s.
721 2580 750 2633 F.
765 2576 955 2634 diatessaron
977 2591 1026 2632 au·
1081 2569 1169 2628 valde
1183 2568 1279 2640 focile,
1295 2569 1353 2627 hec
1372 2569 1464 2624 modo
1480 2585 1487 2628 ς

196 2674 257 2735 iem
272 2669 582 2740 diciturdcpuutuor,
599 2664 1028 2739 cuminteraliquamvocem
1235 2663 1257 2718 l)
1285 2659 1349 2717 PG
1397 2661 1420 2720 G
1458 2661 1515 2716 GG
1543 2659 1564 2718 G
1602 2674 1620 2716 a
1653 2659 1732 2714 FED

197 2763 226 2826 et
238 2762 378 2836 quartam
389 2773 407 2814 a
417 2773 448 2818 se
458 2757 520 2816 duo
529 2760 598 2814 sunt
608 2755 680 2824 toni,
689 2759 718 2812 et
728 2771 823 2814 unum
835 2752 1027 2811 semitonium
1223 2752 1265 2808 Tu
1278 2748 1371 2808 Patris
1386 2748 1585 2821 sempiternus
1599 2763 1632 2804 es
1648 2746 1748 2804 Filius.

197 2843 936 2922 1)tiislt.tl.[tiapentcdiciturdeqeinqua
956 2859 1027 2901 eum
1234 2857 1255 2910 Ε
1285 2856 1345 2910 (32
1395 2869 1414 2910 a
1457 2868 1513 2909 aa
1544 2867 1563 2909 a
1598 2830 1725 2944 mqpp

195 2939 272 3004 inter
292 2936 426 3010 aliquam
447 2950 551 2998 vocem
573 2937 601 2990 et
623 2933 761 3006 quintam
784 2949 802 2990 a
825 2949 856 2990 se
876 2936 936 2988 tres
957 2935 1065 3035 suntn
1222 2965 1264 3019 Tu
1278 2962 1370 3018 Patris
1385 2959 1585 3034 sempiternus
1597 2976 1628 3016 es
1644 2960 1743 3016 Filius·

195 3025 421 3095 monstenem
439 3021 641 3086 semitonium.
670 3025 763 3086 ΜΕ
784 3024 845 3080 sl*
868 3027 887 3078 t.
914 3023 977 3078 Gt.
996 3037 1024 3079 a,

196 3116 261 3178 Non
286 3111 380 3182 aliter,
404 3127 497 3186 quam
521 3111 567 3168 his
589 3127 641 3168 sex
663 3110 772 3179 modis,
798 3125 888 3167 voces
913 3109 1025 3184 junctee
1233 3071 1254 3126 F
1290 3057 1356 3151 affl
1396 3057 1426 3156 m
1467 3051 1615 3162 mm
1646 3067 1727 3125 &CF

196 3200 380 3259 concordant
402 3200 448 3256 vel
463 3205 621 3256 moventur
634 3218 641 3268 ;
664 3203 753 3272 atquc
769 3199 800 3255 hi
815 3197 955 3255 dicuntur
974 3214 1025 3254 sex
1221 3181 1264 3236 Tu
1278 3175 1370 3234 pallis
1385 3173 1582 3246 sempllflffllls
1597 3185 1628 3228 ⁰⁵
1643 3169 1741 3227 Filius·

195 3287 620 3363 motusvocum,qnihusad
645 3286 826 3344 seinvicem
849 3301 1026 3344 voceseon-
1233 3284 1255 3340 G
1283 3271 1345 3364 hle
1400 3295 1416 3336 c
1452 3294 1505 3338 ee
1542 3293 1558 3333 e
1594 3275 1616 3334 d
1643 3277 1729 3334 bet}

195 3377 321 3446 condant
338 3375 386 3434 vel
409 3381 578 3435 moventur.
602 3379 643 3433 Ea
665 3393 737 3434 vero
759 3375 930 3445 concordia,
957 3391 1025 3450 quae
1220 3391 1263 3444 pu
1275 3386 1367 3444 patris
1380 3385 1580 3458 sempiternus
1594 3401 1627 3442 θ,
1642 3383 1739 3441 ῇῃῃς,

195 3471 241 3528 est
268 3467 344 3524 inter
370 3482 494 3538 gravem
520 3465 653 3540 aliquam
680 3463 808 3522 litteram
832 3466 861 3521 et
885 3461 1025 3521 eamdem
1115 3477 1206 3548 qgitm·
1219 3476 1334 3533 curiose
1349 3479 1393 3532 est
1410 3474 1629 3532 intendendum
1651 3473 1690 3530 ,10
1711 3471 1794 3529 omni
1818 3471 1909 3541 molo,

195 3561 327 3658 scillam,
350 3553 426 3618 sicul
438 3571 457 3611 ἃ
468 3554 566 3655 prima
581 3555 611 3611 iu
627 3555 768 3652 Plifflamg
789 3553 870 3609 vela
893 3551 1026 3610 Sessllssdfl
1079 3566 1246 3622 seeundum
1261 3564 1434 3636 cuiusmodi
1448 3564 1661 3637 proprietatem
1677 3567 1773 3632 sonet,
1797 3561 1910 3618 sivein

194 3661 226 3702 1¹1
248 3643 422 3712 secundam,
450 3643 598 3718 diapason
620 3643 736 3710 dieitur,
760 3641 792 3698 ld
811 3646 855 3697 esi
875 3641 911 3698 dt
934 3641 1025 3696 Omni·
1078 3654 1226 3728 principio
1239 3653 1300 3710 sive
1313 3654 1343 3710 in
1357 3653 1428 3726 fine,
1443 3653 1585 3726 quamvis
1601 3650 1638 3709 de
1654 3651 1718 3708 solo
1737 3649 1797 3706 tlne
1811 3651 1910 3708 dicere

197 3732 463 3796 bue;habetcnim
484 3747 589 3790 omncs
612 3747 711 3799 voces,
734 3734 763 3785 et
785 3733 870 3787 tonos
891 3727 1025 3807 quinque
1080 3743 1241 3801 soleamus,
1261 3743 1406 3810 Quaedam
1428 3747 1529 3799 amem
1549 3757 1667 3798 neum
1681 3745 1805 3815 ,epm
1829 3743 1910 3806 sung·

196 3841 266 3892 cum
292 3823 412 3888 duobus
434 3820 611 3890 semitoniis¹
639 3819 697 3876 hoc
722 3823 778 3890 est,
796 3819 983 3876 diatessaron
998 3822 1027 3874 et
1079 3849 1211 3908 quarum
1237 3833 1404 3910 aptitudine
1430 3832 1489 3889 hoo
1517 3831 1649 3888 solemus
1677 3830 1841 3904 mmm,
1868 3833 1911 3886 ut„

196 3911 344 3986 diapente.
361 3913 427 3970 llaec
442 3911 591 3986 diapason
612 3909 644 3966 in
662 3912 781 3965 tentum
804 3906 968 3965 concerdes
983 3905 1026 3962 fa·
1079 3927 1169 4013 90193

195 4002 234 4060 cit
245 4018 346 4072 voces,
362 4006 395 4059 ut
406 4017 468 4068 uon
478 4017 529 4058 cas
538 3999 676 4057 dicamus
688 3997 810 4066 similes,
825 3997 878 4054 sed
892 3994 1024 4053 easdem.

196 4094 307 4150 Omnes
322 4095 424 4151 autem
436 4105 527 4148 voees
541 4088 573 4147 in
586 4091 704 4148 tantum
718 4091 788 4145 sunt
803 4085 923 4156 similes,
939 4089 968 4142 et
982 4085 1026 4143 la-

588 4283 609 4395 ἓ
662 4353 682 4398 a
736 4352 756 4398 a
809 4335 830 4388 r
1141 4277 1349 4425 agerGaG

589 4412 615 4490 n,
785 4403 1135 4498 G.EGFE⁰¹’.GF
1205 4405 1226 4459 Ε

570 4482 704 4536 Primum
722 4480 849 4551 quoerrte
867 4490 996 4548 regnum
1009 4475 1061 4531 Der
1328 4475 1349 4529 li
1378 4475 1412 4601 ΕΒ

1359 4405 1381 4457 F

590 4689 756 4765 olene
793 4707 838 4762 nr
873 4707 958 4763 cerr
994 4707 1015 4761 r
1046 4635 1167 4796 ¹31an
1291 4705 1371 4794 Err
1514 4707 1535 4762 r

592 4778 763 4840 Secundum
774 4776 1038 4842 autemsimileest
1050 4777 1119 4836 huic
1182 4777 1203 4834 D
1219 4811 1240 4864 Ο
1255 4777 1277 4830 n
1327 4777 1348 4831 n
1376 4776 1397 4830 Ε
1410 4813 1462 4900 nc
1476 4813 1498 4867 D
1513 4813 1545 4867 D·

199 5063 274 5118 cum
288 5058 370 5116 enim
383 5057 467 5114 finito
481 5054 583 5129 alique
596 5057 688 5111 cantu
705 5052 785 5110 hone
795 5067 940 5112 neumam
959 5053 1025 5125 ejus
1039 5066 1061 5120 ι]
1081 5052 1141 5122 uis,
1157 5051 1267 5125 quein
1281 5051 1388 5110 eodem
1401 5067 1476 5110 sono
1491 5051 1603 5125 incipit,
1612 5053 1677 5110 hnc
1685 5053 1800 5128 possuit
1809 5053 1907 5115 simili·

199 5147 231 5202 in
245 5145 304 5210 tlne
317 5146 395 5202 hene
409 5144 518 5202 videris
531 5140 702 5213 convenire,
726 5141 827 5200 stetim
852 5156 1025 5212 cognosces,
1079 5145 1134 5211 ter,
1143 5140 1345 5214 etaliquando
1354 5140 1461 5199 metius
1470 5139 1728 5214 tiericujusenim
1738 5142 1908 5216 medisym-

199 5235 272 5308 quie
287 5239 393 5291 emtus
406 5233 455 5289 ille
468 5233 569 5290 tinitm
584 5231 622 5288 sit
633 5231 664 5287 in
680 5230 778 5304 primo
798 5229 901 5302 modo,
916 5234 945 5290 et
968 5230 1026 5304 pri·
1079 5229 1346 5304 phoniisqneelihet
1357 5229 1539 5304 symphonia
1545 5234 1674 5304 aptntm,
1682 5231 1906 5304 eiusmodieme

200 5339 252 5380 me
264 5323 310 5379 vel
320 5326 430 5394 quarto
441 5337 516 5378 sono
528 5340 535 5390 3
549 5320 622 5394 quin
633 5320 665 5378 in
679 5319 725 5378 his
739 5319 861 5380 duobus
877 5319 958 5381 senis
970 5319 1027 5393 pri·
1080 5318 1270 5390 cognoscitur
1281 5337 1287 5374 :
1298 5318 1401 5392 sicque
1410 5319 1558 5390 intelligis
1566 5319 1686 5377 anhene
1697 5320 1830 5395 aliquam
1838 5335 1907 5377 neu·

200 5427 270 5470 mus
283 5415 327 5468 est
340 5410 460 5466 modus.
1080 5424 1163 5464 mam
1177 5407 1363 5481 pronunties,
1380 5424 1450 5464 eum
1461 5424 1529 5465 eam
1537 5409 1687 5480 ejusmodi
1708 5409 1903 5483 symphoniis,

233 5500 301 5558 Sola
315 5502 415 5555 autem
427 5498 484 5553 hac
499 5513 610 5554 neuma
624 5496 756 5552 solemus
774 5496 906 5568 primum
921 5501 1026 5554 tonum
1079 5497 1111 5553 in
1125 5513 1186 5570 qno
1199 5497 1291 5554 modo
1301 5498 1508 5569 notataiuerit,
1521 5503 1722 5572 competenter
1732 5499 1828 5573 aptari
1839 5514 1905 5555 con-

199 5585 1041 5679 discerncre,quamviscumellaqualicunqucsympltm¹
1080 5587 1221 5660 spexeris.
1229 5591 1303 5646 Nota
1311 5587 1835 5664 cutemquomsdomodesetetmus
1843 5603 1903 5660 eos,
