3984 6182
215 217 283 274 tols
736 215 890 270 tuhoth!
910 209 1204 269 remanebituusts
1224 211 1391 269 dortheus.
1796 277 1801 282 ,
1859 219 1907 272 tute

211 341 315 399 divina
329 357 347 397 a
359 343 419 395 ileo
434 336 642 410 corripuerunt
660 337 788 411 tlagalla,
804 341 837 395 ut
849 337 948 394 neruis
968 351 1036 391 con·
1055 337 1077 390 h
1092 333 1212 406 prefecti
1226 340 1255 391 et
1268 336 1401 404 comites,
1418 336 1470 409 qui
1486 335 1599 394 mederi
1613 335 1786 394 debuerant
1801 343 1832 394 et
1845 345 1910 411 pote

211 430 311 488 tractis
324 426 461 484 omnium
475 441 552 499 pene
567 425 776 483 destitueretur
790 426 981 482 memborum
996 422 1038 478 oi·
1091 427 1167 492 rant,
1176 439 1237 480 non
1247 425 1346 482 solum
1358 425 1481 483 obviare
1494 442 1528 483 ac
1540 426 1673 483 resistere
1686 431 1844 498 recusant,
1855 429 1912 500 quin

210 517 294 573 ficiis.
309 516 444 587 Cumque
456 513 509 570 diu
533 514 710 586 hujusmodi
725 514 919 585 castigatione
935 517 1037 568 attere·
1092 511 1181 567 ctiam
1195 511 1251 586 ipsi
1266 513 1323 569 hoc
1340 513 1420 570 idem
1435 514 1637 585 accumulant,
1653 530 1705 570 nec
1720 531 1789 571 non
1806 531 1912 572 omnen

209 608 299 674 retur,
315 603 439 660 demum
453 603 493 660 ad
507 619 584 677 opus
600 604 651 661 ilci
665 605 696 660 in
711 604 761 660 illo
771 601 1036 670 manifestandum,
1089 599 1215 672 justiciae
1235 602 1500 675 pulchritudinem,
1516 607 1664 676 quantum
1686 604 1716 660 in
1736 620 1781 666 se,
1799 603 1912 660 dedero

210 693 266 749 sub
280 708 406 766 spenon
418 693 635 750 confundunda
648 693 687 750 ad
702 698 840 750 sanctum
855 695 1037 748 Emmeram-
1091 693 1169 752 rant,
1185 705 1246 762 quo
1260 689 1464 748 insatiabilem
1477 690 1610 747 avaritiae
1632 690 1733 747 laeum
1756 707 1822 747 non
1835 692 1912 749 mode

209 797 295 838 mum
309 781 441 838 defertur
462 783 493 838 in
516 799 604 848 cuna,
621 781 785 838 infantibus
803 781 898 851 magis
914 783 1038 836 eatenus
1092 779 1236 849 nequiter,
1252 777 1304 834 scd
1323 778 1413 835 etiam
1434 781 1557 852 turpiter
1578 779 1767 851 adinpleant.
1784 781 1912 852 Proque

209 874 281 943 apta
294 886 387 945 quam
400 870 480 927 viris.
498 871 588 943 Cujus
598 870 735 927 vehiculo
751 875 782 927 ut
798 871 837 926 ad
850 869 943 926 altare
957 867 1038 924 testis
1092 881 1158 921 rum
1170 865 1498 924 rorrtumaciaceleriter
1508 866 1792 924 sternendaclamat
1802 869 1912 942 prophe

209 963 395 1034 perventum,
422 959 523 1033 ibique
550 960 765 1034 aliquantisper
791 964 835 1016 est
860 963 988 1024 oratum,
1013 958 1038 1012 is
1092 955 1232 1022 ta,immo
1244 973 1313 1012 cum
1324 972 1360 1014 eo
1370 955 1479 1028 injuste
1489 972 1703 1030 oppressorum
1713 957 1911 1029 ultionempo

210 1049 262 1123 qui
275 1049 393 1104 cunulae
406 1048 531 1106 adhaesit
545 1053 577 1105 ut
591 1049 691 1122 pusio,
697 1055 817 1123 repente
830 1049 972 1105 robustus
985 1047 1038 1103 eri·
1093 1045 1181 1101 stulat
1191 1061 1320 1118 persona
1333 1063 1339 1102 :
1355 1047 1515 1116 Excitore,
1527 1049 1580 1119 qui
1589 1049 1710 1116 jadr'cos
1723 1055 1851 1116 terram,
1862 1049 1912 1104 ret·

210 1139 288 1210 gitur
302 1154 337 1194 ac
353 1137 464 1194 sistitur
479 1143 511 1195 ut
532 1139 634 1194 bomo.
652 1142 725 1195 'lum
739 1139 871 1195 videntes
891 1138 943 1211 qui
967 1137 1037 1194 atle—
1092 1135 1128 1191 rte
1143 1136 1368 1192 retribationem
1381 1137 1515 1206 superbis
1530 1137 1622 1210 (Paul.
1636 1153 1714 1206 xcru,
1727 1139 1769 1204 a).
1784 1138 1912 1206 Hancin-

209 1224 312 1281 rantin
324 1241 404 1282 novo
415 1227 554 1300 martyris
563 1227 736 1298 mirigerulo
748 1228 870 1301 plenam
881 1232 1036 1297 staturam,
1092 1229 1138 1279 tur
1151 1241 1275 1280 causam
1287 1241 1349 1280 non
1362 1241 1498 1294 causam,
1511 1225 1564 1282 sed
1578 1231 1691 1299 pestem
1708 1225 1909 1290 dicendam,id

208 1314 434 1371 resurrectionis
460 1315 499 1372 ad
524 1315 620 1372 instar
642 1316 797 1386 generalis,
820 1332 987 1388 proceram.
1006 1319 1037 1370 ln
1092 1316 1136 1368 cst
1150 1317 1181 1367 ut
1191 1313 1602 1371 diabolicacommisceantur
1612 1315 1770 1384 humanis,
1782 1321 1811 1370 et
1822 1315 1909 1370 nihilo·

209 1403 334 1460 ecclesia
360 1404 496 1475 ejusdem
514 1405 595 1460 testis
610 1405 809 1463 immolabant
832 1409 892 1462 Deo
905 1405 1037 1462 hostiam
1092 1401 1192 1457 minus
1207 1401 1340 1458 humana
1354 1403 1541 1475 preferantur
1555 1403 1674 1473 divinis,
1690 1403 1722 1460 in
1739 1407 1856 1459 tantum
1869 1404 1907 1459 eli·

209 1492 439 1564 vociferationis
460 1495 629 1551 secundum
653 1495 736 1562 illud,
752 1495 835 1568 quod
862 1495 954 1551 bavtd
975 1494 1035 1550 ait:
1091 1490 1142 1562 qui
1156 1506 1211 1563 pro
1222 1491 1391 1548 commodis
1406 1491 1546 1550 affectant
1557 1493 1691 1561 terrenis,
1701 1509 1768 1566 quo
1780 1493 1906 1549 adulatio

211 1605 225 1632 α
236 1586 299 1638 Vox
312 1582 501 1640 exultationis
515 1589 544 1640 ct
559 1583 661 1640 salutis
680 1584 711 1640 in
734 1583 933 1641 tabernaculis
945 1584 1038 1655 justo
1091 1597 1165 1636 num
1180 1580 1361 1638 liniamentis
1372 1581 1432 1638 sive
1446 1583 1510 1639 aliis
1519 1583 1602 1656 pravi
1615 1582 1734 1639 consilii
1750 1582 1907 1638 incitamen·

210 1687 277 1728 rum
290 1672 384 1743 (Psoi.
398 1673 494 1744 uxrrr).
502 1696 516 1722 υ
528 1677 602 1730 Cum
614 1673 726 1746 quihus
737 1673 817 1729 idem
827 1678 972 1746 patronus
982 1688 1037 1730 no·
1058 1693 1077 1746 g
1090 1671 1139 1741 tis,
1150 1672 1262 1745 quibus
1272 1673 1329 1746 ipsi
1339 1673 1528 1743 habundant,
1540 1680 1676 1747 pastores
1687 1675 1783 1732 etiam
1795 1674 1904 1730 ecclesie

210 1763 271 1816 stcr
288 1759 492 1828 dulcissimus,
510 1765 620 1817 aeterna
645 1778 700 1834 pro
721 1762 808 1818 exilio
835 1762 917 1818 brevi
942 1761 1038 1835 patria
1093 1766 1237 1835 temptent
1248 1762 1379 1832 inficere,
1389 1768 1480 1837 atque
1490 1764 1587 1836 gregis
1599 1763 1748 1821 dominici
1763 1764 1905 1821 arietesco

210 1846 340 1903 donatus
353 1851 381 1903 et
390 1849 586 1920 propendere
598 1849 738 1905 laborum
749 1849 951 1906 inestimabili
965 1865 1039 1922 prar-
1092 1855 1201 1907 nentur
1212 1851 1299 1924 lupos
1314 1851 1440 1909 efficere.
1451 1854 1584 1919 Quorum
1597 1852 1756 1909 sintichias
1768 1852 1822 1922 (ll)
1834 1869 1903 1908 rene·

210 1934 305 1990 mium
321 1935 451 2004 sortitus,
466 1953 522 2010 pro
538 1941 633 1993 morte
647 1939 778 2010 pretiosa
791 1939 933 1996 inusitato
947 1955 1037 2010 gene·
1092 1953 1183 1995 nosas
1197 1939 1249 2012 qui
1265 1955 1326 1996 non
1339 1940 1553 2012 observaverit,
1566 1940 1672 2014 procul
1686 1939 1786 1996 dubio
1796 1940 1858 1996 vite
1869 1956 1904 2012 pe

209 2039 241 2080 re
254 2023 389 2095 martyrii
400 2025 555 2097 acquisita,
567 2026 597 2082 in
611 2030 671 2094 tuo,
682 2027 805 2098 Christe,
821 2043 915 2098 regna
930 2028 1037 2098 gloria·
1091 2027 1219 2084 riculum
1234 2028 1367 2099 incurrit,
1381 2028 1465 2102 quod
1480 2029 1511 2086 in
1525 2046 1556 2086 se
1572 2030 1643 2086 satis
1657 2034 1701 2085 est
1726 2035 1858 2104 expertus
1869 2029 1902 2086 ii-

209 2116 257 2168 tur
271 2127 394 2183 corona,
410 2129 505 2187 quam
514 2114 630 2172 elucere
644 2116 714 2172 lacit
726 2116 863 2189 specialis
878 2117 919 2172 tui
934 2122 963 2174 et
974 2134 1039 2192 pro·
1092 2116 1209 2186 chobel,
1235 2117 1353 2188 Reginae
1376 2119 1500 2176 civitatis
1528 2119 1688 2193 episcopus
1721 2119 1783 2191 (aa.
1803 2123 1865 2188 tili).
1884 2119 1901 2172 ts

157 2218 161 2229 ·
209 2198 283 2254 ximi
296 2197 462 2256 dilectionis
477 2215 608 2270 gemma.
626 2204 690 2270 Oua
704 2207 733 2260 et
755 2220 821 2276 nos,
837 2221 892 2278 pro
913 2203 1038 2261 modulo
1093 2207 1176 2279 atqui
1190 2223 1259 2264 curn
1273 2223 1328 2280 pro
1343 2208 1518 2282 episcopatu
1542 2208 1663 2266 cuidam
1690 2209 1796 2282 nepoti
1818 2207 1899 2264 suocb

209 2293 322 2359 nostre),
337 2288 495 2362 insignitos
508 2292 673 2350 vocationis
698 2294 774 2351 hora
797 2294 948 2351 humiliter
967 2293 1038 2367 peti·
1091 2295 1271 2369 imperatore
1279 2298 1462 2370 postulando
1471 2298 1573 2372 palatii
1586 2299 1752 2362 stationem
1764 2305 1855 2373 petere
1865 2297 1900 2352 de

210 2393 278 2433 mus
299 2393 318 2434 a
340 2383 368 2434 te
392 2379 527 2452 inveniri,
543 2381 630 2454 cujus
644 2383 849 2441 misericordia
872 2401 941 2459 quta
956 2384 1038 2441 bona
1093 2385 1241 2454 crevisset,
1263 2386 1422 2460 xeniaque,
1443 2387 1553 2461 quibus
1575 2388 1634 2445 hoc
1652 2403 1684 2444 se
1702 2388 1898 2461 inpetraturum

209 2465 324 2522 suntin
340 2467 482 2525 cordibus
495 2486 563 2526 vere
577 2469 713 2528 fidelium
728 2487 790 2530 non
803 2473 946 2548 permittit
961 2473 1039 2547 sopi·
1094 2475 1245 2550 sperabat,
1262 2477 1439 2549 paravisset,
1454 2493 1635 2552 persuasum
1650 2483 1695 2535 cst
1707 2479 1737 2536 ei
1752 2479 1790 2535 ab
1803 2478 1852 2544 bis,
1862 2474 1898 2548 qu'

208 2555 244 2624 ri,
266 2553 328 2612 sed
342 2557 432 2630 pleno
455 2561 686 2632 perseverantiae
715 2561 813 2620 lructu
837 2579 943 2621 corum
968 2562 1039 2620 iacit
1092 2565 1237 2639 optabant
1250 2565 1333 2640 apud
1347 2566 1497 2641 principes
1511 2567 1732 2624 ecclesiasticas
1749 2567 1857 2625 venales
1866 2565 1896 2621 lo

208 2660 302 2717 opera
315 2643 404 2704 finiri.
1092 2671 1123 2711 re
1129 2655 1300 2726 dignitates,
1310 2656 1451 2730 quatinus
1461 2657 1643 2730 petitionem,
1656 2673 1753 2730 quam
1762 2657 1848 2714 iacere
1856 2654 1897 2710 rel·

245 2739 287 2790 tt.
310 2735 406 2793 Gloria
431 2741 604 2796 sanctorum
632 2741 747 2799 Christo
777 2743 1037 2814 conregnantium,
1092 2745 1141 2816 let,
1155 2745 1303 2802 thesauris
1319 2749 1378 2804 ileo
1392 2746 1491 2804 dilecti
1506 2747 1634 2804 martiris
1645 2745 1849 2804 Emmerammi
1862 2759 1896 2797 sr-

208 2829 308 2897 patres
322 2828 350 2880 ct
362 2824 477 2894 iratres,
492 2832 536 2882 est
556 2828 645 2886 valde
663 2832 836 2900 reverenda,
853 2833 898 2890 ira
916 2849 1038 2907 quoque
1091 2835 1242 2892 bornaret.
1260 2838 1340 2902 Quos
1355 2836 1412 2904 ille,
1429 2835 1604 2893 consiliariis
1618 2837 1807 2893 consentiens
1820 2834 1867 2891 reis
1875 2837 1895 2886 et

202 2911 392 2968 'omnimodis
405 2915 551 2982 cavenda,
560 2918 704 2990 patientia
716 2935 787 2976 vero
800 2921 884 2977 omni
894 2923 975 2978 sexui
985 2939 1039 2980 seu
1091 2924 1237 2998 perversis
1247 2925 1430 2999 propediem
1441 2925 1607 2983 natalitium
1618 2926 1754 2998 ejusdem
1765 2927 1857 2998 (Sept.)
1867 2927 1895 2977 tc·

208 2999 306 3055 ordini
318 3000 570 3072 pertimescenda.
583 3006 629 3061 Ad
641 3008 696 3064 hos
711 3025 845 3084 namque
859 3011 931 3068 dicit
940 3013 1038 3069 Domi·
1057 3049 1077 3106 C
1093 3013 1144 3070 stis
1157 3013 1281 3071 domino
1293 3031 1349 3071 sno
1361 3015 1513 3085 subduxit,
1527 3031 1583 3072 nec
1594 3031 1655 3074 non
1668 3016 1710 3072 ad
1721 3011 1893 3089 episcopalem

188 3105 283 3144 ‚nusz
311 3091 368 3157 (tut
391 3095 489 3165 tangit
512 3111 572 3166 ros,
590 3099 687 3170 tangit
705 3102 858 3171 papillam
883 3104 964 3160 ocati
982 3105 1040 3160 met
1091 3102 1477 3161 villamBerabartashusun
1487 3107 1541 3176 (72)
1553 3104 1664 3161 dictam
1672 3121 1773 3162 secum
1783 3099 1894 3160 transdr

208 3177 309 3278 (chlz.
332 3197 361 3248 u,
378 3181 420 3254 8);
436 3187 464 3238 et
480 3183 509 3239 in
525 3186 704 3257 Evangelio:
722 3190 1038 3263 (tricameratam
1091 3193 1208 3267 xit,quo
1217 3211 1291 3250 suus
1301 3194 1407 3252 eadem
1417 3194 1630 3252 diacomitatus
1641 3190 1890 3268 pestilercontluxit

206 3270 320 3337 spernit
332 3268 414 3340 (Lero.
426 3287 455 3342 x,
474 3273 526 3346 te).
539 3277 607 3341 Quae
619 3276 749 3334 tonitrua
761 3276 800 3335 ab
814 3277 880 3352 ipso
894 3279 1038 3338 coelorum
1092 3281 1135 3339 lbi
1149 3298 1271 3357 quoque
1284 3283 1443 3342 subitanea
1450 3284 1583 3358 corporis
1598 3300 1756 3358 percussus
1769 3280 1890 3342 molestia

206 3355 315 3414 throno
328 3361 583 3432 procedentianec
593 3380 656 3422 non
669 3366 795 3423 terrifice
807 3368 984 3425 mortalibus
995 3369 1038 3425 in·
1091 3388 1146 3446 per
1166 3377 1331 3432 extremam
1358 3379 1468 3431 sortem
1492 3375 1592 3446 urgeri
1616 3375 1749 3449 coepitio
1772 3375 1887 3429 moram

207 3446 343 3504 tonamia
357 3449 434 3505 adeo
447 3455 641 3526 contempnit,
657 3455 734 3511 heu!
752 3455 831 3512 male
852 3458 944 3514 surda
955 3474 1038 3515 secu·
1092 3461 1189 3524 Quam
1204 3477 1273 3518 cum
1289 3462 1345 3520 sibi
1359 3462 1511 3520 turbidam
1526 3467 1554 3520 et
1567 3479 1699 3521 amarem
1713 3460 1836 3517 sensisset
1846 3457 1885 3510 in-

206 3533 315 3590 larium
337 3536 457 3608 dirutis,
473 3545 506 3596 ut
532 3540 680 3599 inhiantes
707 3545 746 3600 ad
773 3544 965 3603 ecclesiarum
986 3563 1038 3604 seu
1093 3539 1881 3626 minere,atquejamdesperaretintralimitembujusri·

205 3635 377 3694 pauperum
404 3641 464 3691 res,
494 3628 698 3687 haereditatem
724 3633 841 3690 Domini
870 3635 1038 3708 diripiendo
1093 3643 1128 3695 tae
1141 3638 1253 3696 diutius
1268 3641 1431 3698 consistere
1445 3657 1545 3715 posse,
1560 3641 1728 3699 vicedomno
1741 3631 1883 3703 assumpit,

207 3721 294 3764 suam
310 3709 431 3781 iaciant,
445 3712 540 3770 immo
555 3732 586 3772 se
602 3732 637 3774 ac
653 3735 707 3775 sua
722 3719 835 3778 diaboli
851 3727 967 3796 partem
978 3723 1038 3781 effl-
1092 3743 1224 3786 necnon
1239 3729 1382 3786 militibus
1396 3731 1497 3787 accitis
1512 3730 1542 3786 in
1558 3729 1832 3794 testimonium,cum
1845 3718 1889 3777 uli-

207 3795 296 3854 ciant.
312 3799 423 3857 Contra
435 3817 512 3875 quos
526 3803 675 3862 invehitur
689 3809 883 3868 maledictum
897 3827 951 3886 per
965 3812 1038 3870 illud
1091 3817 1203 3890 quibus
1217 3819 1371 3888 ministris,
1387 3819 1455 3892 quis
1470 3820 1549 3878 circa
1564 3836 1634 3877 eum
1649 3820 1717 3894 plus
1731 3821 1787 3874 erat
1799 3807 1889 3868 amoris

205 3887 435 3962 PfflPh0²i⁰¹¹m²
458 3892 506 3950 V&
520 3895 573 3966 lui
591 3897 720 3968 dimittis
740 3914 848 3970 aarum
875 3902 916 3958 od
929 3917 1037 3974 aarum
1091 3924 1185 3982 quam
1199 3908 1326 3978 timoris,
1341 3926 1532 3984 quorumque
1548 3910 1710 3967 familiariti
1728 3905 1819 3966 sedulo
1831 3899 1891 3958 sole·

205 3978 307 4049 iretque
319 3980 402 4047 (lsai.
418 3998 446 4052 v,
460 3983 497 4055 8).
515 3985 660 4057 liquibus
670 3989 808 4046 nonnulli
822 3991 874 4065 qui
888 3992 1038 4050 honestio-
1092 3997 1144 4056 bat
1156 3998 1253 4070 inniti,
1269 3999 1378 4057 affatus
1395 4003 1439 4056 est
1457 3999 1549 4056 verba
1570 3999 1764 4072 huiusmodi:
1785 3992 1891 4061 Contigit

205 4081 252 4122 res
267 4073 294 4123 et
309 4068 539 4129 continentiores
551 4073 691 4132 videntur
706 4077 736 4135 in
756 4079 884 4138 factione
899 4082 1037 4154 hujusce·
1092 4103 1138 4145 me
1153 4089 1318 4160 aliquando
1338 4105 1420 4146 secus
1434 4091 1536 4146 birram
1549 4090 1734 4160 [trimenstri
1749 4089 1842 4144 Ottcnc
1853 4081 1893 4136 Sc·

206 4153 299 4253 modi,
316 4171 386 4213 ⁰¹¹OE
400 4158 529 4217 Vidffim
542 4161 660 4236 aliquos
672 4165 712 4221 &d
726 4182 772 4238 ea,
789 4183 857 4242 quoe
873 4185 982 4242 parum
997 4175 1037 4228 te·
1091 4179 1242 4250 congano
1254 4179 1434 4249 imperatore
1446 4181 1544 4250 primo
1559 4181 1649 4252 proci
1669 4178 1831 4250 interfuisse
1841 4183 1892 4242 prt-

206 4245 269 4312 i¹8b
284 4245 487 4318 pemetranda
507 4250 664 4323 proclives,
681 4255 786 4314 callide
808 4274 859 4314 eos
873 4259 1034 4332 instigaut3
1092 4269 1131 4324 lio
1146 4269 1214 4340 (73).
1233 4269 1365 4325 Uticam
1377 4270 1582 4326 internostros
1596 4274 1688 4341 atque
1700 4275 1897 4340 pagorrorarer

207 4333 298 4403 atque
313 4336 345 4388 ut
358 4332 405 4388 his
419 4335 526 4434 recuba
537 4339 671 4397 tenacius
683 4343 857 4414 adhereant,
870 4348 980 4421 sepius
991 4349 1035 4407 in·
1094 4357 1169 4414 rime
1181 4357 1287 4427 fuisset
1295 4364 1478 4432 pugnatum,
1491 4364 1519 4416 ct
1530 4359 1650 4415 Christo
1663 4358 1794 4429 propitio
1807 4369 1824 4410 o
1836 4347 1897 4407 cte-

140 4505 149 4512 ·
207 4417 344 4490 Gulssffiltt
360 4424 554 4494 pervicaciter
569 4441 599 4484 se
616 4429 789 4502 pollicentes
804 4434 846 4491 eis
861 4437 942 4509 apud
954 4437 1035 4509 judi·
1093 4447 1200 4502 ationis
1215 4453 1286 4504 esset
1303 4448 1532 4518 triumphatum,
1550 4449 1646 4519 Uagri
1660 4439 1898 4504 meomabscr'dsn·

206 4509 558 4612 cesluturos'adjutores,
575 4533 629 4576 nec
644 4537 705 4579 non
721 4523 822 4592 etiam,
839 4525 862 4582 si
875 4527 1037 4584 necessitas
1093 4542 1135 4593 res
1150 4538 1331 4606 abacelam,
1347 4539 1459 4610 yradgs
1475 4553 1510 4595 ac
1522 4539 1646 4608 ,premis
1661 4539 1743 4594 imm·
1756 4541 1856 4592 ,eteros
1868 4539 1901 4580 mr

207 4602 315 4697 erigat,
328 4605 543 4673 conJuratores.
553 4608 627 4663 Tum
636 4608 667 4666 in
682 4627 713 4667 se
725 4613 954 4686 quodammodo
965 4633 1038 4690 qua·
1097 4630 1269 4683 straveram
1284 4640 1320 4682 ac
1335 4627 1571 4699 adoequweram
1588 4626 1691 4698 presa,
1712 4626 1761 4682 [οἱ
1775 4621 1900 4691 impacto

207 4701 232 4742 sr
243 4691 434 4759 revertentes,
448 4691 544 4751 immo
554 4700 719 4756 retrorsum
735 4702 773 4759 ad
785 4703 907 4762 malitiae
922 4710 1043 4781 cryptas
1097 4721 1213 4787 raptus,
1223 4717 1399 4774 adsalutem
1409 4717 1641 4786 sanstaenefictss
1651 4717 1755 4773 adesse
1762 4719 1899 4786 patronum

207 4773 396 4874 anfrassmffie
407 4779 598 4878 ‘divertentes’
610 4801 661 4843 0⁰⁸
672 4805 728 4862 FPO
742 4795 875 4865 tempore
888 4793 1041 4868 deserunt,
1097 4807 1279 4874 clementem,
1289 4791 1901 4878 quemnemotimeoottemerttorenpcccut'

207 4863 320 4936 quibus
330 4867 490 4925 consilium
502 4870 667 4946 iniquitatis
678 4877 835 4945 dederunt,
845 4887 874 4939 ct
884 4901 914 4941 se
930 4886 1043 4943 subdo·
1096 4895 1417 4965 mettrascentemssio,
1427 4889 1901 4967 qnasofidettteruqiteqaeinjut·

208 4951 235 5008 le
251 4953 290 5009 ad
312 4955 379 5027 hos,
394 4973 525 5030 quorum
546 4961 629 5022 bona
652 4969 763 5040 prredae
777 4971 824 5028 vel
836 4974 950 5047 rapinae
965 4976 1042 5032 fece·
1096 4983 1255 5053 anotlrtc
1265 4981 1651 5054 hinc—utiaomnanquum
1664 4982 1704 5039 ort
1713 4967 1901 5046 sacramenti

208 5045 280 5141 runt
291 5049 403 5143 patere,
412 5050 620 5120 contemnant
630 5071 685 5129 pro
699 5061 847 5118 mendacii
860 5064 976 5121 silentio
989 5082 1042 5122 seu
1095 5073 1198 5142 farere
1205 5073 1287 5128 votui
1292 5087 1400 5130 —meo
1408 5073 1462 5128 sub
1472 5077 1551 5129 certo
1559 5087 1684 5128 numero
1691 5073 1808 5141 integro
1817 5057 1901 5134 ΜΗ

208 5135 445 5236 veritatisvenali
452 5140 623 5200 testimonio
633 5147 1042 5219 apudincautosmunerihus
1094 5160 1193 5230 pallia
1204 5162 1392 5233 consignato,
1406 5168 1433 5219 et
1443 5163 1547 5232 offerte
1556 5177 1601 5222 eo.
1614 5160 1750 5234 quamuis
1760 5157 1801 5215 od
1810 5147 1900 5220 matt*

210 5217 330 5276 dextras
345 5222 539 5324 adimpleant,
548 5233 661 5308 talique
676 5237 769 5296 stroia
782 5242 866 5314 quod
878 5243 989 5302 habere
1002 5245 1043 5302 vi·
1096 5247 1230 5306 tudinem
1234 5256 1428 5320 peccatorum
1436 5265 1567 5307 incoram
1571 5239 1683 5320 parua,
1692 5261 1800 5318 morto
1807 5239 1900 5300 atterit

209 5305 318 5409 dentur
330 5316 591 5413 ansrmplicioribus
599 5329 805 5400 extorqueant.
821 5333 874 5390 Cui
883 5337 943 5391 tam
955 5349 1042 5406 gran-
1095 5335 1136 5392 cd
1147 5336 1381 5396 subueniendum
1396 5341 1446 5396 cut
1458 5340 1587 5396 coluerit
1600 5338 1716 5396 Christi
1727 5330 1846 5392 martiri
1852 5327 1901 5382 da·

209 5395 242 5454 ὼ
256 5399 337 5458 m³l⁰
351 5418 382 5458 ¹¹1
395 5403 513 5476 plebeia
527 5411 615 5470 turba
638 5415 737 5473 modis
751 5419 881 5480 millenis
895 5429 1039 5494 crassato,
1094 5439 1275 5494 mommo,
1291 5426 1479 5499 reddetisque
1488 5427 1538 5484 itti
1546 5431 1717 5488 reverenter
1725 5425 1900 5486 armandi·
1954 5413 1955 5474 l

647 5575 654 5588 ,
882 5563 892 5584 .
1017 5515 1130 5577 NOTAE.

247 5561 304 5633 (rt)
323 5566 344 5619 l.
361 5579 387 5621 e.
402 5569 501 5640 pacta,
518 5579 739 5636 conventiones.
1134 5583 1191 5654 (73)
1210 5587 1244 5641 Α.
1262 5591 1325 5644 955.

249 5635 305 5699 (Ἱῖ)
327 5637 541 5698 iteretzbausen
557 5645 596 5700 ad
612 5647 706 5706 haber
719 5651 853 5712 fluvium.
1138 5657 1140 5664 ’
