3998 6176
153 161 204 214 303
668 111 709 214 s.
731 155 1340 216 3333333333333331333133033.
1712 183 1716 188 ·
1809 158 1862 213 303

152 281 191 338 311
212 281 251 339 331
277 280 436 352 3131131333,
460 279 533 352 3313
553 279 765 338 satisfactionis
789 280 927 353 angustia
941 279 981 338 ad
995 285 1019 338 1
1033 280 1213 354 praedicator
1230 282 1454 340 demonstratur
1466 279 1686 338 veritatistam
1699 273 1862 350 nuncergo

151 370 339 429 latitudinem
361 386 417 426 nos
442 384 578 443 supernae
593 369 720 428 civitatis
743 370 919 428 intromittit.
935 367 979 426 131
1033 369 1245 442 investigemus
1259 371 1416 447 quomodo
1434 371 1616 447 praedicator
1630 386 1699 427 cum
1718 385 1863 427 converso

152 461 238 532 cujus
247 459 389 516 nimirum
400 457 526 515 civitatis
539 460 651 531 gaudia
662 477 732 517 cum
745 475 904 518 conversus
914 474 981 532 pec·
1033 465 1191 536 peccatore
1206 462 1245 520 ad
1259 467 1380 536 portam
1393 461 1521 519 ferream
1539 460 1650 532 veniat,
1665 464 1694 518 et
1707 459 1862 533 quomodo

151 552 233 606 33103
256 545 379 602 terrenti
402 561 506 604 amore
534 547 664 617 13311331,
693 565 813 620 gressus
841 545 980 605 desiderii
1033 554 1153 623 portam
1175 550 1264 608 istam
1280 568 1350 609 cum
1364 550 1472 608 eodem
1485 552 1682 624 pertranseat.
1702 548 1862 606 Videamus

151 636 217 707 ejus
230 634 372 708 quelibet
378 639 473 709 333133
489 636 590 695 1333333
604 638 747 696 (1131313113
761 654 822 696 333
837 637 977 696 retardat.
1033 638 1176 710 angelum
1187 656 1257 697 cum
1269 641 1355 698 Petro
1368 657 1423 698 suo
1437 639 1601 714 adportam
1617 638 1744 696 terream
1756 653 1864 712 propc-

151 725 234 782 Unde
249 723 327 782 bene
343 729 430 799 porta
446 726 542 786 133333
555 727 673 786 dicitur.
1032 732 1159 786 rantem.
1189 732 1223 786 ut
1251 729 1319 803 quis
1349 729 1448 787 verius
1477 728 1623 786 dicendus
1651 731 1697 784 331
1723 726 1861 798 angelus,

185 815 249 871 lllll.
266 814 336 883 Qua
347 817 428 873 ultro
443 823 603 890 opertaest
614 820 664 877 eis.
674 820 747 876 Cum
760 821 861 874 Petrus
872 814 979 886 angelo
1032 833 1126 892 quam
1138 817 1186 876 ille
1201 818 1239 876 de
1254 835 1316 893 quo
1331 819 1541 893 scriptumest:
1558 818 1635 874 Ecce
1645 832 1698 889 333
1713 817 1798 872 mitto
1809 832 1865 873 un·

149 907 301 976 praeeunte
312 903 352 960 ad
362 909 481 978 portam
490 906 580 975 venit,
588 912 657 964 3313
665 907 765 980 ipsum
775 909 862 980 porta
872 904 979 962 eadem
1031 909 1131 979 petam
1147 924 1244 966 meum
1271 915 1342 966 onte
1357 914 1394 976 te,
1412 915 1440 965 et
1456 907 1646 979 preparabit
1660 907 1738 964 ciam
1755 909 1864 962 tuom?

150 1008 181 1048 se
195 993 273 1051 ultro
287 993 381 1067 aperit
394 1013 401 1064 ;
417 995 489 1069 quia
504 1012 574 1052 cum
589 1012 749 1053 conversus
762 998 903 1069 peccator
916 1009 980 1050 ves·
1032 996 1085 1070 qui
1109 997 1253 1055 nimirum
1269 1014 1338 1055 cum
1357 997 1478 1068 diceret,
1505 997 1609 1054 Facite
1621 996 1741 1066 fructus
1755 995 1862 1066 3113333

150 1082 223 1154 11313
238 1087 347 1141 sanctae
372 1084 595 1158 predicationis
610 1103 680 1142 cum
702 1084 852 1143 alacritate
874 1099 979 1157 prose·
1031 1089 1223 1160 3331133113,
1238 1087 1312 1162 quid
1326 1086 1409 1144 aliud
1423 1086 1533 1158 agebat
1553 1085 1610 1142 nisi
1628 1087 1747 1142 Petrum
1759 1101 1861 1156 suum,

149 1172 261 1245 quitur,
286 1176 393 1230 cuncta
408 1173 449 1230 illi
464 1174 541 1231 fiunt
554 1175 652 1232 facilia
669 1191 737 1249 3333
752 1175 835 1249 33133
848 1172 978 1230 difficilia
1033 1176 1125 1234 idest
1149 1193 1312 1235 conversos
1335 1181 1518 1250 peccatores,
1535 1176 1575 1233 331
1601 1179 1719 1249 portam
1734 1174 1861 1232 terream

149 1259 337 1318 videbantur.
347 1263 380 1318 Et
391 1263 444 1335 qui
459 1267 557 1336 antea,
569 1268 763 1338 peccatorum
778 1263 979 1336 grossitudine
1033 1281 1195 1340 properare
1218 1267 1388 1324 monebat?
1416 1266 1577 1324 Videamus
1603 1279 1685 1322 nunc
1709 1264 1777 1322 siet
1796 1264 1862 1339 ipse

150 1347 301 1418 dilatatus,
317 1350 440 1408 nonnisi
454 1367 507 1424 per
522 1352 625 1426 ampla
638 1353 828 1428 voluptatum
842 1352 979 1409 incedere
1033 1371 1087 1430 per
1111 1356 1251 1413 eamdem
1271 1360 1391 1430 portam
1414 1354 1573 1412 transierit.
1602 1356 1636 1411 Et
1658 1353 1726 1428 quis
1752 1353 1861 1412 melius

149 1436 256 1510 potuit,
276 1453 368 1507 nunc,
382 1443 559 1498 extenuatus
579 1441 652 1498 lima
666 1442 857 1515 poenitentiae,
870 1441 980 1515 quasli-
1033 1443 1094 1514 illo,
1109 1445 1171 1502 imo
1186 1445 1254 1519 quis
1265 1445 1342 1503 adeo
1356 1445 1432 1503 sicut
1444 1444 1492 1502 ille
1505 1443 1567 1517 qui,
1581 1444 1612 1501 in
1633 1442 1777 1501 indicium
1797 1459 1863 1518 333-

149 1525 979 1603 1313333311333133111133113133331333311.83113333-
1034 1534 1164 1592 nitentiae
1192 1539 1220 1592 ct
1249 1534 1428 1605 afflictionis,
1454 1533 1522 1609 pilis
1543 1532 1727 1590 camelorum
1751 1548 1863 1607 corpus

150 1614 279 1672 rendum
303 1615 391 1674 video
420 1633 472 1674 cur
502 1618 539 1676 sit
551 1618 677 1690 dietum,
694 1625 801 1690 operta
824 1625 865 1676 331
885 1622 935 1687 313,
951 1622 1015 1692 313
1036 1639 1127 1680 suum
1137 1622 1284 1692 limabat;
1307 1622 1361 1697 qui
1372 1623 1540 1694 insignum
1554 1621 1862 1680 mortificandaevolu-

151 1721 212 1763 non
225 1705 451 1779 301133333313
466 1714 508 1764 331
522 1709 784 1781 etcerteangelus
797 1709 980 1782 quiPctrum
1034 1713 1124 1788 313113
1147 1728 1254 1770 zonam
1278 1711 1433 1786 pelliceam
1456 1711 1535 1768 circa
1557 1709 1680 1768 lumbos
1704 1711 1862 1780 habebat3

151 1794 290 1864 ducebat,
308 1795 428 1870 spiritus
438 1801 547 1868 erat,et
559 1798 793 1872 proinde,ctiam
803 1814 865 1855 non
876 1803 980 1872 aperta
1034 1804 1097 1878 qui,
1111 1803 1142 1860 in
1164 1803 1382 1860 documentum
1396 1801 1555 1873 singularis
1570 1799 1768 1874 abstinentie,
1784 1817 1864 1876 pane

150 1889 238 1958 porta
261 1885 378 1954 eadem,
405 1901 458 1959 per
474 1887 667 1946 subtilitatem
682 1888 843 1962 spiritualis
866 1893 980 1946 nature
1035 1895 1218 1966 contempto,
1229 1891 1361 1948 locustas
1376 1894 1405 1947 et
1426 1889 1486 1946 mel
1498 1889 1629 1947 silvestre
1644 1889 1770 1958 edebat;
1799 1890 1851 1964 qui

152 1975 277 2033 transire
300 1979 426 2050 poterat.
453 1980 527 2034 Nam
542 1994 644 2036 carcer
658 1995 779 2052 quoque
803 1978 914 2054 dequo
928 1981 979 2036 Pe·
1036 1981 1262 2055 inexemplum
1286 1985 1409 2038 remotae
1433 1979 1679 2049 conversationis,
1705 1979 1736 2036 in
1762 1995 1864 2038 cremo

152 2069 232 2122 trum
247 2065 382 2137 extraxit,
395 2065 516 2124 clausus
535 2072 598 2126 erat
613 2087 619 2138 ;
643 2069 674 2126 in
688 2084 779 2142 quem
795 2073 896 2126 tamen
911 2085 980 2125 cum
1035 2071 1242 2150 consistebat?
1255 2070 1416 2127 Videamus
1432 2069 1525 2125 alium
1538 2068 1681 2139 angelum
1696 2085 1766 2125 cum
1779 2069 1864 2128 Petro

151 2153 300 2222 intrasset,
313 2170 375 2212 non
389 2154 496 2226 legitur
510 2156 611 2231 aliqua
624 2159 720 2231 janua
737 2157 896 2232 patefacta.
924 2158 981 2215 Sed
1036 2178 1091 2218 suo
1106 2161 1146 2218 ad
1168 2164 1286 2235 portam
1300 2159 1428 2217 ferream
1449 2162 1672 2233 properantem.
1696 2157 1767 2224 Quis
1782 2159 1862 2216 enim

151 2243 201 2301 hic
215 2242 289 2301 forte
303 2244 466 2318 opponitur
480 2246 552 2319 quia
565 2247 674 2305 scilicet
687 2264 748 2305 non
757 2247 863 2319 legitur
873 2247 981 2321 aliquis
1035 2251 1132 2309 verior
1151 2249 1277 2320 angelus
1290 2247 1341 2306 illo
1367 2247 1421 2322 qui
1432 2248 1506 2305 dixit
1521 2265 1528 2302 τ
1553 2249 1602 2304 An
1626 2249 1862 2318 experimentum

153 2333 254 2392 aditus
280 2334 448 2408 patefactus
474 2337 598 2394 eumad
617 2354 687 2394 eum
710 2337 841 2403 intravit,
871 2337 911 2394 ita
926 2353 981 2393 nec
1037 2338 1772 2413 313333313333113333133311330133131331
1797 2341 1864 2411 1333

152 2428 224 2481 1333
239 2423 364 2498 quidem
378 2425 453 2482 dum
465 2441 536 2484 cum
551 2427 658 2484 eodem
678 2427 768 2486 exivit
783 2447 790 2497 ;
807 2443 842 2484 33
855 2427 982 2501 proinde
1035 2429 1137 2503 itaque
1150 2432 1235 2486 Petro
1257 2444 1322 2496 suo,
1350 2427 1488 2500 gentibus
1513 2426 1633 2498 scilicet,
1653 2443 1731 2502 quas
1747 2427 1785 2484 de
1797 2443 1863 2483 ear·

152 2512 245 2569 videri
257 2512 367 2572 debere
382 2515 466 2587 quod
479 2515 563 2572 illum
585 2532 646 2574 non
661 2521 791 2574 reserato
810 2516 893 2574 331113
907 2515 980 2572 edu·
1037 2534 1102 2576 cere
1126 2517 1307 2575 infidelitatis
1336 2517 1489 2584 eduxerat,
1505 2516 1579 2589 quid
1594 2517 1657 2574 ait?
1679 2519 1731 2574 Sic
1751 2523 1866 2575 eumte

152 2602 236 2660 serit.
252 2603 310 2661 Sed
317 2604 381 2661 1333
392 2605 494 2678 opinio
508 2620 571 2663 non
582 2606 656 2662 mihi
669 2606 840 2680 recipienda
853 2606 979 2676 videtur,
1035 2615 1070 2666 at
1085 2607 1364 2679 comprehendat&
1379 2607 1473 2664 omnis
1484 2608 1562 2664 enim
1576 2606 1865 2679 33113333333333-

153 2691 210 2749 nisi
231 2691 333 2767 aliquo
349 2694 502 2752 canonicae
517 2696 676 2769 Scriptura
690 2696 861 2754 testimonio
876 2695 981 2753 confir·
1037 2699 1143 2766 tendit,
1161 2697 1199 2754 ab
1224 2696 1360 2754 omnibus
1380 2696 1563 2753 3331311331.
1580 2697 1655 2753 Cum
1667 2711 1740 2767 ergo
1754 2711 1806 2752 eos
1822 2695 1865 2752 sic

152 2787 261 2852 metur;
274 2782 454 2840 canonicam
465 2787 565 2842 autem
577 2785 849 2858 Scripturamnunc
862 2785 981 2859 appello
1036 2802 1155 2845 currere
1166 2791 1200 2843 ut
1212 2785 1470 2860 comprehendant
1482 2784 1635 2853 admonet,
1642 2771 1717 2858 quid
1731 2785 1866 2842 cumillis

153 2888 221 2928 eam
235 2887 302 2945 quse
316 2870 348 2928 in
362 2887 478 2929 canone
492 2872 752 2930 librorumVeteris
767 2879 796 2931 et
808 2875 878 2932 Novi
886 2878 982 2930 Testa·
1037 2876 1107 2949 3311,
1124 2875 1182 2932 3131
1195 2874 1235 2933 ad
1250 2879 1369 2948 portam
1383 2873 1465 2931 illam
1479 2890 1546 2948 quae
1565 2873 1647 2930 ducit
1661 2873 1701 2930 ad
1716 2873 1866 2931 civitatem

153 2960 246 3018 menti
260 2961 437 3018 continetur.
463 2965 496 3018 lu
519 2978 581 3036 qua
594 2962 683 3036 plane
697 2979 851 3037 nusquam
876 2980 923 3022 me
938 2965 1017 3048 ¹⁰'C
1038 2965 1089 3022 ubi
1104 2965 1244 3022 bravium
1267 2962 1415 3036 recepturi
1434 2967 1504 3020 sunt
1529 2962 1649 3020 tendere
1673 2961 1864 3036 persuadet?

154 3050 234 3123 31333
247 3050 388 3107 recordor
402 3050 486 3124 quod
500 3052 592 3109 homo
607 3052 769 3126 quispiam,
785 3053 904 3111 mortali
919 3069 981 3111 cor·
1038 3059 1112 3114 Cum
1140 3071 1212 3112 vero
1239 3053 1315 3126 illos,
1331 3051 1468 3126 exemplo
1496 3051 1649 3110 3330313313
1673 3051 1794 3118 athlete,
1820 3051 1863 3108 ab

153 3156 227 3215 pore
249 3139 383 3210 vestitus,
403 3155 457 3215 per
471 3140 603 3215 aliquem
627 3143 743 3200 aditum
757 3159 820 3200 non
843 3147 981 3216 apertum
1038 3144 1180 3202 omnibus
1204 3139 1744 3217 333333333313331133133331311
1769 3139 1864 3197 absti-

154 3247 225 3288 cum
240 3247 295 3287 suo
310 3229 408 3288 solido
424 3247 549 3306 corpore
564 3232 688 3290 transire
703 3232 841 3306 potuerit,
857 3238 982 3306 excepto
1037 3250 1118 3302 nere,
1129 3233 1204 3308 quid
1218 3247 1289 3289 cum
1303 3229 1439 3302 111133311,
1446 3229 1503 3287 3131
1515 3229 1671 3304 quomodo
1679 3245 1732 3303 per
1745 3234 1865 3303 3331333

154 3320 282 3378 Domino
297 3323 399 3378 nostro
422 3324 493 3378 lesu
508 3322 635 3395 Christo,
651 3322 714 3396 qui,
738 3327 767 3379 et
790 3339 860 3379 cum
875 3339 982 3380 33333-
1037 3321 1164 3380 terream
1180 3319 1310 3378 debeant
1324 3319 1433 3376 intrare
1448 3317 1599 3376 ostendit?
1613 3317 1773 3374 Videamus
1784 3333 1867 3374 nunc

152 3414 244 3478 retur,
264 3426 327 3466 non
351 3414 455 3483 aperto
470 3411 545 3468 ostio
569 3410 607 3467 de
630 3415 732 3468 ventre
755 3411 860 3468 matris
883 3412 981 3481 exivit,
1038 3411 1063 3468 si
1075 3417 1104 3468 et
1118 3411 1182 3485 ipse
1197 3410 1261 3466 haec
1273 3412 1351 3479 agat,
1368 3407 1488 3481 adquae
1504 3406 1657 3477 agendum
1672 3423 1745 3463 suos
1759 3422 1867 3480 sequa-

152 3502 264 3554 etcum
279 3501 458 3568 resurgeret,
476 3515 546 3554 cum
562 3499 669 3556 ecdem
683 3514 738 3556 suo
752 3499 914 3558 immortali
930 3500 982 3557 sed
1038 3517 1087 3558 ces
1102 3500 1253 3557 informat.
1278 3498 1342 3556 Ait:
1368 3498 1433 3569 1133
1458 3498 1501 3556 313
1519 3512 1620 3565 cumo,
1644 3512 1706 3552 non
1724 3497 1813 3570 33331
1833 3497 1866 3553 in

154 3590 256 3642 tamen
272 3601 343 3643 vero
357 3601 493 3660 corpore,
510 3587 621 3644 clausis
632 3588 747 3659 januis,
768 3589 808 3646 ad
819 3590 983 3664 discipulos
1037 3593 1204 3662 incertum
1215 3590 1257 3646 sie
1269 3604 1384 3660 333333,
1399 3588 1557 3659 conquest
1572 3601 1668 3644 omem
1684 3585 1865 3644 verberans:

152 3673 283 3731 intravit.
301 3677 377 3731 Nam
398 3675 505 3748 siquis
520 3674 593 3732 illud
605 3677 741 3750 opponit,
756 3678 838 3750 quod
855 3679 892 3736 de
906 3695 982 3754 quo·
1037 3680 1089 3736 sed
1102 3680 1216 3750 castigo
1231 3692 1339 3746 330333
1355 3692 1461 3744 meum,
1478 3681 1505 3733 et
1518 3677 1548 3732 in
1564 3677 1736 3732 servitutem
1750 3675 1864 3746 redigo,

154 3763 227 3820 dam
237 3763 757 3838 333313131331133,333313311133131
766 3783 868 3838 regem
878 3785 984 3843 quem·
1038 3786 1076 3827 ne
1088 3770 1179 3840 forte,
1204 3769 1273 3825 31113
1293 3766 1555 3838 33331333331333
1578 3765 1722 3835 reprobas
1736 3765 1864 3836 efficiar.

154 3852 226 3908 dam
246 3850 354 3908 clausis
377 3852 480 3924 J'anuis
499 3852 630 3923 intravit,
656 3855 829 3929 exemplum
842 3858 900 3915 hoc
921 3875 982 3916 non
1038 3862 1111 3917 Cum
1136 3857 1236 3931 itaque
1259 3862 1288 3913 et
1311 3855 1445 3929 seipsum
1473 3869 1590 3910 currere
1603 3857 1632 3910 et
1646 3868 1783 3926 pugnare
1797 3853 1869 3910 insi-

70 3947 76 3963 ‘
153 3957 203 3998 me
217 3944 307 4008 tenet,
321 3957 384 4000 non
403 3958 451 3999 me
467 3946 573 4012 terret3
596 3943 668 4018 quia
690 3944 891 4020 ipsaquoque
907 3948 982 4005 Scri·
1038 3952 1122 4015 nnat,
1137 3945 1211 4020 quid
1223 3944 1282 4002 nisi
1295 3960 1325 4001 se
1336 3959 1458 4017 quoque
1473 3943 1512 4000 ed
1524 3945 1643 4016 portam
1657 3940 1784 4000 terream
1797 3957 1868 4014 pro-

153 4035 243 4104 ptura
254 4030 285 4086 in
298 4047 361 4104 333
378 4031 437 4088 hoc
454 4030 572 4102 legitur,
588 4035 708 4090 Petrum
722 4035 896 4093 auctoritate
908 4035 984 4094 inter
1038 4052 1144 4111 perure
1179 4033 1395 4092 demonstrat?
1419 4035 1496 4090 Bene
1522 4047 1593 4104 ergo
1626 4032 1664 4089 de
1691 4032 1748 4089 hac
1778 4035 1868 4106 porta

155 4119 331 4192 apocrypha
343 4124 529 4178 numeratur.
545 4121 645 4178 Potius
664 4121 765 4196 itaque
783 4123 841 4181 hoc
861 4125 982 4183 creden·
1039 4126 1156 4194 dicitur,
1170 4141 1236 4197 que
1250 4125 1330 4181 nitro
1345 4128 1451 4194 operta
1466 4120 1869 4195 331313,·33133333113333-

155 4207 477 4280 31333,333313333133
495 4210 547 4283 qui
562 4209 602 4268 ad
615 4213 734 4268 Petrum
745 4212 776 4270 in
793 4229 982 4272 carcerenon
1039 4216 1186 4274 dicatores
1212 4213 1316 4284 nostri,
1338 4212 1461 4287 quinos
1475 4211 1512 4268 de
1534 4225 1652 4267 carcere
1672 4215 1868 4285 peccatorum

156 4300 260 4370 aperto
287 4296 370 4354 editu
397 4312 451 4370 per
476 4297 670 4357 subtilitatem
698 4302 841 4372 angelice
868 4307 983 4361 naturae
1000 4345 1023 4400 D
1042 4305 1183 4372 educunt,
1199 4301 1359 4359 nobiscum
1380 4304 1500 4376 portum
1518 4299 1645 4356 ferream
1659 4298 1781 4366 1313331,
1796 4315 1867 4356 cum

155 4385 286 4460 intravit,
302 4386 383 4444 idem
396 4387 471 4462 ipse,
487 4392 520 4445 ut
531 4405 600 4446 eum
613 4390 760 4460 educeret,
777 4408 831 4465 per
845 4392 983 4452 virtutem
1040 4394 1097 4469 ipsi
1111 4407 1243 4468 quoque,
1259 4396 1292 4448 ut
1304 4391 1393 4449 nobis
1407 4388 1579 4474 exemplum
1592 4388 1775 4463 poenitentioe
1789 4403 1869 4462 3333-

157 4475 275 4532 nomini
300 4475 410 4533 ostium
438 4477 565 4535 carceris
590 4478 736 4552 pateiecit.
768 4481 825 4538 Sed
852 4483 986 4556 quolibet
1040 4485 1375 4552 beant,carnemsuam
1389 4497 1458 4539 cum
1472 4479 1549 4538 311113
1573 4483 1603 4536 31
1616 4478 1692 4536 dura
1707 4477 1870 4536 afflictione

156 4564 250 4622 modo
264 4581 335 4623 eum
351 4565 496 4637 eduxerit,
516 4565 622 4624 viderit
635 4567 683 4624 illc
693 4568 746 4644 qui
760 4568 828 4626 13311
844 4589 850 4640 ;
875 4586 931 4628 nos
946 4573 986 4630 ad
1041 4573 1196 4644 castigant.

57 4721 62 4728 ,
156 4655 345 4730 propositam
358 4654 519 4713 redeamus
533 4658 740 4730 questionem.
1077 4665 1128 4720 XX.
1145 4663 1301 4736 Sequitur:
1323 4662 1363 4718 Et
1384 4665 1524 4718 exeuntes
1543 4664 1753 4730 processerunt
1769 4659 1871 4714 3133333

194 4745 411 4812 Quaerebamus
434 4737 515 4803 33131Ι
537 4763 590 4803 333
603 4746 641 4804 313
661 4753 748 4820 33313
775 4747 928 4822 pluraliter
940 4751 985 4808 di·
1042 4759 1183 4822 nannet
1196 4753 1337 4810 continno
1344 4751 1475 4808 discessit
1486 4751 1612 4821 33333133
1627 4750 1665 4806 ab
1679 4747 1873 4820 eo.Quidper

159 4839 239 4892 ctum
253 4835 299 4904 sit,
315 4841 421 4907 aperta
435 4843 478 4893 est
493 4838 543 4904 313,
560 4839 659 4893 31333
673 4837 772 4910 potius
787 4837 984 4911 singulariter,
1041 4843 1142 4900 vicum
1158 4840 1325 4911 unum,nisi
1335 4855 1417 4898 mors
1425 4838 1523 4896 carnis
1533 4838 1691 4913 accipitur?
1703 4838 1775 4905 033
1787 4835 1875 4894 vide-

159 4931 320 4995 opertaen
346 4927 403 4995 ei‚;
433 4943 502 4983 cum
527 4925 629 4999 utique
644 4941 706 4983 non
721 4926 839 5000 angelo,
859 4929 912 5002 qui
925 4931 986 5004 spi·
1040 4925 1872 5003 1133113333333313,133333333133333131333,333131333

160 5013 233 5070 ritus
248 5018 321 5084 crat,
337 5015 390 5071 scd
414 5019 531 5072 tantiam
554 5017 648 5084 Petro,
672 5015 725 5090 qui
752 5015 848 5074 solido
863 5035 986 5093 corpore
1042 5040 1121 5082 unus
1130 5019 1487 5094 dicitur,quiaperipsam
1495 5017 1759 5076 viamuniversitas
1770 5015 1875 5074 333313

161 5101 341 5160 vestiebatur
364 5105 542 5174 necessaria,
558 5104 615 5161 ista
637 5105 732 5178 pertio
745 5105 912 5166 videbatur.
929 5110 988 5168 Sed
1042 5111 1167 5170 transire
1182 5107 1380 5182 compellitur.
1409 5109 1492 5166 Unde
1507 5111 1536 5164 et
1559 5107 1589 5164 in
1614 5105 1771 5180 scripturis
1785 5119 1875 5162 mors

161 5187 332 5248 istalitterce
352 5191 525 5252 difficultate
541 5195 579 5252 ad
592 5194 740 5252 internam
763 5195 987 5269 intelligentiam
1041 5193 1875 5268 33313133133313333333331330331331333133113333

162 5276 316 5348 mittimur,
341 5295 434 5352 quam
464 5283 604 5357 3133313
628 5283 799 5356 diligentius
824 5286 986 5358 intuemur,
1041 5289 1094 5363 qui
1107 5291 1227 5344 Petrum
1255 5286 1293 5344 de
1315 5300 1433 5342 carcere
1451 5283 1561 5352 educit,
1583 5297 1742 5357 quousque
1768 5279 1875 5339 vicum

162 5363 332 5424 videbimus
356 5369 455 5428 statim
485 5387 578 5445 quam
607 5379 806 5446 congruenter
837 5377 987 5435 ambobus
1042 5393 1136 5434 unum
1149 5376 1380 5450 procedat,eum
1395 5372 1584 5439 3331333313
1599 5371 1779 5447 3313333333
1792 5369 1875 5428 31131-

162 5461 264 5530 aperta
285 5472 350 5514 esse
364 5463 451 5531 porta
473 5459 580 5519 eadem
599 5466 790 5522 memoretur.
816 5463 895 5523 Sicut
907 5466 987 5523 enim
1041 5483 1112 5534 nus,
1127 5465 1180 5538 qui
1195 5465 1281 5522 nobis
1294 5481 1348 5538 per
1360 5480 1414 5521 ora
1437 5463 1662 5537 predicantium
1678 5460 1758 5518 31333
1784 5474 1876 5530 egre-

162 5561 254 5618 supre
265 5545 331 5618 jnm
345 5545 487 5616 diximus,
503 5549 549 5606 vir
563 5551 645 5608 tortis
660 5551 820 5626 prolapsus
834 5554 864 5610 in
880 5570 987 5628 pecca·
1042 5553 1144 5612 diendi
1159 5553 1196 5609 dc
1209 5557 1332 5628 peccato
1345 5552 1484 5620 ostendit,
1495 5551 1601 5608 tandiu
1610 5549 1698 5606 nohis
1711 5546 1877 5606 individuo

163 5639 226 5694 tum
240 5651 294 5711 per
308 5638 426 5694 Petrum
441 5637 627 5710 designatur,
641 5656 695 5715 per
708 5641 850 5714 angelum
864 5644 989 5718 33111331
1043 5637 1878 5716 03311313311133331,33033333,333331333333133313333-
