4002 6174
224 201 278 258 lib
913 193 1080 254 utnbortts
1096 193 1237 252 annuat
1880 203 1928 260 420

225 337 285 396 que
299 321 391 378 mode
406 321 540 379 diversas
553 326 583 379 et
596 321 768 396 ampliores,
783 327 811 379 et
820 322 851 379 in
869 320 1053 395 quibusdem
1071 319 1235 378 amodum
1249 320 1381 377 historia
1395 324 1476 378 recto
1487 325 1516 378 et
1530 320 1692 395 tranquillo
1702 320 1814 380 ierabrr
1828 339 1928 394 oursu;

225 411 417 468 districtiores
431 411 575 469 termulae
602 411 743 480 efficiunt,
774 409 942 468 secundum
970 409 1054 482 quod
1109 408 1262 466 altervero
1278 409 1418 467 anfractis
1434 411 1558 468 saltibus
1573 412 1771 482 concinatur;
1794 413 1870 470 aliua
1898 417 1931 472 ri·

224 499 386 582 unicuique
400 500 547 558 motiones
563 517 632 558 cum
659 500 921 558 adherectionibus
947 496 1054 570 adjun-
1108 497 1215 564 deutur
1229 501 1379 568 garrulus,
1400 505 1428 556 et
1456 517 1554 556 saevus
1582 501 1613 557 in
1637 501 1766 560 sublime
1792 504 1930 561 extollens

226 604 294 661 gere
318 593 454 662 possunt.
483 591 541 646 Nec
570 589 678 663 aliquis
704 590 865 648 modorum
894 587 1055 661 ampliores
1108 587 1294 642 audientium
1307 587 1435 652 animes.
1453 593 1524 646 item
1544 606 1615 646 vero
1644 591 1781 664 placidus
1795 593 1932 650 letitiam·

224 677 403 752 permittitur
415 677 526 735 babere
539 678 694 746 termulae,
710 679 767 736 nisi
782 697 850 753 quae
861 695 897 734 ex
917 678 985 750 ipso
1009 693 1054 732 re·
1109 691 1168 749 que
1183 675 1320 732 indicans
1335 693 1471 762 mornm;
1487 678 1569 752 quod
1581 680 1690 753 cuique
1704 681 1844 754 prudenti
1866 685 1930 740 satis

226 767 367 840 gratanter
380 770 514 838 generari
529 773 670 842 poterunt
685 787 692 838 ;
708 774 742 826 ut
753 769 791 827 sit
801 767 916 825 cautela
935 781 1055 840 parma-
1109 762 1232 835 patebit,
1244 779 1349 820 curare
1365 764 1391 820 si
1404 765 1557 824 studuerit.

224 857 308 915 xima
335 857 366 914 in
389 873 499 914 vocum
525 858 668 930 modulis,
697 859 771 918 dum
800 855 996 931 qualitatibus
1026 859 1056 911 et

225 946 442 1022 quantitatibus
453 946 645 1005 excreverint.
1146 941 1284 998 Diversae
1297 947 1397 998 autem
1407 943 1520 1000 babent
1535 943 1680 1002 iormuias
1696 947 1805 1019 singuli
1835 949 1933 1006 modo

263 1036 407 1104 Quocirca
422 1036 557 1092 musteus
568 1041 668 1094 motus
683 1036 813 1093 continet
824 1033 1000 1109 qualitatem
1028 1038 1057 1090 et
1109 1045 1188 1100 rum,
1202 1045 1279 1103 quas
1298 1031 1473 1101 regulariter
1491 1033 1532 1088 sic
1554 1033 1592 1090 da
1612 1050 1797 1110 unoquoque
1830 1039 1933 1112 produ-

227 1127 434 1200 quaatitatem.
449 1125 535 1192 Quod
550 1125 574 1184 si
589 1125 710 1204 desierit
736 1125 912 1198 qualitatem
940 1123 1057 1198 quanti-
1110 1119 1207 1175 cineus
1222 1119 1324 1176 modo.
1339 1121 1440 1178 Primo
1464 1123 1600 1180 orantum
1626 1127 1823 1184 constituatur
1845 1131 1932 1188 musi-

226 1219 379 1288 talemque
391 1219 491 1271 motus
505 1215 627 1284 habere,
640 1217 704 1288 jam
718 1231 779 1272 non
794 1216 927 1272 musicus
956 1219 1056 1271 motus
1109 1225 1162 1274 oue
1186 1213 1298 1276 motui,
1322 1209 1351 1265 in
1376 1227 1438 1284 (1110
1462 1212 1499 1268 sii
1527 1213 1656 1286 qualitas
1671 1220 1700 1272 ui
1724 1217 1888 1289 quantitas,
1902 1235 1933 1275 ex

227 1304 290 1360 erit.
308 1303 440 1370 Qualitas
454 1308 554 1365 autem
569 1309 669 1362 motus
685 1309 738 1370 ast,
758 1310 857 1363 utrum
885 1305 922 1360 sit
950 1307 1055 1376 protus
1108 1315 1170 1372 quo
1200 1297 1345 1368 regularis
1371 1316 1430 1356 vox
1457 1301 1559 1360 oritur.
1591 1306 1632 1359 Ex
1658 1304 1800 1377 qualitate
1839 1312 1933 1364 autam

226 1392 275 1451 vei
288 1392 438 1462 deuterus,
455 1398 508 1450 aut
520 1394 646 1468 quilibet
656 1394 732 1450 alius
749 1394 870 1454 modus,
900 1393 1056 1460 Quantitas
1108 1387 1192 1444 medi
1206 1391 1235 1443 et
1248 1403 1284 1443 ex
1303 1388 1469 1462 quantitate
1491 1390 1601 1462 singuli
1624 1398 1933 1466 procreanturmotus.

227 1480 339 1548 auum,
352 1481 527 1534 utrumnam
543 1478 580 1535 sit
593 1478 714 1551 duplus,
731 1477 909 1551 sesquialter
924 1481 977 1534 aut
992 1493 1055 1533 ses·
1109 1479 1172 1532 Vox
1185 1479 1286 1532 autem
1303 1475 1337 1532 flt
1357 1478 1558 1550 praepositive,
1589 1483 1759 1556 appositiva
1785 1488 1812 1540 st
1830 1485 1935 1558 subpo

202 1556 393 1640 'quitertiua
406 1566 539 1633 Qualitas
553 1567 584 1623 in
597 1567 757 1628 modorum
769 1567 936 1640 partebus,
961 1581 1056 1639 quen·
1109 1564 1205 1621 sitive.
1233 1567 1304 1631 Qua
1332 1565 1406 1622 dum
1435 1566 1524 1624 simui
1552 1570 1706 1642 permixta
1746 1572 1864 1641 marini,
1894 1591 1934 1631 re·

227 1656 295 1714 titas
310 1655 561 1727 inmagnitudine
577 1656 779 1730 prescribitur
808 1661 954 1713 motuum.
984 1659 1057 1711 rrae
1076 1653 1227 1728 ssguiares
1255 1657 1284 1710 et
1309 1654 1538 1728 probatissimas
1563 1659 1594 1714 in
1627 1676 1810 1736 unoquoque
1844 1663 1936 1720 modo

228 1749 351 1806 tereaet
370 1745 533 1804 modorum
562 1746 685 1802 diversae
708 1747 822 1818 speeies
849 1760 910 1802 non
930 1745 1057 1807 minima
1109 1741 1224 1800 eoniert
1249 1742 1406 1800 iormuies.
1432 1745 1518 1811 Quod
1540 1753 1574 1804 ut
1599 1747 1715 1806 facilius
1737 1755 1846 1824 pateat,
1863 1753 1935 1823 tigu-

210 1833 405 1908 ·preepoiient
417 1834 583 1907 quantitate
596 1852 649 1892 seu
663 1835 815 1908 qualitate,
827 1834 901 1892 dum
925 1849 1003 1890 uuus
1025 1835 1055 1890 in
1109 1849 1175 1890 ram
1190 1831 1384 1904 subjecimus,
1404 1850 1466 1907 quo
1496 1835 1610 1893 iacilior
1636 1855 1689 1912 per
1709 1839 1813 1900 cardos
1828 1842 1880 1899 via
1904 1842 1936 1899 sit

777 2027 967 2086 liiatessaron
1082 1985 1088 2136 i
1229 2023 1372 2098 aquodam
1495 1995 1499 2026 Ι

449 2299 632 2358 Semtditeno
765 2139 773 2410 ι
1084 2264 1277 2412 'anruqre
1401 2159 1408 2426 Ι
1547 2301 1734 2362 Dialessaron

905 2305 1034 2379 propriis

851 2517 878 2590 Ξ

1298 2514 1325 2586 Ξ
1405 2575 1590 2638 semiditono
1637 2517 1644 2712 Ι

610 5413 640 5630 ξ
691 5588 823 5605 ,-
1372 5573 1479 5589 ....

612 5635 645 5679 0

577 5228 677 5860 Ι
710 5695 718 5860 i
899 5731 1085 5793 ttustcus
1121 5728 1263 5788 uerus
1446 5684 1453 5834 Ι
