3990 6184
75 177 139 234 1385
323 165 326 169 ’
739 167 929 226 auooutmt.
945 197 979 206 —
999 168 1063 224 ΜΒ.
1085 170 1118 227 tt.
1718 186 1786 241 138⁶

72 318 139 358 rum
161 299 249 373 quasi
275 299 363 354 bians
384 313 445 361 ore,
461 295 675 368 excutiensque
690 294 764 362 alas,
780 290 940 350 instabili
957 306 1018 348 non
1031 292 1121 366 longe
1141 303 1211 354 sunt
1225 301 1382 371 persecuti,
1394 301 1468 376 quia
1482 300 1626 372 incogniti
1647 305 1693 375 is„
1708 305 1791 364 ineo·

70 390 166 462 lisque
182 388 309 462 pedibus
330 392 359 442 et
384 386 445 441 suis
461 385 586 442 devictis
608 383 813 458 quietissimus
828 384 903 438 toto·
957 380 1055 450 guilis.
1073 385 1121 441 En.
1139 386 1184 457 P.]
1196 385 1333 446 locorum
1348 391 1445 446 noctis
1461 389 1641 450 obscuritate
1657 401 1725 452 sunt
1740 413 1786 454 re-

71 494 130 552 que
157 493 282 550 corpore
308 475 466 532 demissus.
493 474 579 540 Quod
607 474 763 546 requirens
786 468 904 556 Turchil
957 470 1037 526 tenti.
1053 472 1140 543 Angli
1162 490 1231 532 vero
1245 476 1304 533 loci
1322 493 1384 534 non
1403 478 1500 550 inscii,
1528 478 1585 537 cito
1607 497 1625 538 a
1646 485 1788 543 manibus

71 573 175 624 auctor
191 567 281 641 primi
296 565 408 639 praelii:
425 587 439 614 «
456 567 637 635 pugnemus,
657 563 765 636 inquit,
781 560 902 618 viriliter
956 557 1088 617 hostium
1103 567 1172 620 sunt
1193 565 1296 639 elapsi,
1317 583 1368 624 eos
1391 567 1596 641 relinquentes
1618 571 1659 627 ad
1680 573 1787 646 spolia,

72 655 144 714 socii
168 655 240 711 nihil
256 655 335 711 enim
360 653 447 710 nobis
469 653 524 709 erit
542 652 674 726 periculi.
691 651 752 708 lloc
773 649 903 722 denique
957 663 1081 722 seseque
1096 650 1202 710 dantes
1218 655 1256 711 ad
1269 655 1429 714 inhonesta
1444 656 1570 727 refugia.

71 750 195 803 testatur
220 743 366 800 instabilis
391 759 498 799 corvus
521 741 725 815 praesagientis
762 737 903 796 vexilli.»
992 740 1072 794 Tunc
1088 739 1214 798 victores
1235 759 1291 801 sua
1312 744 1372 801 laeti
1393 746 1526 816 victoria,
1552 750 1704 806 transacta
1722 751 1787 824 jam

73 839 137 902 Ouo
162 834 275 902 audito,
300 833 368 906 equi
394 832 584 889 audentiores
608 831 704 888 effecti
727 828 904 901 ferratisque
957 831 1044 884 nocte
1056 827 1125 901 plus
1138 831 1249 899 media,
1264 839 1441 906 pernoctant
1450 835 1533 909 quod
1546 844 1700 910 supererat
1712 839 1788 898 inter

71 923 201 980 induviis
220 923 361 982 indurati.
387 927 548 978 occurrunt
571 919 691 990 Angelis
717 919 748 975 in
772 921 905 975 AEscene·
958 918 1168 975 mortuorunm
1183 921 1340 979 cadavera.
1356 927 1419 981 Non
1434 929 1535 982 autem
1547 925 1577 982 in
1592 931 1679 984 nocte
1693 930 1789 1002 spolia

71 1012 155 1068 duno
169 1011 245 1076 loco,
268 1009 351 1084 quod
368 1025 424 1066 nos
449 1010 542 1066 Latini
567 1013 701 1065 montem
717 1007 904 1064 fraxinorum
957 1003 1171 1070 dirimunt,sed
1182 1009 1300 1067 interim
1317 1015 1563 1087 suosrequirunt,
1579 1032 1706 1090 seseque
1717 1019 1790 1076 adu-

71 1099 426 1175 possimusinterpretari.
436 1098 683 1170 tbiquenundum
693 1096 904 1166 congressione
957 1099 1063 1150 nantes
1087 1101 1118 1152 ut
1142 1100 1306 1156 securiores
1327 1117 1392 1158 esse
1414 1107 1548 1176 possent,
1572 1105 1663 1162 simul
1683 1123 1791 1166 omnes

72 1192 162 1257 tacta,
186 1189 280 1251 lidiic,
307 1204 399 1261 quem
422 1188 556 1260 primum
581 1187 725 1244 comitum
754 1183 904 1242 Edmundi
958 1198 1020 1238 uno
1045 1184 1075 1240 in
1101 1184 1168 1243 loco
1192 1189 1392 1261 perstiterunt.
1421 1191 1610 1250 illucescente
1625 1211 1697 1251 vero
1723 1197 1790 1270 jam

71 1280 213 1346 diximus,
229 1279 293 1334 hac
310 1276 372 1334 suis
387 1276 485 1332 intulit
500 1275 663 1332 affamina:
680 1298 693 1324 ιι
705 1274 905 1346 fugiamuso
958 1287 1058 1340 mane,
1076 1291 1201 1333 suorum
1227 1284 1395 1349 agnoscunt
1415 1280 1526 1338 multos
1547 1282 1578 1338 in
1598 1284 1701 1355 pretio
1718 1286 1792 1344 ceci·

71 1370 155 1440 socii,
180 1369 332 1441 vitamque
365 1367 581 1424 subtrahamus
609 1365 697 1422 morti
724 1362 902 1434 imminenti,
957 1358 1047 1429 disse,
1063 1377 1194 1434 quorum
1214 1367 1363 1425 cadavera
1385 1373 1417 1426 ut
1437 1374 1575 1442 poterant
1594 1373 1789 1432 tumulavere.

73 1458 206 1532 alioquin
227 1456 443 1514 occumbemus
454 1455 542 1512 illico.
560 1458 712 1512 banorum
728 1455 809 1510 enim
821 1451 903 1508 duri·
957 1446 1002 1502 Ab
1017 1448 1260 1511 adversariorum
1271 1458 1547 1530 quoquememhris
1560 1458 1712 1518 abradunt
1723 1479 1792 1535 spo·

73 1549 145 1606 tiam
159 1562 265 1605 nosco,
280 1569 294 1596 a
309 1549 341 1602 Et
356 1545 452 1602 velato
467 1544 576 1601 vexillo
591 1544 674 1618 quod
688 1543 793 1600 dextra
809 1545 904 1614 geste·
957 1537 1008 1610 lia,
1016 1538 1119 1598 bestiis
1132 1546 1160 1599 et
1170 1544 1279 1602 avibus
1291 1561 1397 1618 eorum
1409 1547 1611 1621 relinquentes
1619 1552 1788 1621 morticina,

70 1638 133 1707 bat,
158 1637 236 1694 dans
248 1640 366 1705 tergum
378 1635 526 1703 hostibus,
543 1650 687 1704 magnam
699 1638 815 1708 partem
829 1631 905 1688 mili·
919 1647 940 1702 g
959 1632 987 1684 et
1002 1627 1041 1686 ad
1062 1646 1155 1688 naves
1183 1633 1352 1703 redeuntes,
1380 1636 1627 1711 londoniamque
1654 1645 1789 1714 repeten-

71 1733 136 1784 tum
151 1727 230 1784 hello
245 1725 415 1782 fraudabat.
431 1729 472 1792 Et,
490 1731 522 1781 ut
537 1724 904 1798 quidamaiunt,hocu0n
961 1721 1014 1785 tes,
1040 1719 1160 1777 saniora
1182 1721 1238 1779 sibi
1259 1730 1400 1796 querunt
1432 1727 1567 1784 consilia.
1601 1727 1740 1788 Similiter
1762 1736 1792 1788 et

72 1833 167 1875 causa
188 1817 249 1888 egit
263 1815 388 1886 timoris,
404 1815 456 1872 sed
481 1814 659 1886 dolositatis,
675 1819 708 1871 ut
721 1818 826 1889 postea
845 1812 905 1870 cla·
959 1807 1046 1880 Angli
1072 1825 1128 1867 suo
1149 1827 1219 1868 cum
1242 1812 1377 1886 principe
1392 1814 1448 1871 sihi
1473 1816 1634 1875 consulunt
1657 1824 1687 1877 st
1700 1835 1791 1893 super

72 1907 141 1972 ruit,
161 1903 304 1978 quiahoc
318 1903 480 1962 eumclam
497 1905 585 1962 [lanis
599 1904 784 1976 promisisse,
806 1903 906 1960 nescio
959 1896 1016 1954 hoc
1031 1899 1142 1969 nogotii
1157 1899 1207 1956 Dei
1231 1902 1375 1958 auxilium
1399 1910 1548 1976 quaerunt,
1563 1907 1662 1979 utqui
1684 1909 1791 1966 totiens

74 2011 137 2068 quo
156 2010 212 2068 pro
227 1993 383 2061 beneficio,
406 1993 529 2050 assertio
549 1992 714 2050 multorum
728 1992 808 2048 dicit.
825 1995 906 2047 Tunc
960 1986 1053 2042 armis
1069 1993 1139 2044 sunt
1151 1989 1269 2058 devicti,
1283 1990 1389 2048 saltem
1404 1991 1506 2066 aliquo
1518 1994 1642 2052 consilio
1657 1997 1793 2055 valerent

77 2083 253 2139 tidmundus
272 2083 329 2138 hoc
353 2082 477 2139 intuitus
493 2086 523 2138 ct
540 2081 673 2154 undique
694 2080 883 2150 angustiatus
898 2096 904 2134 :
959 2090 1115 2132 remanere
1129 2076 1252 2135 suffulti.
1269 2081 1334 2138 tam
1347 2080 1438 2138 etiam
1451 2083 1584 2152 Edricus,
1600 2084 1652 2159 qui
1667 2091 1758 2144 antea
1772 2103 1791 2143 a

75 2193 88 2220 «ι
111 2174 133 2228 o
149 2171 245 2242 Angli,
264 2170 370 2243 inquit,
387 2175 439 2227 aut
453 2171 542 2227 hodie
558 2169 716 2232 bellabitis,
729 2174 782 2227 aut
801 2183 907 2226 omnes
959 2161 1038 2221 bello
1053 2167 1175 2224 recessit
1193 2167 1350 2241 profugus,
1365 2171 1405 2227 ad
1419 2171 1579 2230 dominum
1595 2190 1685 2231 suum
1700 2182 1728 2232 et
1753 2177 1793 2234 ad

76 2274 136 2315 una
150 2259 181 2314 in
196 2256 379 2314 deditionem
393 2257 482 2314 ibitis,
500 2260 635 2328 Pugnate
649 2258 739 2328 igitur
751 2273 806 2330 pro
821 2255 908 2314 liher-
961 2252 1058 2310 socios
1069 2253 1157 2311 rediit
1168 2259 1197 2309 et
1209 2261 1365 2329 susceptus
1381 2263 1434 2328 est,
1450 2259 1523 2332 quia
1534 2259 1578 2316 vir
1591 2261 1664 2318 boni
1677 2263 1793 2320 consilii

75 2353 133 2406 tate
154 2357 182 2403 et
197 2347 304 2419 patria,
322 2347 374 2402 viri
389 2347 513 2403 cordati.
530 2346 562 2403 lli
577 2347 689 2419 quippe
705 2347 757 2420 qui
778 2345 906 2416 fugiunt,
961 2339 1025 2397 fuit.
1040 2346 1066 2397 ls
1079 2359 1207 2413 surgens
1221 2343 1252 2400 in
1266 2345 1367 2402 medio
1382 2347 1513 2418 agmine,
1530 2365 1637 2405 omnes
1651 2351 1703 2406 tali
1717 2351 1791 2408 allo-

76 2439 177 2510 utpote
200 2434 396 2501 formidolosi,
416 2435 440 2490 si
451 2450 513 2490 non
528 2434 655 2500 abirent,
664 2438 764 2490 essent
783 2433 908 2506 impedi·
961 2433 1048 2484 cutus
1067 2435 1112 2486 est
1134 2446 1294 2490 sermone:
1320 2457 1333 2484 a
1353 2434 1429 2492 ticet
1449 2436 1591 2494 omnibus
1605 2454 1682 2512 pene
1705 2440 1792 2499 vobis

75 2529 178 2580 mento
192 2521 343 2579 exercitui.
358 2545 372 2572 s
387 2525 421 2578 Et
433 2522 496 2578 hac
512 2522 625 2589 dicem,
637 2522 668 2578 in
680 2521 796 2578 medios
810 2522 907 2593 ingre·
962 2517 1019 2575 sim
1040 2519 1167 2592 invisus,
1182 2521 1260 2594 ¹quia
1287 2523 1365 2580 bello
1393 2525 1479 2593 cessi,
1507 2531 1607 2584 lamen
1635 2529 1659 2585 si
1686 2531 1792 2587 vestris

75 2614 156 2670 ditur
169 2611 279 2674 hostes,
293 2611 531 2684 circumquaque
543 2611 662 2667 credens
673 2610 906 2678 lianos‚nobiles
962 2606 1077 2665 sederet
1092 2608 1200 2666 animis
1217 2611 1302 2668 dictis
1317 2629 1421 2686 parere
1436 2616 1494 2672 mei
1510 2617 1636 2690 consilii,
1653 2619 1792 2676 victorio-

75 2702 134 2756 hoc
148 2699 286 2774 exemplo
301 2715 373 2756 suos
387 2699 517 2757 reddens
531 2700 569 2756 ad
590 2698 765 2756 bellandum
787 2699 907 2773 pronio·
961 2696 1055 2754 siores
1070 2697 1148 2754 effici
1163 2716 1231 2756 meo
1246 2703 1382 2760 consultu
1396 2706 1533 2777 possetis,
1547 2722 1639 2779 quam
1663 2709 1688 2765 si
1705 2709 1792 2766 totius

74 2804 133 2844 res.
150 2788 350 2844 Commissum
366 2792 411 2845 est
425 2804 496 2860 ergo
518 2788 653 2861 praelium
678 2788 816 2863 pedestre
842 2805 908 2860 gra·
962 2787 1186 2845 terraehisviris
1201 2791 1375 2849 resisteretis
1391 2795 1581 2852 armissatis
1597 2798 1678 2855 enim
1693 2800 1792 2856 Dano-

74 2876 242 2944 vissimum,
259 2877 333 2932 dum
349 2877 423 2933 nani
433 2876 500 2932 licet
514 2876 672 2950 pauciores
685 2877 777 2934 nescii
789 2876 905 2948 cedere,
960 2891 1030 2932 rum
1044 2877 1184 2935 victorias
1198 2885 1348 2954 expertus,
1366 2882 1475 2940 frustra
1490 2901 1546 2940 nos
1560 2886 1644 2943 reniti
1666 2888 1792 2946 omnino

73 2966 176 3036 magis
191 2965 332 3036 eligerent
346 2965 580 3023 internecionem
595 2965 778 3040 quamfugas
793 2966 943 3050 pericu-c
963 2965 1034 3035 scio,
1055 2970 1084 3023 et
1108 2967 1148 3024 ob
1173 2969 1230 3026 hoc
1252 2987 1300 3027 me
1324 2971 1458 3028 subtraxi
1480 2989 1498 3030 a
1520 2974 1633 3048 prelio,
1658 2983 1690 3033 ut
1704 2977 1792 3035 vobis

74 3055 150 3112 lum.
164 3055 313 3112 Resistunt
324 3055 425 3128 itaque
438 3055 558 3112 viriliter
572 3055 746 3131 etpraelium
758 3057 834 3114 hora
848 3055 907 3112 diei
961 3056 1157 3128 postmodum
1171 3059 1347 3132 prodessem
1367 3061 1502 3130 consilio,
1524 3079 1586 3120 non
1601 3069 1634 3121 ut
1648 3082 1702 3122 vos
1716 3068 1793 3124 esti-

74 3161 160 3203 nona
172 3150 303 3219 coeptum
315 3145 431 3203 ducunt
441 3145 472 3202 in
486 3159 653 3218 vesperam,
661 3161 693 3202 se
709 3144 815 3214 gladiis
823 3143 907 3202 baud
962 3144 1060 3213 matis,
1082 3146 1237 3218 perculsus
1252 3147 1358 3205 timore
1373 3149 1484 3222 aliquo.
1503 3154 1578 3208 llum
1592 3153 1671 3210 enim
1686 3155 1792 3213 scirem

74 3239 185 3307 sponte
200 3239 399 3307 opponentes,
416 3233 470 3290 sed
484 3232 654 3304 gladiorum
670 3232 780 3290 aculeis
802 3233 907 3291 valun—
961 3248 1082 3289 necesse
1104 3249 1169 3290 esse
1183 3251 1232 3291 me
1247 3235 1359 3306 fugere,
1376 3237 1448 3310 quid
1464 3239 1556 3296 satius
1577 3239 1641 3307 fuit,
1657 3247 1709 3299 aut
1730 3244 1793 3300 vul-

73 3323 170 3379 tarius
182 3322 351 3395 [valentius]
365 3322 440 3380 alios
456 3327 606 3392 urgentes.
622 3321 740 3379 Cadunt
752 3323 906 3396 utriusque
962 3327 1112 3395 neretum,
1128 3328 1181 3380 aut
1194 3340 1303 3382 sanum
1325 3327 1462 3384 recedere
1475 3328 1489 3384 ‘l
1511 3331 1560 3384 Est
1578 3330 1685 3402 procul
1698 3332 1793 3389 dubio

72 3411 169 3486 partis
190 3410 308 3478 armati,
329 3411 398 3484 plus
412 3415 514 3468 nmen
533 3410 599 3482 ejus
614 3426 682 3482 quoe
702 3415 765 3467 erat
780 3425 907 3467 numero
962 3417 1043 3470 certa
1064 3412 1189 3470 victoria
1211 3413 1363 3472 interdum
1390 3415 1430 3474 ab
1457 3416 1572 3474 fortiori
1602 3419 1687 3476 hoste
1716 3420 1793 3478 elabi

72 3499 274 3557 eminentiori.
290 3499 389 3556 Atubi
401 3500 466 3572 J'am
482 3498 698 3572 advesperante
714 3499 810 3556 noctis
824 3500 908 3556 ades·
961 3501 1102 3572 fuga,cui
1118 3503 1221 3575 nequit
1235 3503 1330 3561 resisti
1342 3520 1503 3578 perarma.
1515 3507 1624 3564 Omnes
1636 3510 1717 3566 enim
1740 3511 1793 3584 qui

73 3593 143 3647 sent
167 3595 313 3664 tempora,
337 3589 429 3646 vincit
453 3605 539 3646 amor
558 3588 689 3645 victoriis
714 3589 905 3645 tenebrarum
963 3589 1121 3659 adsumus,
1137 3592 1214 3664 prob
1228 3591 1332 3648 dolort
1354 3593 1497 3665 fugimus.
1517 3596 1574 3654 Sed
1588 3613 1626 3654 ne
1641 3597 1689 3656 hic
1703 3615 1793 3656 casus

71 3679 281 3745 incommoda,
302 3679 374 3752 quia
395 3694 494 3751 neque
514 3677 680 3734 horrebant
699 3677 850 3744 tenebras,
866 3678 909 3734 in·
963 3679 1050 3736 vobis
1065 3680 1183 3738 eveniat
1208 3681 1342 3754 ulterius,
1357 3683 1478 3742 dexhas
1501 3686 1592 3743 lienis
1614 3687 1733 3760 demus,
1749 3695 1792 3758 ut,

72 3773 173 3825 stante
183 3783 256 3826 cura
268 3769 502 3840 majoremque
513 3766 604 3822 etism
614 3766 693 3822 nocti
705 3765 910 3836 dignabantur
962 3767 1047 3842 ipsos
1072 3767 1234 3825 foederatos
1252 3770 1408 3841 babentes,
1433 3773 1537 3843 lugam
1565 3775 1793 3850 periculumque

72 3857 348 3926 cedere,inhostem
362 3860 479 3914 tentum
492 3855 565 3912 dum
576 3853 724 3911 ardebant
737 3855 907 3927 praevalere.
963 3855 1112 3911 bellorum
1141 3856 1182 3912 sic
1208 3856 1315 3914 saltem
1341 3857 1536 3916 declinemus.
1567 3865 1705 3919 Attamen
1736 3864 1793 3920 hoc

74 3951 112 4004 Et
123 3946 180 4003 nisi
198 3946 271 4003 luna
284 3945 452 4003 clarescens
468 3945 568 4017 ipsum
583 3947 766 4000 monstraret
779 3943 908 4012 hostem,
964 3944 1048 4000 aliter
1070 3943 1174 4016 nequit
1194 3942 1268 4015 fieri,
1284 3946 1342 4002 nisi
1366 3945 1513 4004 divisione
1528 3950 1613 4020 regni
1637 3952 1739 4007 nostri.
1761 3955 1795 4008 Et

74 4036 341 4109 crederetquisque
355 4051 445 4091 suum
455 4033 741 4102 commihtonem,ut
755 4031 910 4088 inimicum
963 4032 1071 4090 melius
1084 4048 1151 4089 esse
1160 4031 1275 4104 judico,
1291 4038 1324 4089 ut
1336 4035 1526 4092 medietatem
1537 4039 1621 4108 regni
1632 4055 1685 4096 rex
1694 4045 1795 4097 noster

75 4127 277 4194 resistentem,
304 4124 464 4198 nullusque
482 4124 636 4197 utriusque
661 4122 755 4196 partis
774 4122 909 4196 supervi·
964 4135 1117 4194 cumpace
1126 4119 1248 4190 habeat,
1257 4137 1352 4194 quam
1363 4126 1458 4180 totum
1468 4125 1694 4198 pariterinvitus
1707 4130 1794 4187 amit·

73 4221 173 4286 verat,
188 4216 245 4273 nisi
260 4231 351 4289 quem
366 4213 616 4285 fulgasalvasset.
626 4217 740 4270 interea
755 4215 911 4286 coeperunt
965 4215 1016 4268 tat.
1033 4233 1047 4261 r
1070 4209 1182 4268 Placuit
1194 4224 1293 4266 serino
1309 4211 1516 4284 optimatibus,
1540 4218 1578 4284 et,
1591 4215 1660 4273 licet
1673 4217 1793 4288 invitus,

74 4306 166 4378 Angli
185 4305 313 4375 fatigari,
329 4303 534 4377 paulatimque
548 4303 651 4372 fugam
672 4302 820 4371 meditari,
835 4301 909 4358 dum
924 4345 947 4400 D
965 4300 1023 4356 hoc
1048 4303 1148 4355 temen
1172 4298 1278 4354 annuit
1303 4298 1500 4369 tidmuudus3
1524 4303 1686 4378 electisque
1708 4307 1796 4364 iuter-

74 4397 231 4453 intuentur
244 4397 344 4452 Dauos
359 4391 390 4449 in
412 4393 470 4448 hoc
485 4390 672 4465 conspiratos
694 4395 844 4464 quatenus
858 4393 911 4446 aut
965 4387 1088 4458 nuntiis,
1103 4386 1255 4460 premittit
1268 4387 1308 4444 ad
1322 4404 1416 4446 naves
1432 4393 1584 4462 cnutonis,
1608 4394 1661 4468 qui
1675 4395 1796 4452 dextras

74 4485 231 4542 vincerent
244 4488 298 4540 aut
308 4497 403 4556 usque
413 4480 453 4539 ad
465 4497 561 4538 unum
571 4495 677 4537 omnes
693 4495 754 4537 una
767 4480 908 4555 perirent.
965 4476 1056 4533 Danis
1071 4475 1143 4532 dent
1165 4479 1194 4533 et
1208 4477 1357 4550 accipiant
1378 4478 1418 4536 ab
1430 4479 1482 4536 eis.
1498 4481 1578 4547 Quos
1599 4481 1650 4538 ubi
1663 4484 1795 4555 primum

75 4571 265 4630 Videbantur
278 4569 358 4628 enim
377 4569 413 4626 iis
427 4573 498 4627 tunc
519 4567 741 4625 numerosiores
759 4571 788 4624 et
802 4567 833 4623 in
848 4571 911 4624 tem
966 4565 1039 4624 Dani
1064 4565 1214 4623 venientes
1238 4565 1400 4635 intuentur,
1424 4569 1629 4641 exploratores
1654 4585 1705 4626 cos
1731 4588 1796 4629 esse

77 4661 197 4718 diutina
216 4660 435 4718 conflictatione
450 4659 595 4716 fortiores.
611 4657 756 4714 Fortiores
779 4671 912 4730 namque
965 4654 1166 4728 suspicantur,
1195 4655 1248 4712 sed
1267 4661 1429 4730 postquam
1452 4657 1578 4729 propius
1608 4673 1661 4713 eos
1694 4659 1799 4718 vident

77 4765 134 4808 eos
147 4749 420 4808 asumsbautvera
435 4748 616 4822 suspicione,
629 4746 774 4819 quiajam
785 4744 913 4802 stimulis
966 4743 1119 4816 accedere,
1135 4743 1284 4802 accersitis
1303 4745 1345 4800 eis
1364 4744 1513 4817 quidnam
1531 4746 1714 4818 quaesierunt
1737 4750 1796 4806 orsi

1 4849 2 4854 ’
77 4838 151 4896 ferri
170 4837 356 4904 commoniti,
372 4851 508 4909 casuque
531 4851 655 4892 suorum
682 4833 791 4892 turbati
816 4832 912 4904 magis
967 4837 1036 4890 sunt
1049 4832 1187 4902 rogitare.
1205 4831 1339 4888 llicentes
1353 4831 1525 4889 veroabeis
1539 4848 1595 4905 pro
1610 4835 1798 4895 conficienda

79 4927 263 4986 videbantur
296 4925 398 4982 sevire
430 4940 524 4997 quam
554 4923 675 4982 bellare.
707 4923 788 4982 Unde
815 4921 912 4993 Angli,
966 4936 1106 4994 paceeos
1120 4920 1230 4987 venire,
1251 4918 1450 4976 loetanteseos
1464 4919 1572 4976 sistunt
1585 4921 1797 4993 conspectibus

1 5034 2 5052 ¹
77 5023 166 5090 terga
177 5021 339 5088 vertentes,
352 5015 409 5072 hac
422 5018 452 5071 ct
465 5013 516 5070 illa
535 5012 663 5084 fugitant
676 5012 794 5086 absque
817 5017 913 5080 mota,
968 5009 1057 5080 regis.
1072 5011 1163 5066 Erant
1175 5007 1257 5066 enim
1272 5006 1382 5064 obnixe
1397 5012 1536 5082 optantes
1547 5024 1694 5084 prospera
1702 5011 1797 5084 pacis,

79 5121 202 5181 semper
227 5109 296 5164 ante
324 5102 531 5162 adversarium
558 5100 709 5171 cadentes,
737 5101 915 5174 adduntque
966 5100 1031 5171 jam
1050 5097 1121 5154 lassi
1134 5095 1283 5154 bellorum
1305 5101 1335 5153 et
1348 5097 1570 5154 continuatione
1585 5099 1797 5170 navigationis.

79 5197 176 5254 decus
205 5195 349 5253 (tautonis
376 5199 405 5250 et
427 5191 569 5258 victorie,
592 5189 733 5248 decorato
755 5190 916 5248 Edmundo
968 5192 1049 5244 Tunc
1071 5186 1165 5254 missi,
1190 5201 1259 5258 rege
1287 5186 1411 5260 pacifice
1432 5185 1583 5244 salutato:
1624 5211 1638 5236 ιι
1661 5188 1801 5246 lliserunt

81 5285 214 5358 fugiente
234 5283 379 5360 principe.
401 5282 457 5350 Qui
471 5281 540 5338 licet
553 5279 687 5338 devictus
703 5279 917 5338 valentioribus
970 5293 1037 5344 nos,
1054 5275 1204 5348 inquiunt,
1221 5274 1260 5332 ed
1272 5279 1338 5344 te,o
1353 5291 1416 5346 rex,
1430 5276 1569 5351 princeps
1584 5281 1684 5334 noster
1692 5283 1720 5334 et
1734 5292 1802 5350 pro-

1 5414 3 5427 .
81 5373 472 5442 cedensrecederct,tamen
486 5370 587 5428 adhuc
601 5384 663 5426 non
679 5369 798 5444 penitus
813 5369 919 5442 despe·
971 5367 1258 5422 cerumuostrorum
1272 5363 1442 5430 mtdtitudo‚
1467 5369 1499 5420 ut
1513 5366 1683 5422 consentias
1705 5367 1747 5424 eis
1763 5367 1801 5424 de

1 5482 3 5516 l

1 5664 3 5696 l

80 5480 166 5532 rans,
191 5464 309 5522 tulisse
327 5459 478 5520 commisit
495 5459 579 5539 locis,
601 5463 633 5516 ut
652 5459 788 5526 demum,
804 5457 917 5514 fortiori
972 5470 1056 5530 pace,
1072 5459 1100 5511 et
1114 5453 1191 5510 datis
1206 5451 1294 5510 nobis
1314 5452 1426 5509 dextris
1441 5457 1471 5509 et
1483 5453 1651 5524 obsidibus,
1673 5473 1691 5514 a
1715 5457 1801 5515 nobis

83 5551 275 5612 multitudine
299 5551 431 5618 collecta,
458 5549 567 5606 iterum
594 5546 777 5622 experiretur
801 5545 823 5602 si
843 5545 918 5620 quid
972 5544 1075 5602 itidem
1089 5542 1216 5618 recipias
1232 5558 1301 5598 cum
1319 5541 1403 5614 regni
1416 5541 1584 5600 medietate.
1598 5545 1756 5604 nominare
1769 5546 1800 5604 in

86 5647 161 5718 rorte
177 5643 234 5704 eibi
246 5642 320 5704 boni
334 5639 493 5728 succedere
507 5642 618 5714 posset.
634 5641 670 5696 at
684 5636 758 5696 bani
773 5635 918 5712 tigrem
973 5632 1086 5692 boreali
1101 5635 1185 5706 parte
1212 5646 1282 5688 cum
1306 5629 1425 5704 quiete;
1453 5646 1470 5687 e
1497 5630 1619 5779 regio‘n‘e
1638 5638 1739 5692 autem
1767 5637 1804 5694 sit

302 5727 427 5792 rann.
447 5729 535 5789 ΠΗ.
