3998 6182
679 215 707 284 s.
728 213 1081 283 inhonestissimis
1102 218 1130 278 s.
1155 213 1293 277 naniam
1313 217 1443 276 amon.

756 499 836 616 B.
880 488 1371 612 numum

210 699 430 771 EPISTOLA
455 699 538 770 SEU
560 695 744 766 enahin
766 693 827 764 ab
852 689 1059 764 FRATRES
1085 687 1359 761 MONASTERII
1385 691 1421 758 S.
1448 687 1653 758 GERMANI
1684 689 1717 756 Α
1746 683 1905 757 Pharis.

963 854 1061 925 (anno
1083 851 1173 924 toas).

440 1005 526 1072 (nom
542 1004 679 1070 Finiarnn,
693 1001 825 1055 Histoire
838 998 875 1054 de
887 997 1023 1067 t'actaye
1036 996 1073 1053 cte
1087 995 1341 1058 Sciat-Garmain,
1356 997 1495 1063 preuves,
1510 1007 1581 1066 pag.
1596 993 1687 1062 mv).

961 1145 1175 1158 .—

246 1241 384 1298 Noverint
413 1238 510 1296 Sancti
532 1237 670 1295 Germani
702 1237 872 1294 parisiensis
899 1236 1034 1293 Ecclesia
1053 1233 1341 1291 hiunctisdaretur.
1360 1235 1538 1304 ipsetamcn
1553 1228 1909 1303 adjacitqnatenusadie

211 1327 337 1402 professi
351 1327 432 1401 quod
445 1327 576 1382 domnus
591 1321 763 1382 Gnillelmus
780 1325 830 1396 (sc.
847 1323 973 1396 primus)
986 1323 1038 1379 ab·
1092 1323 1150 1378 bus
1164 1322 1225 1378 suis
1241 1319 1381 1393 usquein
1396 1320 1488 1376 finem
1504 1318 1604 1375 saeculi
1617 1333 1672 1390 pro
1696 1316 1841 1373 fratribus
1861 1331 1908 1371 mc·

211 1419 267 1476 bas
279 1434 405 1474 assensu
430 1417 517 1473 totius
540 1415 660 1489 capituli
682 1414 783 1471 statuit
796 1415 879 1487 quod
893 1414 976 1470 omni
990 1414 1038 1469 dia
1092 1408 1236 1466 cientibus
1250 1407 1417 1465 tricesimus
1431 1407 1584 1481 plenarius
1606 1405 1638 1461 in
1666 1403 1826 1461 refectorio
1844 1407 1867 1459 et
1887 1403 1908 1459 in

211 1508 417 1566 anniversaria
426 1506 550 1562 nomina
559 1505 770 1561 detunctorum
782 1504 946 1560 iratrumin
956 1503 1038 1576 capi·
1092 1499 1218 1556 ecclesia
1232 1502 1349 1568 agatur,
1363 1503 1391 1554 et
1406 1495 1539 1552 similiter
1553 1493 1659 1552 diebus
1672 1509 1783 1552 eorum
1794 1493 1908 1549 anniver-

212 1595 274 1654 tuio
288 1595 527 1668 pronuntientur,
557 1598 585 1650 et
607 1593 739 1666 qnotidie
762 1610 782 1648 v
805 1591 923 1666 psalmi,
946 1591 1040 1648 Verbo
1093 1587 1179 1645 sariis
1195 1588 1225 1644 in
1238 1586 1393 1643 refectorio
1409 1585 1471 1656 fiat,
1487 1591 1516 1642 ot
1534 1585 1564 1642 in
1579 1581 1713 1659 capitulo
1733 1583 1908 1656 pronunties·

212 1701 276 1744 meu
292 1685 412 1755 scilicet,
439 1683 479 1740 ad
499 1681 663 1757 capitulum
688 1681 855 1740 finiendum
883 1687 1038 1738 canantur.
1095 1683 1150 1734 tur.
1166 1676 1221 1742 Qui
1235 1677 1313 1732 hanc
1328 1675 1572 1732 constitutionem
1586 1672 1809 1746 depravaverit,
1831 1671 1858 1727 in
1875 1687 1909 1726 ca·

212 1778 284 1843 Quae
313 1774 437 1849 quidem
461 1771 646 1829 consuetudo
667 1788 722 1844 pro
744 1771 928 1845 quibusdam
943 1770 1041 1827 causis
1094 1772 1148 1840 put
1162 1767 1227 1838 ejus
1241 1765 1398 1822 redundet.

212 1862 376 1934 depravata
400 1864 472 1916 erat.
498 1859 717 1914 constituerant
742 1859 823 1914 cnim
844 1857 969 1915 abbates
995 1857 1043 1912 sul
1110 1885 1111 1890 ι
1130 1856 1162 1912 ld
1178 1861 1279 1912 actum
1294 1859 1323 1911 et
1337 1851 1461 1910 consilio
1476 1858 1520 1910 est
1534 1847 1705 1910 testimonio
1722 1847 1842 1908 Baldrici
1855 1851 1908 1904 Bur·

211 1948 446 2023 predecessores
458 1944 542 2018 quod
557 1947 620 2020 ipse
630 1950 746 2002 mutare
759 1945 854 2002 noluit
868 1964 874 2002 :
887 1951 919 2002 ut
933 1944 1044 2003 scilicet
1096 1943 1239 2018 guliensis
1253 1942 1380 2002 abbatis.

213 2035 346 2110 quotidie
360 2052 422 2091 una
436 2031 600 2108 praebenda
614 2029 651 2091 de
665 2050 745 2107 pane
765 2039 794 2091 ct
811 2035 883 2091 vinc
908 2051 963 2108 pro
989 2036 1041 2092 do·

885 2330 975 2374 ANNO
997 2330 1117 2374 nomm
1138 2330 1260 2374 ΜΧΧΧΙ.

531 2505 952 2655 SANCTUS
1008 2505 1618 2652 GUlLLELMUS

783 2741 896 2803 ABBAS
917 2747 946 2804 S.
966 2739 1107 2804 BENlGNl
1127 2745 1357 2803 DIVIONENSlS.

471 3033 683 3121 notula
742 3033 1035 3123 bistonios
1091 3029 1146 3124 IN
1194 3042 1239 3127 S.
1290 3031 1671 3126 GUILLELMUM.

510 3215 609 3288 (Apud
624 3214 730 3272 nahffl.
746 3216 825 3273 Acta
836 3215 889 3272 SS.
907 3216 971 3272 ord.
988 3218 1020 3273 S.
1036 3219 1161 3287 Bmed„
1178 3219 1283 3276 Saeculi
1295 3221 1327 3274 Vl
1342 3221 1426 3291 parte
1440 3235 1459 3281 1,
1473 3233 1544 3292 pag.
1560 3219 1633 3290 320).

253 3491 277 3540 1.
298 3482 444 3541 Guillelmi
456 3486 555 3538 ortum
568 3481 609 3537 ad
624 3497 739 3537 annum
755 3482 818 3538 1031
836 3483 1043 3539 revocandum
1062 3490 1082 3543 B
1097 3483 1258 3540 indictione
1269 3500 1308 3552 ιιι,
1324 3485 1503 3540 accusemus
1516 3483 1674 3540 ordinatus
1685 3489 1726 3539 est
1737 3480 1816 3538 ottus
1827 3479 1896 3532 Sao-

216 3588 281 3629 csse
294 3572 445 3628 evidenter
458 3569 604 3640 colligitur
618 3586 655 3626 ex
669 3569 817 3644 Rodulphi
831 3571 930 3627 Glabri
944 3570 1045 3626 libello
1100 3574 1142 3627 ott
1152 3573 1283 3642 Benipni
1295 3587 1313 3628 o
1329 3569 1437 3628 domno
1447 3573 1593 3628 Brunone
1610 3573 1737 3641 episcopo
1749 3567 1892 3635 diogenen·

215 3659 253 3714 dc
267 3659 330 3715 Vita
347 3656 502 3727 Guillelmi,
519 3657 549 3712 in
565 3674 626 3730 quo
639 3657 753 3714 obitum
771 3659 835 3730 ejus
856 3675 937 3714 anno
966 3665 1044 3730 11131,
1099 3662 1134 3724 st,
1149 3660 1247 3732 inquit
1260 3660 1509 3732 chronographus
1525 3659 1732 3730 benignianus,
1747 3655 1818 3726 cujus
1838 3667 1892 3705 sen-

216 3748 309 3804 aatatis
324 3746 555 3820 septuagesimo,
572 3747 731 3818 contigisse
746 3748 863 3804 disertis
882 3748 983 3805 verbis
1003 3748 1045 3804 ai·
1100 3748 1196 3805 tentia
1211 3753 1317 3822 prrcter
1331 3748 1520 3822 privilegium
1535 3749 1687 3806 Benedicti
1709 3761 1797 3822 papa,
1817 3747 1844 3798 111
1855 3755 1898 3813 pu·

215 3836 361 3894 firmatur.
390 3835 497 3893 Totum
524 3851 595 3893 vero
618 3851 694 3910 pene
716 3837 782 3892 vitae
808 3853 869 3894 suae
885 3841 1004 3911 tempus
1015 3837 1046 3894 in
1099 3843 1172 3906 tant,
1187 3838 1315 3912 septimi,
1331 3839 1430 3896 eidem
1442 3837 1598 3896 Guillalmo
1611 3831 1899 3903 concessumobstcrt

215 3925 387 3984 monastica
403 3925 466 3982 vitea
480 3925 626 3983 axercitiis
640 3926 822 3997 transegisse
837 3943 874 3983 ex
897 3928 954 3984 hoc
980 3942 1049 4000 pro·
1099 3925 1217 3984 videtur
1231 3926 1436 3998 fragmentum
1456 3927 1612 4001 quoddam
1638 3920 1803 3998 benigniani
1819 3933 1900 3978 mona·

214 4017 313 4083 batur,
337 4015 420 4090 qnod
446 4015 496 4073 vix
524 4014 685 4089 septimum
715 4015 809 4072 atatis
837 4031 897 4072 suaa
931 4031 1047 4072 annum
1101 4017 1180 4074 sterii
1191 4015 1322 4074 historia
1334 4019 1558 4092 manuscripta,
1572 4015 1603 4073 in
1616 4033 1678 4092 quo
1698 4014 1815 4073 ecclesia
1827 4003 1901 4066 sancti

214 4121 362 4175 egressus,
378 4106 408 4161 in
420 4103 559 4162 coenobio
574 4103 746 4162 buciacensi
769 4109 882 4162 vestem
906 4105 1048 4162 monasti·
1101 4105 1221 4178 Benigni
1235 4123 1253 4163 a
1268 4105 1423 4163 Guillclmo
1437 4106 1567 4180 incoepta
1580 4121 1661 4164 anno
1675 4108 1740 4178 982,
1763 4107 1790 4162 ct
1804 4098 1902 4158 omnint

215 4207 282 4248 cam
294 4191 441 4262 induerit;
463 4192 544 4248 unda
572 4193 724 4250 strictioris
750 4193 919 4267 disciplina
947 4193 1046 4250 studio
1100 4198 1267 4252 restaurata
1292 4210 1372 4252 anno
1399 4195 1462 4263 983,
1491 4193 1583 4251 fuisse
1606 4191 1724 4250 dicitur.
1748 4185 1902 4248 Verunhac

215 4280 423 4351 digressus,in
438 4283 656 4339 monasterium
672 4283 770 4340 Sancti
793 4283 950 4352 Michaelis,
975 4300 1048 4340 mox
1100 4282 1173 4339 tanti
1186 4299 1247 4340 non
1263 4289 1333 4340 sunt
1363 4288 1393 4340 ut
1416 4298 1435 4340 a
1461 4281 1613 4358 scriptoris
1636 4283 1735 4354 gravis
1758 4286 1786 4340 et
1807 4271 1903 4352 aquila

217 4367 393 4426 Cluniacum
408 4367 439 4424 ln
454 4367 578 4425 Galliam
594 4385 663 4425 cum
680 4375 784 4426 sancto
805 4368 909 4430 llaiolo
925 4388 990 4428 sese
1005 4388 1048 4428 rc-
1101 4372 1275 4430 auctoritate
1289 4371 1374 4429 facile
1387 4371 1575 4442 recedamus,
1592 4371 1725 4429 maxime
1744 4386 1810 4428 cum
1822 4361 1904 4424 Glabtt

216 4458 295 4532 cepit
308 4462 352 4515 est
366 4461 467 4515 autem
483 4457 654 4528 buciacum,
671 4475 732 4522 seu,
750 4463 781 4516 ut
795 4459 842 4516 alil
864 4460 977 4532 dicunt,
994 4463 1048 4518 Lu·
1101 4459 1245 4517 Rodulius
1275 4461 1364 4519 simul
1389 4466 1418 4518 et
1446 4461 1626 4519 chronicum
1650 4477 1668 4518 a
1688 4461 1805 4518 labbeo
1816 4455 1905 4514 editum

215 4547 335 4605 aedium
350 4549 402 4604 aut
412 4543 583 4616 locedium,
598 4543 690 4619 vulgo
705 4547 738 4606 ut
746 4544 1048 4623 Locedio,antiquum
1101 4565 1171 4606 cum
1196 4549 1428 4623 chronographo
1456 4551 1641 4623 Benigniano
1660 4547 1859 4611 consentiant;
1882 4552 1906 4594 ct

215 4637 329 4696 ordinis
352 4635 449 4694 nostri
474 4636 658 4706 coenobium,
687 4633 772 4712 quod
796 4639 934 4712 primitus
949 4633 1048 4695 Sancti
1104 4641 1251 4698 Benedicti
1263 4657 1351 4715 papae
1365 4640 1635 4714 privilegiumnon
1650 4640 1807 4697 Benedicta
1822 4621 1907 4690 uitet

215 4727 375 4796 biennalis,
390 4730 496 4800 postea
511 4726 607 4784 sancti
629 4727 761 4785 tannarii
783 4727 968 4802 appellatum
992 4730 1047 4794 est,
1101 4733 1159 4786 viil
1176 4729 1394 4801 assignandum
1409 4746 1476 4786 esse
1492 4734 1616 4798 constet,
1627 4729 1742 4804 quippe
1755 4721 1833 4802 quod
1847 4730 1908 4777 anit

216 4816 474 4875 oheotrnnslatas
488 4817 553 4890 ejus
569 4813 720 4891 reliquias,
747 4835 766 4875 a
794 4831 855 4892 qno
879 4817 969 4874 etiam
991 4817 1048 4872 cir·
1067 4819 1207 4908 edbristi
1222 4823 1289 4874 1015
1314 4819 1420 4876 datum
1448 4834 1511 4875 esse
1535 4819 1643 4891 legitur
1670 4817 1755 4893 apud
1778 4809 1908 4886 Ughelun

216 4911 418 4981 cumposrhrm
430 4905 578 4980 oppidum
594 4907 693 4965 Sancti
705 4905 836 4964 tannarii
851 4921 963 4963 nomen
971 4905 1046 4962 tulit.
1101 4913 1184 4965 tomo
1200 4912 1222 4964 ll
1238 4907 1326 4965 ltalia
1341 4924 1446 4978 sacrae,
1462 4908 1518 4964 col.
1532 4911 1594 4966 990.

217 4997 312 5055 Situm
325 5002 370 5054 cst
381 4995 465 5055 haud
477 4995 613 5070 procula
628 4995 806 5052 Vercellensi
820 4993 894 5050 urbe
909 4996 949 5052 ad
963 4996 1049 5067 cujus
1137 5001 1163 5055 3.
1193 4997 1268 5054 Errat
1292 4998 1459 5070 predictus
1492 4995 1675 5068 Witlemaus,
1705 4995 1802 5072 inquit
1825 4987 1910 5050 Glabtf

215 5086 369 5144 dioecesim
384 5085 456 5144 clim
483 5083 660 5160 pertinebat.
682 5083 775 5142 Hodie
802 5100 873 5140 vero
898 5083 1049 5143 casalensi
1102 5086 1134 5142 in
1161 5085 1237 5143 libro
1267 5104 1298 5142 111
1328 5085 1534 5156 ilistoriarum,
1564 5101 1631 5159 cap.
1659 5090 1686 5154 5,
1706 5101 1777 5144 acer
1802 5075 1909 5152 inperio,

217 5175 403 5248 episcopatui
416 5175 585 5247 subiectum
601 5179 645 5232 cst
666 5175 697 5232 in
719 5173 865 5231 territorio
890 5173 1051 5232 Montisier-
1102 5179 1130 5232 et
1158 5175 1284 5244 incipitis
1307 5175 1484 5246 praetentio,
1514 5175 1627 5232 ideirco
1654 5189 1800 5231 summum
1819 5171 1848 5226 to
1871 5175 1909 5234 pt·

216 5263 281 5320 rati.
298 5263 341 5319 Ex
355 5263 460 5320 ordine
479 5263 669 5323 Benedictino
699 5264 739 5322 ad
761 5265 969 5324 Cistaroienses
993 5262 1051 5338 pri·
1104 5263 1185 5320 tutit's
1213 5277 1316 5334 regum
1345 5279 1381 5321 oc
1409 5267 1584 5321 coeterorum
1612 5261 1783 5334 principum
1819 5253 1910 5314 cotto·

217 5365 303 5409 mum
314 5352 439 5422 transiit,
455 5369 490 5411 ao
505 5353 628 5413 tandem
643 5359 712 5429 post
725 5355 825 5412 varias
848 5354 983 5412 fortunas
1010 5351 1050 5411 ad
1105 5353 1155 5410 bot
1184 5352 1291 5410 tecum.
1331 5353 1400 5425 Ejus
1437 5351 1568 5424 elogium
1605 5351 1712 5427 paucis
1749 5347 1843 5408 verbis
1871 5329 1910 5396 sal

217 5441 339 5501 clericos
352 5442 509 5502 saculares
523 5442 639 5512 deiecit,
665 5449 698 5501 ut
716 5443 857 5501 observat
875 5442 1050 5501 Franciscus
1102 5457 1171 5516 qua
1208 5441 1310 5498 multis
1344 5440 1430 5499 libris
1473 5441 1682 5517 prostantiora
1728 5443 1811 5506 sunt,
1846 5443 1910 5490 con·

217 5533 402 5604 angustinus
418 5531 457 5590 ab
473 5531 603 5589 Ecclesia
625 5533 655 5590 in
675 5549 730 5590 sua
745 5531 874 5590 Historia
889 5532 1049 5590 Pedemon-
1102 5530 1240 5604 plectitur
1265 5529 1372 5587 beatus
1400 5531 1485 5588 Odilo
1514 5532 1579 5604 eius
1607 5530 1664 5587 sub
1694 5531 1796 5588 sancto
1827 5513 1911 5582 llai⁰l⁰

217 5624 298 5690 tana,
311 5636 378 5697 cap.
394 5625 438 5679 33.
1103 5619 1338 5694 condiscipulus,
1351 5620 1382 5677 in
1397 5619 1498 5679 libello
1514 5621 1625 5678 scilicet
1639 5616 1676 5677 dc
1692 5613 1824 5694 ejusdcm
1836 5599 1911 5668 sancfi

253 5714 279 5769 2.
299 5711 445 5770 vicesimo
457 5727 539 5770 nono
553 5711 649 5771 eutis
664 5728 726 5769 suec
741 5727 832 5780 anno,
852 5711 1047 5782 noosstooo,
1102 5709 1198 5770 licioli
1224 5711 1307 5782 actis,
1338 5709 1391 5768 ubl
1417 5708 1482 5769 bno
1504 5709 1596 5770 habet
1627 5730 1634 5768 ε
1663 5711 1705 5768 Et
1725 5715 1757 5766 ut
1776 5718 1848 5778 pact
1867 5693 1912 5768 spi
