3998 6176
83 218 128 272 329
472 207 473 212 “
533 202 544 223 ’
711 212 894 272 8ΕΗΜΟΝΕ8
912 213 960 268 ΑΙ)
979 214 1791 288 ecbatanam

81 336 233 410 spargitur,
254 334 311 391 et'
304 351 336 391 ιιι
358 335 482 406 singulis
507 337 593 393 unica
616 336 773 394 invenitur.
798 335 941 406 ErigiteA
959 337 1086 396 insultas
1099 339 1270 416 denique
1244 359 1272 399 er
1290 344 1383 402 modo
1406 346 1459 420 qui
1482 351 1510 404 tc
1530 347 1646 406 dudum
1669 369 1724 409 suo
1742 369 1791 410 rc·

79 441 143 496 ergo
157 430 274 481 mentes
289 429 403 481 vestras
426 425 465 481 ad
489 426 645 498 praesentis
671 426 774 484 matris
798 424 905 482 testivi-
958 425 1054 485 nefico
1069 445 1161 486 suasu
1179 430 1321 489 infecerat
1324 434 1419 508 ,quia
1438 435 1533 494 habes
1548 442 1634 496 tuum
1659 441 1788 514 plastem

79 520 173 582 ιιιειιι,
196 518 228 569 ut
242 513 359 569 nullum
374 514 482 570 mentis
497 515 543 570 vel
564 516 697 589 corporis
719 514 905 573 domicilium
957 514 1019 573 slve
1033 523 1189 591 parentem
1202 521 1377 594 propitium
1391 524 1443 597 qui
1458 541 1513 581 suo
1527 527 1680 602 triumpho
1694 531 1789 588 nobili

76 618 123 658 scu
134 601 277 672 jubilatio
296 600 474 669 inveniatur,
499 619 566 675 quae
587 619 649 660 non
664 607 725 661 tota
746 607 905 676 concrepet
956 621 1116 679 procacem
1134 610 1304 668 exturbavit
1329 611 1370 669 tui
1396 613 1491 670 bostis
1513 615 1712 676 dominatum.
1738 621 1789 678 Exi

74 691 221 746 letamen
246 705 291 762 pr
284 689 390 746 eclara
413 691 627 763 procreatione.
657 691 880 764 congaudeat
872 707 903 748 ιιι
956 708 1048 766 nunc,
1061 696 1185 754 olallax
1200 704 1229 756 et
1242 699 1381 759 inventor
1405 703 1519 802 antiqui
1545 705 1687 774 criminis,
1703 722 1721 763 a
1743 722 1788 762 se-

73 780 124 836 bac
139 777 313 840 celebritate
326 783 448 853 uterque
463 797 552 837 sexus
565 785 594 837 ct
607 781 740 839 conditio
761 781 902 838 domino-
955 782 1057 840 cundo
1071 785 1163 843 noxio
1177 803 1261 860 sexu,
1276 789 1348 863 quia
1360 791 1424 865 ipse
1440 792 1491 865 qul
1502 793 1566 849 sine
1576 793 1688 851 carnali
1699 811 1788 852 onero

74 885 135 924 rum
150 884 208 924 seu
228 867 443 940 subjectorum,
468 869 541 942 qnia
569 885 622 943 per
648 870 728 928 hano
753 870 902 942 Virginem
956 872 1113 931 abeodem
1137 875 1295 949 pullulavit
1317 879 1432 950 ordine,
1453 897 1542 938 suam
1563 882 1653 940 bodie
1675 885 1789 954 genitri-

73 962 269 1030 utrornmque
290 957 371 1014 venit
396 958 572 1033 redemptio,
589 959 700 1017 scilicet
724 960 902 1018 immacula·
956 973 1021 1014 cem
1034 958 1122 1016 istam
1139 960 1207 1018 lecit
1220 963 1341 1036 prodire
1356 965 1387 1022 in
1399 965 1509 1023 lucem.
1529 969 1647 1024 Terreat
1669 971 1697 1024 te
1719 983 1787 1041 pro-

72 1053 112 1102 tus
124 1045 276 1102 Dominus
296 1047 455 1104 carnaliter
478 1047 619 1122 prodiens
641 1049 679 1106 de
708 1050 784 1106 illius
805 1055 901 1108 utero.
956 1045 1005 1102 cul
1019 1041 1159 1105 secundae
1172 1050 1299 1122 Virginis
1316 1052 1354 1109 de
1369 1053 1444 1110 coelo
1460 1053 1594 1126 collapsa
1607 1055 1785 1126 benedictio,

71 1137 226 1194 Gaudeant
240 1153 327 1193 senes
343 1140 400 1194 Deo
415 1137 577 1212 placentes,
604 1141 749 1212 quoniam
770 1139 809 1197 ab
832 1140 903 1198 aula
954 1135 1007 1208 qui
1021 1134 1137 1194 laelalus
1150 1154 1182 1194 es
1197 1138 1229 1195 ln
1244 1139 1349 1212 primae
1358 1141 1480 1212 virginis
1502 1144 1675 1218 opprobrio.
1699 1149 1787 1202 Nam-

70 1226 129 1282 coeli
144 1225 306 1282 descendit
320 1225 367 1283 ille
382 1226 413 1283 in
428 1227 492 1297 ejus
507 1226 613 1300 puellae
627 1228 753 1297 viscera,
769 1230 821 1303 qui
846 1246 901 1287 no·
954 1239 1014 1298 que
1028 1225 1081 1298 qni
1096 1227 1250 1298 gaudebas
1265 1229 1295 1285 ln
1311 1230 1436 1288 articulo
1452 1232 1630 1290 conditionis
1645 1235 1786 1292 humanae

69 1313 193 1370 sitnon
213 1313 307 1370 modo
323 1314 440 1372 animas
466 1320 593 1386 tantum,
616 1319 812 1376 verumetiam
836 1335 901 1376 cor·
953 1313 1069 1387 primos
1083 1331 1102 1372 a
1115 1332 1170 1374 suo
1193 1316 1271 1374 lelici
1294 1319 1426 1376 incolatu
1450 1321 1624 1380 exturbasse
1649 1322 1784 1396 colonos,

68 1418 149 1476 pora,
176 1403 218 1459 ad
245 1402 401 1461 meliorem
421 1405 611 1477 juventutem
636 1407 745 1464 referre
767 1424 788 1465 ιι
812 1408 902 1466 vetari
954 1417 1037 1458 nunc
1051 1419 1070 1460 a
1086 1405 1221 1462 secundo
1236 1405 1430 1464 bominelilio
1453 1408 1579 1480 Virginis
1598 1415 1715 1466 aeternae
1734 1427 1786 1468 ex-

68 1491 162 1560 ruina,
175 1493 265 1564 juxta
286 1494 462 1552 sententiam
482 1495 665 1568 Davidlcam,
694 1499 901 1556 decorabitur
955 1490 1116 1548 wllastona
1131 1508 1226 1550 nexus
1241 1509 1283 1551 es·

69 1583 382 1654 cloquitaejccentus
397 1591 450 1642 tua
476 1584 570 1658 (Paul.
596 1602 644 1656 cu,
670 1590 720 1656 ιιιε
749 1585 902 1643 imitentur
991 1579 1145 1652 Quocirca,
1161 1581 1361 1641 babentesob
1376 1584 1481 1642 oculos
1501 1587 1710 1644 sacratissimae
1726 1588 1786 1644 Vir·
1844 1605 1848 1628 ¹

69 1671 153 1728 etiam
167 1671 265 1728 fidem
279 1673 472 1746 antiquorum
487 1677 618 1744 Patr-um,
644 1693 681 1733 ιχ
701 1692 763 1749 qua
786 1679 901 1732 constat
920 1667 1031 1754 Bginis
1058 1669 1279 1728 sanctissimam
1306 1671 1364 1728 diei
1396 1673 1631 1746 venerationem,
1660 1691 1723 1733 non
1754 1675 1785 1733 in

68 1759 127 1816 illos
135 1760 294 1834 placuisse
303 1763 373 1830 Deo,
384 1763 625 1822 necamemoria
634 1763 754 1821 illorum
762 1765 899 1836 refugiat,
953 1757 1118 1816 mundanis
1138 1758 1245 1816 laeliffis
1261 1766 1394 1818 exercete
1418 1763 1511 1820 corda
1534 1769 1641 1833 vestm,
1670 1765 1723 1822 Sed
1742 1769 1785 1822 1⁰·

69 1849 214 1920 quoniam
229 1866 285 1924 per
295 1851 386 1924 hujus
399 1852 526 1924 Virginis
549 1856 672 1927 parturn
687 1853 777 1910 etiam
798 1852 828 1910 in
851 1869 901 1910 ex·
953 1850 1018 1905 tum
1033 1848 1141 1905 mentis
1153 1848 1308 1920 ingenium
1322 1850 1403 1924 figite
1430 1851 1460 1908 in
1481 1853 1633 1926 preclarae
1657 1853 1783 1924 Virginis

68 1941 163 1994 trema
180 1954 285 1995 eorum
302 1945 379 1996 sorte
400 1940 573 1998 conceditur
595 1941 653 1998 illis
668 1941 802 2016 repetitio
821 1957 900 1998 vere
954 1951 1086 2011 superna
1098 1936 1148 1994 illa
1161 1937 1272 2007 testas
1264 1955 1295 1995 ιιι
1311 1938 1423 2013 quibus
1435 1940 1552 1998 diutina
1570 1941 1659 1999 laude
1679 1942 1718 1999 ab
1732 1958 1784 1999 an·

67 2026 185 2083 salutis
201 2029 369 2085 tutentur·
358 2045 485 2101 juvenes
501 2030 622 2088 fortes
614 2047 646 2087 m
669 2029 726 2088 hac
747 2030 806 2101 dia,
826 2047 900 2134 qno·
953 2025 1028 2098 galis
1043 2026 1158 2084 festivis
1183 2026 1350 2085 bonoratur
1364 2029 1497 2087 servitiis.
1522 2033 1679 2088 Procurate
1702 2031 1785 2088 Prin·

67 2115 148 2172 niam
158 2116 250 2174 bodie
264 2117 398 2192 prodiit'
390 2135 421 2176 m
435 2119 515 2177 banc
529 2119 628 2178 lucem
642 2121 740 2193 Virgo,
753 2137 791 2178 ex
812 2121 898 2193 cnjus
952 2116 1051 2190 cipem
1063 2120 1196 2174 vestram
1211 2115 1325 2174 festinis
1344 2122 1376 2175 ut
1398 2119 1503 2176 valetis
1522 2119 1663 2178 laudibus
1684 2125 1712 2178 et
1733 2119 1784 2178 be·

67 2205 187 2262 meretis
203 2211 295 2264 natus
309 2207 374 2264 est
363 2209 493 2281 juvenis,
509 2209 664 2283 speciosus
677 2224 737 2284 prae
752 2210 830 2268 natis
844 2211 899 2268 bc·
952 2205 1053 2278 nignis
1076 2206 1218 2280 operibus
1250 2207 1403 2282 prosequi,
1437 2213 1470 2266 ut
1500 2209 1620 2282 possitis
1650 2226 1721 2268 cum
1747 2226 1784 2268 ea

67 2295 196 2365 minum²
222 2296 261 2353 de
276 2298 363 2370 cujus
376 2297 464 2356 labiis
488 2297 599 2357 diffusa
612 2304 657 2357 est
682 2300 781 2358 omnis
804 2299 900 2372 gratia
952 2292 1069 2368 absque
1108 2295 1332 2352 coruscantium
1363 2295 1529 2354 defectione
1568 2297 1782 2372 lampadarum

67 2385 180 2456 parata
194 2387 599 2462 perquacrtparcumunu
614 2390 899 2449 armararii-tutem
952 2386 1072 2454 tanum
1086 2383 1172 2457 secui
1185 2399 1368 2458 quoeunque
1382 2383 1679 2460 terirrapoe.x1v‚p.
1692 2387 1783 2446 Hodie

66 2491 189 2550 quoque
204 2476 340 2549 corporis
358 2477 390 2534 in
413 2477 507 2536 animi
527 2479 664 2552 vigorem
689 2484 898 2548 transmutent,
951 2471 1121 2546 primiceria
1134 2475 1164 2529 et
1175 2471 1295 2530 ductrix
1313 2473 1501 2545 Virginuma
1524 2476 1634 2534 sanctis
1656 2478 1784 2552 propbe-

67 2569 91 2621 ιι
100 2582 158 2640 ρει
170 2565 265 2638 hujus
279 2583 371 2624 sacrae
384 2567 513 2642 Virginis
523 2569 679 2628 obtentum
687 2588 774 2629 suam
785 2570 899 2630 Christo
952 2559 989 2616 5⁵
1001 2560 1164 2618 1111ῑοωᾶιᾶ
1179 2561 1283 2631 Ollius,
1299 2563 1544 2633 congratulentur
1558 2565 1585 2622 θί
1599 2571 1714 2623 cunct&
1727 2566 1783 2622 Vil-

66 2655 283 2712 commendcnt
307 2655 505 2728 juventutem.
535 2659 780 2730 congratulanter
808 2659 898 2718 etiam
953 2649 1047 2722 gines,
1063 2650 1136 2724 ‘1¹1ia
1158 2650 1294 2708 111150ῖωῖ
1305 2651 1416 2725 ludim
1438 2653 1549 2726 puella,
1577 2671 1646 2728 <1¹1ae
1670 2661 1784 2713 amali>-

66 2743 149 2814 pncri
177 2748 207 2801 et
229 2742 357 2801 infantes
380 2745 517 2818 inhujus
538 2748 670 2804 maxime
684 2748 792 2822 puellae
815 2747 898 2805 initio
951 2739 1144 2814 rempepssrit
1165 2739 1288 2810 integr&
1312 2739 1464 2798 Gstssliltlfiss·
1488 2741 1597 2800 Felices
1618 2742 1686 2812 illoe,
1712 2759 1782 2817 (ιῑιω

68 2847 120 2889 rua
134 2831 255 2890 Christo
269 2837 297 2890 et
312 2834 408 2891 Mariae
421 2835 555 2892 dicantes
571 2838 735 2895 crescentia
747 2837 897 2909 membra,
952 2827 1017 2884 ⁸111ss
1031 2827 1209 2899 00811Ῐῦθῦῑῦ
1223 2823 1354 2886 Ῑῑῑᾶῑῧῖιῑθ
1368 2834 1431 2887 lam
1444 2831 1602 2890 mirificam
1613 2832 1663 2889 1)θὶ
1673 2832 1781 2890 Geniffl

67 2921 215 2993 quoniam
227 2921 341 2979 babent
354 2939 482 2997 puerum
493 2924 645 2997 castitatis,
659 2931 688 2983 et
697 2926 833 3000 puritatis
843 2926 898 2983 mi·
952 2933 1018 2974 0⁰⁰1
1031 2923 1182 2993 quantum
1195 2918 1312 2992 Ῐ11Ῑι>5Ῐ8
1328 2923 1382 2992 fist,
1398 2925 1562 2994 ΡιῡιθθῑιῐιΒ
1577 2921 1687 2980 fuerim
1701 2921 1781 2996 puli·

68 3013 206 3085 nistrum,
222 3015 252 3068 et
266 3013 386 3071 llariam
399 3014 558 3086 singularis
571 3017 729 3090 pudicitiae,
753 3035 790 3076 ex
812 3021 897 3090 quus
951 3007 1020 3064 tatis
1039 3007 1230 3066 commercio.
1254 3011 1331 3079 Ergo
1353 3010 1426 3082 quia
1446 3009 1611 3081 gaudenter
1632 3011 1781 3087 suscipitis

69 3105 149 3157 utero
166 3101 390 3159 matacensi
415 3102 540 3161 infantia
554 3107 582 3161 at
596 3110 745 3179 suspecta.
768 3105 899 3163 arabant
951 3097 1197 3170 auscitanae
1216 3098 1372 3170 ouiusvos
1387 3115 1449 3156 non
1469 3100 1612 3159 haesitatis
1635 3101 1782 3176 pertinere

69 3189 214 3261 spirituali
228 3188 328 3247 laetitia
341 3190 372 3247 in
393 3190 450 3249 ιιι
465 3191 513 3249 die
527 3196 556 3249 et
568 3192 611 3250 ιρι
633 3193 687 3268 qui
714 3193 788 3251 forre
814 3209 897 3251 exer.
951 3185 1146 3260 colloquium,
1161 3186 1285 3258 satagite
1297 3204 1350 3244 vos
1364 3187 1405 3244 lta
1416 3204 1553 3247 exercere
1567 3191 1598 3246 in
1611 3190 1782 3247 caelestibus

68 3281 192 3334 ruerunt
219 3277 408 3336 dominatum
436 3296 527 3355 super
551 3281 652 3338 soeauli
673 3275 803 3354 negotia,
820 3297 897 3356 quo-
952 3275 1089 3348 negotiis,
1104 3279 1217 3351 utpost
1231 3282 1428 3351 exsuperatos
1441 3278 1564 3336 cadncae
1587 3281 1678 3353 pestis
1700 3279 1785 3338 labo·
1861 3306 1867 3316 =

68 3368 145 3423 niam
159 3383 218 3441 per
230 3368 381 3440 Virginem
392 3369 474 3427 venit
488 3371 632 3428 Dominus
646 3371 783 3429 omnium
796 3377 897 3447 potes·
950 3381 1009 3433 165,
1037 3365 1112 3422 dum
1132 3369 1256 3422 ventum
1276 3366 1363 3423 fuerit
1389 3365 1429 3424 ad
1450 3371 1652 3441 praeoplfllssm
1671 3367 1782 3428 divin&

68 3459 160 3512 ιιιιιιιι
185 3459 216 3514 ει
242 3456 387 3514 virtutum
414 3461 443 3515 et
463 3457 715 3517 dominationum.
744 3459 899 3518 Gaudeant
951 3458 1045 3529 portae
1071 3455 1286 3530 spectaculum,
1306 3456 1461 3530 pulsantes
1485 3473 1548 3514 non
1572 3457 1782 3533 repudiemini,

70 3545 187 3614 subditi,
215 3548 245 3602 et
258 3545 284 3601 si
298 3562 375 3620 quos
397 3547 506 3621 permit
528 3547 659 3605 alienum
680 3549 800 3622 jugum,
824 3564 899 3622 quo·
952 3561 1008 3602 ceu
1024 3545 1061 3602 de
1075 3544 1183 3619 ineptis
1201 3546 1370 3619 virginibus
1394 3545 1511 3618 dicitur,
1535 3563 1604 3620 quoe
1628 3564 1647 3604 a
1671 3565 1784 3622 sponso

68 3633 145 3690 niam
160 3633 350 3708 quandoque
365 3636 496 3694 exsolvet
509 3636 598 3694 Vilius
612 3638 749 3711 Virginis,
762 3637 825 3695 imo
835 3638 897 3708 bel,
952 3634 1120 3707 reprobatae
1149 3639 1218 3691 sunt
1249 3639 1372 3710 propter
1406 3651 1493 3692 suam
1525 3636 1674 3706 inertiam,
1709 3638 1784 3695 dum

71 3721 129 3779 sici
142 3723 325 3797 placuerint,
341 3724 445 3799 iniqua
457 3726 532 3798 juga
550 3743 570 3783 a
592 3726 757 3786 cervicibus
778 3727 898 3786 illorum
951 3723 982 3780 in
996 3723 1077 3780 rasis
1103 3723 1166 3781 suis
1180 3723 1292 3781 babere
1307 3724 1418 3793 oleum,
1434 3725 1492 3782 boc
1508 3729 1551 3782 est
1574 3725 1657 3784 bona
1680 3743 1782 3802 opera,

70 3809 226 3884 depellere,
241 3827 279 3869 ac
293 3814 461 3888 superiores
475 3813 644 3874 efficieteos
669 3816 813 3874 Dominus
837 3818 899 3874 suis
952 3813 1109 3885 neglexere
1122 3831 1129 3883 ;
1143 3813 1197 3870 sed
1211 3813 1310 3888 potius
1326 3831 1396 3871 cum
1419 3815 1487 3888 ipso
1511 3815 1551 3872 ad
1574 3816 1704 3875 coelestia
1727 3834 1784 3892 pa-

70 3905 97 3954 et
109 3917 162 3974 ρει
172 3917 236 3958 suae
249 3902 349 3960 llatris
360 3903 548 3975 suffragium.
950 3902 1024 3960 latia
1038 3902 1137 3972 simul,
1151 3907 1179 3960 et
1193 3919 1263 3960 cum
1284 3903 1374 3961 beata
1389 3903 1532 3962 Genitrice
1554 3905 1621 3976 ejus
1643 3907 1785 3979 progredi

106 3991 181 4045 Cum
193 4004 264 4061 ergo
285 3991 326 4048 ad
352 3992 489 4049 omnium
514 3993 648 4050 virorum
674 3997 775 4052 etates
796 3998 899 4052 nostra
951 3991 1085 4049 valeatis.
1101 3992 1175 4049 Cum
1189 3991 1279 4063 igitur
1292 3992 1349 4048 ista
1360 3991 1563 4049 solemnitates
1585 3993 1727 4049 omnibus
1749 3993 1785 4050 fi-

71 4077 228 4135 collocntio
241 4085 332 4154 atque
346 4081 512 4140 exhortatio
533 4084 712 4158 pervenerit,
726 4089 842 4142 rectum
859 4085 900 4142 ri-
952 4081 1070 4139 delibus
1085 4097 1220 4153 congrua
1235 4081 1275 4138 ab
1289 4082 1427 4138 omnium
1448 4081 1660 4139 conventiculis
1686 4084 1786 4141 calbo·

71 4165 155 4224 detur
181 4171 215 4224 ut
235 4168 277 4224 ad
301 4168 387 4226 illum
414 4187 520 4229 sexum
548 4175 652 4231 nostra
672 4174 773 4231 denuo
791 4174 901 4245 diriga-
952 4170 1080 4228 lloomm
1112 4170 1214 4228 debito
1244 4171 1358 4228 bonore
1388 4175 1598 4245 prosequatur,
1635 4172 1785 4248 praecipne

72 4257 235 4326 turoratio,
249 4271 287 4314 ex
301 4273 364 4331 quo
379 4259 491 4316 scimus
504 4261 665 4319 bominum
688 4261 821 4320 carnalia
842 4263 899 4319 ini-
953 4264 1025 4318 tunc
1038 4276 1057 4317 a
1072 4259 1163 4316 sacris
1188 4258 1354 4331 virginibus
1377 4259 1466 4317 valde
1491 4262 1703 4334 prosequenda
1729 4266 1784 4334 ast,

73 4345 298 4446 desumpsisse.
314 4346 362 4404 llle
377 4347 457 4405 enim
479 4349 697 4408 maledictionis
720 4356 823 4409 notam
838 4351 899 4426 pri·
953 4348 1186 4424 otpercolenda,
1200 4349 1274 4448 quia
1288 4349 1379 4406 bodie
1402 4349 1495 4406 decus
1519 4351 1702 4423 prudentum
1725 4353 1786 4412 vir-

74 4449 123 4490 ne
118 4433 264 4533 virginis
280 4435 312 4491 in
333 4435 574 4496 benedictionem
593 4440 733 4497 secundae
752 4444 900 4540 transmu-
914 4409 1069 4512 Dginum,
1089 4437 1145 4495 flos
1169 4437 1281 4538 campi,
1305 4436 1386 4495 idem
1412 4443 1523 4540 sanctae
1551 4439 1697 4542 Ecclesiae,
1718 4457 1788 4571 que

74 4611 228 4668 exeodem
247 4627 322 4668 sexu
335 4629 426 4672 snum
440 4615 473 4672 in
486 4615 546 4674 fine
561 4621 731 4691 temporum
741 4633 900 4692 procrean·
952 4617 1088 4688 rallium‚
1107 4615 1189 4674 idem
1211 4617 1373 4674 humilium
1396 4617 1554 4674 ιιοιιιιιιιιιιι
1583 4618 1728 4692 processit
1747 4561 1788 4674 ad

73 4699 141 4757 dum
154 4701 220 4758 lore
230 4701 347 4772 lilium,
363 4705 416 4778 qui
430 4706 575 4763 universis
590 4723 680 4765 omne
695 4707 813 4766 afferret
826 4724 899 4781 gan·
952 4711 1064 4765 ortum.
1081 4707 1212 4765 Gaudete
1227 4723 1281 4780 per
1296 4723 1419 4764 omnem
1438 4707 1576 4776 modum,
1598 4721 1704 4763 omnes
1729 4707 1785 4763 rir-

74 4787 161 4848 dium.
177 4791 251 4848 Vere
261 4790 350 4849 beata
362 4793 564 4852 collaudanda
586 4796 638 4853 Dei
657 4796 814 4866 beneficia,
831 4813 899 4872 quae
953 4796 1050 4870 gines,
1063 4812 1132 4870 quae
1148 4812 1204 4853 ros
1221 4801 1282 4853 tam
1304 4800 1407 4853 sancto
1423 4801 1451 4853 et
1464 4794 1627 4870 praelucido
1642 4796 1724 4852 dono
1736 4796 1787 4853 Dei

73 4895 123 4951 per
135 4880 221 4938 illurn
238 4897 344 4940 sexum
359 4883 554 4943 decreverunt
571 4886 728 4960 provenire
749 4891 855 4944 nostra
868 4887 900 4944 in
952 4885 1062 4944 ditatas
1076 4885 1139 4942 tore
1155 4884 1355 4956 cognoscitis·
1372 4887 1488 4958 sperate
1501 4883 1531 4940 in
1545 4899 1590 4952 ea,
1607 4899 1675 4956 quoe
1696 4883 1787 4956 hujus

73 4973 216 5067 tempora,
231 4985 325 5045 aquo
347 4973 446 5048 primo
469 4974 624 5046 terrigena
640 4976 835 5050 propinatum
855 4979 900 5033 est
953 4975 1026 5034 doni
1041 4991 1166 5050 campos
1184 4974 1291 5040 effecta
1315 4979 1368 5043 eet,
1391 4979 1420 5032 et
1440 4978 1509 5031 ante
1534 4976 1655 5046 partum
1670 4977 1699 5030 et
1719 4978 1790 5048 post

73 5057 178 5132 iniquae
193 5061 343 5119 suasionis
356 5064 623 5122 medicamentum.
638 5067 660 5124 0
683 5067 744 5123 lira
765 5065 899 5123 tuncin-
953 5065 1178 5140 paturitionem.
1195 5063 1381 5135 Magnificate
1402 5077 1469 5119 eam
1493 5060 1644 5118 indelessa
1667 5078 1788 5120 morum

73 5147 155 5205 telin!
171 5165 235 5207 non
251 5150 348 5210 solum
363 5153 773 5229 proinobedientiaepiaculo,
780 5171 900 5212 verum·
955 5153 1147 5222 exhibitione,
1159 5152 1306 5226 quoniam
1325 5166 1381 5225 pro
1409 5149 1630 5224 perseverantia
1652 5151 1788 5225 virginis,

74 5237 157 5295 etiarn
192 5254 250 5313 pro
274 5241 492 5300 maledictionis
522 5244 617 5317 titulo,
637 5260 718 5302 nunc
738 5261 811 5302 vero
831 5245 901 5302 lelix
955 5260 1025 5301 curn
1052 5241 1206 5315 tympanis
1243 5237 1448 5298 exsultationis
1482 5241 1510 5295 et
1535 5237 1653 5309 laetitiae,
1684 5257 1788 5299 coram

75 5339 124 5396 pro
135 5327 354 5387 immutationis
367 5331 507 5404 largifluo
522 5331 614 5391 dono.
628 5335 738 5391 Laetare
750 5339 791 5403 ιιι,
806 5338 901 5392 ιιιειει
954 5329 1116 5407 presentia
1130 5329 1226 5387 llatris
1246 5327 1363 5385 bomini
1382 5327 1454 5401 quia
1480 5326 1512 5384 in
1534 5328 1657 5386 sidereis
1680 5331 1787 5389 cubili-

74 5417 217 5488 omnium,
242 5434 305 5475 non
329 5419 428 5477 solum
447 5421 520 5496 quia
537 5422 654 5481 evasisti
674 5422 901 5498 proscriptionis
955 5422 1013 5479 bus
1025 5417 1174 5476 babebitis
1194 5433 1264 5474 oum
1278 5431 1315 5473 ea
1330 5415 1482 5487 gratulari,
1499 5415 1525 5473 si
1548 5423 1678 5492 coeptam
1694 5420 1788 5478 animi

75 5505 232 5579 excidium,
248 5508 301 5565 sed
315 5508 406 5567 ctiam
418 5511 491 5584 quia
515 5512 553 5569 de
574 5515 626 5568 tua
648 5513 796 5570 consimili
818 5512 902 5588 prole
957 5508 1152 5584 corporisque
1168 5505 1367 5578 integritatem
1382 5505 1498 5564 sincera
1512 5507 1661 5580 probitate
1685 5525 1786 5567 serva·

75 5595 228 5663 profudisti
241 5614 311 5655 eum
324 5598 356 5655 in
369 5599 523 5669 saeculum,
539 5601 593 5674 qni
612 5605 640 5658 te
663 5605 808 5676 tuamque
831 5617 903 5676 pro·
957 5598 1066 5658 veritis.
1082 5597 1193 5655 llilares
1211 5599 1344 5653 estoteet
1358 5611 1423 5663 vos,
1446 5596 1554 5670 puella
1578 5613 1644 5653 aevo
1669 5602 1789 5672 tenerae,

75 5684 189 5751 mntem
203 5687 311 5745 mortis
334 5687 372 5746 de
397 5690 543 5764 compede
564 5690 795 5750 misericorditer
815 5693 901 5750 eruit.
958 5689 1032 5764 quia
1045 5687 1162 5746 habetis
1177 5691 1206 5744 et
1220 5702 1275 5742 vos
1289 5683 1422 5758 puellam
1440 5684 1617 5756 angelorum
1630 5687 1791 5744 Dominam

359 5781 481 5837 Parnon.
503 5783 579 5838 Gllbl
1616 5780 1644 5831 Η
