3996 6186
189 173 275 227 73i‘

669 178 825 235 nocebis
841 179 971 236 bulbul
991 177 1023 234 S.
1041 173 1201 241 ahaim
1219 174 1419 232 vtbobattt).

1847 177 1898 230 732

189 294 296 366 linquae
310 295 417 367 cuique
430 296 598 370 quinqueni
613 299 777 374 subripere.
791 301 944 372 [tegebant
955 317 1020 356 em·
1040 297 1207 368 salamiam
1223 297 1349 370 pudebit
1362 296 1511 367 cogitasse
1523 297 1582 354 hoc
1595 309 1776 367 perversum

189 383 283 440 nesin
292 384 356 454 eim
364 384 475 441 ditione
485 387 580 443 securi
593 388 970 450 malorumettaborabant
980 389 1020 446 te·

189 472 332 528 stinanter
345 473 509 533 accelerata
520 477 703 536 exhibitione
723 482 861 538 omniurn
880 495 1019 554 operum.

508 617 701 662 APOSTROPHA.

189 691 318 752 Proiusis
333 698 474 772 precibus
488 699 580 758 lector
594 703 722 776 supplex
735 704 787 761 tibi
802 705 879 774 dioc,

224 783 300 841 Artis
314 787 459 860 septifluae
474 806 578 860 gnare,
593 807 750 866 capaxque
763 794 851 852 bene.

191 871 293 930 Deficit
306 874 478 949 eloquium:
499 895 560 935 non
575 879 655 937 hunc
672 883 827 940 sustollere
842 899 967 958 possum

227 961 376 1029 Quantum
388 971 558 1041 opporteret
570 968 712 1027 laudibus
726 971 900 1030 innumeris.

191 1055 249 1108 Nee
264 1053 368 1123 stringi
382 1057 525 1130 numeris,
541 1074 596 1113 nec
611 1064 738 1132 possunt
752 1061 857 1118 cedere
872 1061 971 1118 verbis

227 1141 298 1207 Ques
313 1143 391 1200 mala
404 1143 528 1217 sedavit,
545 1163 613 1220 quae
627 1147 709 1206 bona
723 1149 883 1208 distribuit.

192 1229 298 1286 Custos
313 1229 511 1307 defensorque
527 1253 588 1291 sure
601 1237 705 1309 patriae
720 1237 901 1310 lucidentus,

227 1319 301 1388 ltux,
316 1335 417 1375 comes
429 1321 482 1377 iste
497 1335 608 1394 nonuS,
623 1326 767 1396 marchio,
784 1328 937 1400 patricius,

190 1403 364 1462 Archidicus
378 1414 474 1466 rector
488 1427 586 1468 rerum
605 1413 629 1468 si
644 1415 785 1487 quislibet
795 1421 882 1484 esset,

228 1495 328 1553 Posset
341 1499 469 1557 veridica
485 1502 613 1560 scribere
626 1521 694 1576 quse
710 1511 841 1579 cuperet.

192 1581 307 1654 Astego
317 1585 728 1666 stultus,hebes,cunotaeque
738 1596 1020 1672 rationisetexpers,

229 1675 361 1732 Scribere
375 1693 436 1734 non
446 1677 532 1736 valeo
548 1677 645 1737 dicere
658 1699 726 1756 quse
741 1683 841 1757 cupio.

193 1762 277 1818 Istius
290 1769 367 1820 notae
383 1767 558 1842 scriptaeque
574 1769 650 1826 libro
665 1769 814 1829 bonitates

229 1851 298 1923 Ejus
311 1853 448 1912 stellifero
461 1857 513 1929 qui
528 1859 609 1915 sedet
622 1860 651 1915 in
668 1861 753 1918 solio.

229 1940 277 1996 His
291 1945 320 1997 et
334 1943 399 1999 aliis
413 1947 644 2020 quampluribus
657 1950 856 2023 probitatibus
869 1953 927 2009 huc
940 1953 1020 2010 illuc-

193 2045 252 2102 que
268 2032 396 2105 sparsim
416 2033 541 2108 diffusis,
559 2037 748 2113 copiosisque
770 2041 957 2110 diversarum
978 2061 1022 2100 re-

192 2133 261 2174 rum
284 2118 442 2178 affluentiis
467 2127 646 2198 propensius
672 2127 847 2203 diffamatis,
863 2131 1022 2190 Tetboldus

193 2222 294 2263 eomes
318 2207 534 2268 incendebatur
548 2215 735 2272 excruciatus
754 2217 867 2277 invidia
887 2226 914 2276 et
929 2221 1022 2290 iuriis,

193 2293 292 2351 livoris
318 2301 347 2354 et
370 2299 502 2372 perfidiae
531 2303 662 2360 suffusus
690 2322 814 2375 veneno,
844 2311 1024 2380 suggerebat

193 2385 325 2456 quotidie
338 2389 399 2459 regi
414 2387 551 2449 Lethario
563 2397 596 2449 ut
605 2392 755 2466 deciperet
766 2395 948 2454 bichardum
961 2403 1023 2455 tan-

194 2477 229 2528 te
252 2473 403 2545 dignitatis
428 2477 525 2536 virum
550 2481 631 2554 dolo,
655 2488 825 2559 teneretque
849 2489 1024 2546 Northman-

193 2561 275 2620 niam
290 2565 346 2621 sub
363 2584 424 2623 sure
440 2567 560 2626 ditionis
572 2572 657 2643 jugo.
672 2574 805 2631 Tandem
820 2593 891 2633 vero
906 2593 958 2634 rex
969 2579 1022 2634 Lo·

194 2651 307 2710 thasius
332 2653 426 2728 ipsius
450 2658 565 2717 comitis
588 2661 757 2734 sophisticis
781 2665 1022 2736 suggestionibus

193 2747 370 2816 excaecatae,
386 2743 465 2803 misit
481 2747 520 2804 ad
541 2749 727 2808 bichardum
741 2753 793 2826 qui
808 2753 918 2812 diceret
932 2755 959 2812 ei
972 2755 1023 2812 do-

193 2828 264 2886 losis
278 2831 438 2890 affatibus:
466 2858 479 2885 a
494 2837 654 2911 Usquequo
668 2841 865 2914 praestolabor
876 2843 1034 2916 poeniten-‘

194 2917 239 2973 tiee
262 2919 536 2997 recordationisque
558 2930 614 2982 tuae
642 2932 820 3002 respectum,
837 2935 869 2986 ut
882 2929 1023 2990 frivolum

194 3006 341 3080 cujusque
367 3011 463 3081 gentis
498 3029 546 3069 me
571 3013 656 3070 toties
684 3015 897 3090 parvipendis?
922 3021 1023 3078 Nonne

194 3091 340 3151 subnixus
353 3097 473 3156 tuorum
489 3101 671 3160 adminiculo
686 3103 886 3171 inimicorum,
899 3123 1024 3180 possum

193 3181 330 3244 obsidere
343 3191 372 3244 et
384 3205 501 3263 capere,
516 3193 646 3267 exceptis
661 3195 765 3251 amicis
779 3195 848 3267 tuis,
860 3197 950 3254 urbes
962 3215 1025 3255 mu-

193 3272 340 3334 nitionum
373 3282 518 3338 tuarum?
550 3285 614 3339 Non
644 3300 790 3358 umquam
820 3284 964 3359 cuiquam
997 3292 1023 3344 te

193 3363 392 3437 subjugabis?
415 3369 538 3427 Norisne
553 3387 601 3428 me
617 3388 681 3428 esse
697 3389 799 3444 regem
821 3375 1023 3434 Francorum?

192 3455 295 3510 Nonne
318 3454 370 3511 tibi
391 3454 518 3528 injurius
534 3476 598 3515 esse
621 3463 737 3533 potero,
755 3461 779 3518 si
793 3478 860 3535 quaa
876 3463 934 3519 mei
946 3463 1023 3535 juris

192 3543 245 3606 est,
261 3541 354 3598 ascita
368 3559 471 3613 manu,
485 3545 525 3602 ad
549 3551 574 3601 tc
596 3545 736 3603 obnixius
755 3552 979 3623 properavero?
995 3551 1023 3609 Si

192 3623 250 3683 tuis
264 3629 373 3686 mvidis
387 3631 550 3701 credidero,
567 3637 657 3707 tuque
673 3653 742 3692 vero
757 3637 831 3693 meis
851 3639 978 3714 perjuris
995 3645 1024 3698 et

192 3713 363 3775 infidelibus
378 3717 487 3777 faveris
511 3725 610 3779 mente
632 3727 660 3781 et
683 3724 772 3781 corde
788 3729 848 3795 tuo,
863 3744 1022 3804 nunquam

191 3805 421 3880 pacificabimur
435 3807 544 3868 foedere
559 3811 749 3887 complacito.
766 3811 870 3872 Desine
891 3815 961 3874 talia
981 3819 1021 3874 ri·

192 3897 278 3964 mari,
296 3903 325 3955 et
338 3899 430 3957 libeat
442 3899 494 3957 tibi
510 3919 631 3960 mecum
646 3903 777 3974 gaudere
789 3909 818 3961 et
830 3903 1022 3977 congratula-

191 3984 226 4044 ri.
243 3991 463 4047 connectamur
476 3991 566 4063 igitur
589 3993 757 4050 adinvicem
782 3993 878 4052 taliter
901 4013 1022 4072 compe-

193 4077 289 4134 tentiis
303 4083 413 4135 mutuae
427 4078 598 4151 voluntatis,
615 4084 648 4138 ut
660 4099 750 4140 nemo
763 4088 935 4142 nostrorum
950 4103 1021 4144 sua-

192 4167 241 4235 pte
255 4165 424 4239 quidquam
438 4171 591 4242 possideat
606 4167 764 4228 facultatis.
782 4171 810 4230 Si
825 4173 978 4248 quispiam
989 4175 1021 4233 in

193 4255 220 4308 te
235 4252 281 4308 vel
295 4253 326 4311 in
341 4273 390 4314 me
402 4257 515 4316 rixatus
525 4261 688 4318 exercuerit
695 4259 839 4334 jurgium,
853 4278 909 4334 ego
922 4269 1020 4340 tuum,

193 4341 225 4397 tu
238 4357 310 4400 vero
324 4361 425 4401 meum
441 4351 559 4404 contere
578 4353 607 4406 et
619 4349 732 4424 dissipa
747 4350 963 4409 adversarium.
982 4350 1023 4411 si-

193 4445 262 4486 mus
276 4427 366 4489 unius
386 4435 495 4504 cordis,
510 4436 659 4511 uniusque
680 4439 788 4496 mentis
806 4443 834 4498 et
850 4440 1020 4512 voluntatis,

193 4519 222 4576 et
234 4527 425 4579 conteramus
440 4527 469 4582 et
482 4523 693 4600 dispergamus
713 4532 802 4602 atque
825 4528 1022 4602 subjiciamus

192 4604 368 4668 Tetboldum
382 4627 451 4669 eum
466 4609 536 4669 suis.
549 4611 745 4671 blandrenses
760 4632 831 4673 vero
841 4622 1023 4694 caeterasque

193 4703 296 4767 gentes
310 4697 341 4755 in
356 4717 413 4756 nos
433 4697 567 4770 rebelles,
582 4701 653 4759 dirae
668 4701 742 4776 legis
751 4703 826 4778 jugo
840 4703 1021 4780 affligamus,

193 4802 304 4863 easque
318 4787 407 4846 nobis
426 4791 535 4847 servire
550 4796 579 4848 et
595 4795 741 4866 potestate
755 4809 928 4866 urgeamus.
947 4795 1023 4862 Qua-

192 4882 315 4950 propter
342 4879 474 4937 accelera
496 4878 597 4937 venire
620 4885 724 4938 contra
752 4897 801 4937 me
826 4879 958 4938 velocius
984 4883 1024 4939 ad

193 4961 348 5039 placitum,
374 4973 405 5024 ut
430 4967 559 5040 colligati
591 4969 790 5026 indissolubili
823 4971 1023 5042 competentia

193 5053 403 5126 amicitiarum,
430 5057 619 5129 gaudeamus
649 5057 808 5115 unanimes
844 5055 940 5114 securi
972 5057 1025 5115 ho-

195 5143 285 5200 stium
300 5147 329 5201 et
342 5145 618 5204 adversariorum.»

508 5289 700 5330 xrosraorai.

196 5365 324 5434 botheri,
339 5381 392 5423 rex
406 5366 546 5438 clemens,
561 5369 642 5443 pius,
654 5371 763 5441 justus,
778 5374 911 5439 sanctus,

195 5455 318 5525 Probus,
335 5457 500 5526 modestus,
516 5459 634 5526 nobilis,
652 5460 703 5516 lux
717 5459 798 5516 ulma
812 5459 914 5516 orbis:

195 5549 253 5604 Gur
267 5547 362 5621 decipi
376 5547 500 5618 moliris,
514 5548 639 5606 infectus
654 5565 763 5623 spurco
777 5549 880 5618 livore,

196 5635 381 5697 bichardum
394 5635 500 5694 ducem
517 5637 816 5710 senatum,justum?

1073 385 1282 459 lngioriusque
1294 387 1362 455 hoc,
1378 386 1455 444 heu!
1471 384 1555 442 valle.

1073 477 1202 532 Pratum
1216 479 1302 532 tuum
1317 475 1370 532 sed
1384 473 1460 532 velle
1475 489 1565 546 posse
1578 472 1661 532 haud
1675 473 1843 544 continget.

1110 563 1199 634 igitur
1222 563 1390 623 bichardus
1410 564 1472 620 dux
1493 561 1899 636 comesqueprsseellentissi-

1073 671 1157 725 mus,
1170 653 1315 712 lalsidicis
1328 654 1437 710 harum
1454 652 1677 710 blanditionum
1690 651 1901 724 minarumque

1072 743 1272 815 legationibus
1285 744 1440 816 deceptus,
1455 743 1605 815 protectus
1620 746 1666 800 cst
1683 747 1793 800 eontra
1804 743 1901 798 botha-

1073 833 1152 890 rium
1177 847 1278 902 regem
1303 832 1343 888 ad
1366 831 1522 905 placitum,
1537 831 1627 888 ascite
1654 831 1780 890 militari
1804 847 1899 890 manu.

1074 922 1137 978 Rex
1149 937 1220 978 vero
1236 921 1413 978 coadunatis
1426 921 1492 991 eius
1505 920 1635 978 inimicis
1654 920 1685 976 in
1699 919 1786 986 eolo,
1801 923 1901 978 turno

1075 1012 1150 1068 tensi
1178 1010 1288 1066 scilieet
1315 1009 1469 1079 tetboldo,
1505 1009 1714 1079 andegavensi
1748 1007 1899 1072 Goiririle

1075 1105 1165 1173 atque
1198 1099 1370 1157 Flundrensi
1396 1099 1505 1156 comite
1532 1098 1701 1167 balduino;
1732 1097 1790 1171 qui
1820 1097 1900 1156 etism

1074 1190 1204 1246 exercitu
1229 1188 1429 1261 plurimorum
1443 1188 1508 1259 ejus
1531 1188 1727 1248 inimicorum
1741 1187 1823 1246 clam
1837 1203 1900 1244 oon·

1075 1279 1207 1350 pabulo,
1223 1278 1398 1336 morabatur
1413 1294 1505 1351 super
1522 1278 1621 1336 belnae
1645 1276 1806 1336 tluriolum
1828 1277 1900 1334 trau·

1074 1368 1188 1425 dulenti
1199 1367 1311 1424 animo.
1330 1367 1380 1426 bic
1394 1383 1466 1426 vero
1479 1367 1582 1426 indicti
1596 1366 1710 1439 placiti,
1725 1381 1790 1439 qua
1804 1365 1900 1422 doloso

1075 1462 1218 1514 statutum
1238 1461 1302 1514 erat
1314 1471 1366 1513 eos
1380 1456 1528 1524 laedereri,
1544 1455 1627 1515 misit
1638 1456 1701 1514 dux
1716 1469 1848 1524 magnus
1859 1455 1899 1510 bi·

1075 1545 1207 1604 chardus
1220 1545 1400 1617 expleterus,
1417 1549 1452 1602 ut
1471 1561 1540 1618 quse
1562 1544 1746 1616 gerebantur
1770 1543 1850 1616 apud
1863 1559 1899 1598 re

1039 1651 1144 1708 ggem
1162 1634 1368 1692 renuntiarent
1383 1633 1451 1701 sibi,
1463 1633 1710 1706 inquirerentque
1733 1633 1788 1706 qui
1809 1637 1899 1690 essent

1076 1741 1145 1780 oum
1159 1739 1239 1792 rege,
1255 1729 1283 1780 et
1299 1723 1323 1780 si
1337 1722 1411 1795 quid
1424 1722 1609 1795 deceptionis
1626 1722 1758 1782 latitaret
1773 1721 1804 1780 iu
1824 1737 1897 1778 exse

1075 1810 1189 1883 quendi
1209 1809 1336 1879 negotiis
1358 1808 1468 1882 placiti.
1495 1809 1537 1866 llli
1556 1812 1658 1868 autem
1679 1809 1753 1866 illuc
1774 1807 1895 1881 protecti,

1076 1899 1255 1956 'tetboldum
1281 1903 1463 1972 ceterosque
1491 1898 1629 1956 inimicos
1652 1898 1741 1956 ducis
1766 1895 1896 1956 bicberdi

1076 1995 1143 2046 ante
1167 2004 1269 2058 regem
1288 1993 1472 2062 repererunt.
1489 1989 1561 2046 iliae
1574 2003 1697 2061 quoque
1714 2004 1806 2061 super
1820 2001 1895 2046 man·

1076 2078 1154 2136 datis
1165 2077 1244 2146 regis
1257 2078 1413 2144 herentes,
1427 2077 1554 2136 nimium
1577 2081 1768 2149 stupuerunt.
1784 2075 1838 2132 iltis
1850 2091 1895 2134 au-

1076 2173 1136 2223 tem
1151 2172 1221 2226 ante
1233 2182 1336 2234 regem
1349 2167 1537 2224 morantibus
1549 2165 1722 2239 paululum,
1738 2179 1806 2226 ecce
1820 2179 1894 2220 vene

1076 2260 1145 2314 runt
1159 2255 1305 2315 Tetboldi.
1323 2255 1480 2314 Goizlroidi
1495 2259 1586 2327 atque
1599 2253 1743 2314 Ralduiui
1765 2253 1893 2313 comitum

1076 2344 1190 2402 loricati
1204 2349 1232 2400 et
1247 2343 1355 2414 galeati
1369 2343 1526 2410 exereitus,
1541 2344 1731 2414 insurgentes
1755 2340 1893 2402 hincinde

1077 2433 1164 2490 ceteri
1178 2433 1323 2505 equitatu,
1338 2432 1492 2505 cupientes
1507 2437 1540 2489 ut
1559 2433 1681 2503 jussum
1700 2437 1767 2490 erat
1785 2429 1893 2502 aggredi

1077 2523 1260 2580 bichardum
1286 2527 1318 2580 et
1342 2538 1414 2578 suos
1446 2522 1545 2580 hostili
1575 2537 1752 2592 congressu.
1771 2521 1891 2578 videntes

1077 2616 1178 2668 autem
1200 2611 1256 2668 hoc
1279 2609 1330 2678 illi,
1346 2609 1493 2668 innuebat
1511 2609 1639 2682 quisque
1665 2608 1734 2680 sihi,
1750 2613 1782 2666 ut
1795 2621 1891 2666 renuu-

1077 2701 1186 2758 tierent
1207 2699 1332 2756 catenus
1359 2715 1427 2772 que
1455 2698 1592 2757 viderant
1619 2697 1767 2758 bichardo
1793 2694 1889 2758 comiti.

1078 2791 1162 2849 Tunc
1181 2805 1262 2848 uuus
1276 2788 1397 2848 illorum
1418 2787 1558 2860 praepetis
1573 2787 1642 2860 equi
1655 2787 1749 2846 dorso
1761 2785 1889 2850 residens,

1078 2879 1170 2936 veloci
1193 2894 1283 2936 cursu
1304 2877 1421 2951 repetiit
1442 2877 1623 2937 bichardum
1646 2875 1829 2950 praedignum
1846 2887 1889 2930 oo·

1044 2968 1192 3062 Gmitem,
1215 2966 1318 3026 omnia
1338 2965 1461 3035 agmina
1487 2965 1666 3033 uanutiens,
1680 2965 1890 3034 vocitersusque

1079 3073 1150 3115 cum
1170 3055 1264 3112 nimio
1280 3053 1404 3124 gemitu,
1418 3059 1448 3112 et
1460 3054 1564 3114 dicens
1578 3073 1587 3114 t
1609 3054 1765 3124 «bomine,
1778 3050 1886 3110 domine

1078 3146 1142 3204 dux
1166 3143 1444 3218 praepotentissime,
1460 3159 1531 3206 erue
1546 3147 1585 3204 te.
1599 3159 1639 3204 ue
1658 3143 1775 3204 intereas
1795 3135 1881 3234 hostili

1077 3235 1280 3302 immanitutc3
1304 3233 1377 3306 quia
1402 3247 1507 3290 omnes
1540 3232 1652 3293 inimici
1678 3231 1717 3292 tui
1744 3239 1882 3297 congus

1078 3340 1148 3382 eum
1162 3339 1242 3394 rege,
1259 3322 1388 3393 gestiunt
1399 3325 1427 3378 te
1450 3327 1576 3394 tuosque
1596 3327 1648 3382 aut
1663 3335 1773 3396 capere,
1785 3321 1832 3378 eut
1844 3315 1885 3372 'tn-

1077 3413 1222 3468 terimere.
1232 3437 1246 3462 »
1262 3412 1310 3468 bis
1322 3411 1430 3468 auditis
1444 3411 1610 3468 bichardus
1621 3411 1685 3470 dux
1691 3404 1887 3483 imperterritus

1077 3502 1213 3570 surrexit,
1231 3501 1352 3574 suisque
1375 3500 1515 3557 fidelibus
1540 3501 1641 3558 ascitis
1667 3501 1760 3557 dixit:
1782 3521 1795 3548 o
1808 3497 1886 3552 usn-

1076 3589 1161 3647 dium
1176 3585 1244 3646 ecce
1257 3594 1398 3663 paratum
1411 3589 1508 3654 nobis,
1525 3594 1689 3662 antequam
1704 3587 1887 3650 devertamus,

1076 3679 1269 3754 praelibemus
1284 3678 1357 3735 illud
1372 3680 1403 3734 in
1417 3678 1539 3736 nomine
1550 3677 1678 3734 bomini.
1692 3677 1796 3751 Slcque
1806 3689 1888 3730 sacre

1077 3774 1187 3827 sancte
1200 3769 1295 3825 crucis
1311 3768 1416 3824 vexillo
1434 3767 1614 3842 premuniti,
1630 3767 1833 3840 prestolemur
1845 3765 1886 3819 ho-

1077 3859 1165 3915 stium
1191 3875 1303 3914 euneos
1327 3857 1476 3930 intrepidi.
1502 3855 1638 3930 Nequitia
1657 3855 1769 3914 etenim
1786 3855 1888 3912 illorum

1076 3957 1102 4005 et
1119 3948 1245 4020 perfidia
1260 3951 1363 4006 atteret
1376 3947 1465 4018 digne
1482 3945 1564 4015 tlios;
1587 3945 1722 4020 probitas
1735 3961 1806 4002 vero
1819 3957 1888 4018 pura

1075 4040 1146 4095 latei
1160 4042 1189 4094 et
1203 4038 1267 4112 spei
1281 4041 1363 4095 eruet
1378 4053 1442 4094 nos.
1464 4037 1595 4112 Impetus
1614 4052 1764 4112 perversas
1777 4033 1888 4092 multitu·

1075 4127 1154 4183 diuis
1173 4126 1292 4183 illorum
1307 4141 1369 4182 non
1382 4142 1436 4182 vos
1449 4127 1602 4192 exterreat,
1618 4140 1723 4181 verum
1739 4123 1889 4198 predeces-

1076 4233 1179 4273 sorum
1193 4220 1360 4272 vestrorum
1376 4213 1406 4270 in
1421 4213 1505 4270 omni
1519 4213 1697 4271 adversitate
1711 4213 1890 4270 robustorum

1076 4305 1297 4362 monimentum
1311 4303 1401 4359 fortes
1414 4302 1513 4359 iaciat.
1523 4325 1537 4352 »
1553 4305 1628 4360 Cum
1643 4306 1756 4373 autem,
1769 4301 1806 4359 ad
1817 4313 1891 4374 pran-

1041 4356 1161 4450 ndium
1173 4393 1315 4460 residens,
1330 4391 1393 4447 haec
1415 4391 1516 4448 atalia
1536 4389 1765 4465 quamplurima
1780 4388 1891 4446 suaden-

1076 4481 1116 4539 do
1130 4480 1282 4554 proferret,
1300 4479 1406 4553 suique
1421 4495 1515 4553 quam
1539 4477 1660 4552 plurimi
1677 4477 1817 4536 abessent
1830 4475 1892 4532 tide-

1075 4571 1129 4640 les,
1144 4571 1225 4626 venit
1251 4570 1326 4627 alius
1352 4569 1475 4625 nuntius
1498 4569 1628 4625 referens
1648 4568 1755 4626 adesse
1775 4567 1893 4626 bostium

1077 4660 1165 4717 acies.
1182 4659 1328 4716 bichardo
1341 4673 1411 4716 vero
1425 4659 1613 4714 sanctissimo
1628 4657 1698 4714 duci
1710 4661 1894 4732 percunctan-

1076 4749 1098 4806 ti
1110 4753 1184 4822 quot
1196 4747 1278 4804 milia
1291 4747 1452 4804 hominum
1467 4751 1568 4804 essent
1580 4745 1669 4818 regis,
1682 4746 1769 4819 sique
1784 4747 1845 4820 ipse
1858 4759 1893 4798 es·

1077 4843 1121 4894 set
1133 4854 1186 4894 rex
1200 4837 1231 4894 in
1246 4837 1456 4906 congressione
1471 4835 1580 4904 hostili,
1595 4835 1696 4893 tertius
1711 4835 1798 4894 affuit
1812 4832 1894 4891 citatis

1076 4927 1243 4984 calcaribus
1260 4927 1354 4998 equis.
1371 4925 1426 4992 Qut
1440 4925 1514 4982 dixit
1528 4925 1572 4980 ei:
1591 4948 1604 4975 α
1617 4923 1742 4981 Domine
1755 4926 1827 4990 dux,
1836 4935 1894 4978 ecce

1075 5033 1129 5073 rex
1142 5021 1171 5072 et
1184 5017 1249 5088 ejus
1262 5013 1408 5072 exercitus
1422 5015 1541 5072 festinat
1555 5015 1632 5071 terro
1644 5014 1769 5071 indutus
1781 5023 1894 5082 congre

1076 5104 1109 5162 di
1134 5105 1187 5162 tibi
1222 5104 1400 5178 preparatis
1428 5103 1583 5162 aciebus.»
1617 5105 1686 5162 baec
1715 5119 1751 5160 eo
1781 5096 1895 5159 hemma

1077 5211 1148 5251 roce
1175 5199 1326 5266 narrante,
1351 5197 1557 5267 apparuerunt
1578 5193 1640 5250 acie
1668 5191 1738 5249 hinc
1765 5191 1833 5249 inde
1856 5201 1895 5244 ar·

1076 5284 1150 5342 mati
1173 5283 1352 5341 exsilientes.
1371 5285 1452 5340 Tunc
1475 5283 1634 5340 ineffabilis
1658 5283 1721 5340 dux
1744 5291 1895 5350 comesque

1076 5373 1241 5430 bichardus
1264 5371 1384 5428 intuens
1406 5371 1531 5444 propius
1550 5371 1712 5429 imminens
1727 5367 1894 5444 perieulum.

1078 5461 1204 5518 surrexit
1218 5459 1301 5517 ocius
1324 5460 1465 5518 deserens
1488 5459 1660 5534 prandium,
1675 5459 1849 5531 divertitque
1862 5451 1895 5510 eh

1077 5549 1119 5606 eis
1131 5554 1160 5606 et
1172 5543 1295 5606 secessit
1309 5553 1391 5606 trans
1402 5551 1490 5622 Depre
1501 5548 1630 5617 alveum,
1643 5547 1750 5622 suique
1765 5545 1894 5617 adjutore

1077 5637 1146 5702 illuc
1161 5637 1390 5714 prestolabatur
1403 5638 1576 5701 exactum.
1588 5637 1647 5698 Sed
1659 5636 1739 5710 rogis
1758 5631 1895 5698 amatur
