4044 6184
119 214 122 220 ,
219 163 254 218 re
775 136 956 216 'manent
977 156 1005 214 s.
1026 157 1165 218 orarunt
1183 158 1339 220 ucneour
1891 159 1926 214 ιι

219 282 343 342 morice
365 280 463 340 lactus
483 283 536 338 est.
563 279 725 342 willelmus
753 297 824 341 vero
844 284 1044 353 cognomento
1063 290 1086 342 n
1098 280 1243 342 derelictis
1258 279 1410 348 omnihus,
1432 295 1582 354 pauperes
1600 294 1767 354 pauperem
1790 278 1926 338 Chiatum

219 373 431 446 Caput·Stupae
453 368 479 426 ι’
497 369 629 426 Auernis.
658 370 774 430 vallatis
791 373 858 441 (rt),
881 369 1044 428 homericae
1099 368 1192 430 secutl
1205 374 1282 436 sunt,
1299 375 1326 426 at
1342 367 1482 426 Cluuiaeo
1503 373 1608 426 saneto
1635 367 1739 426 habitu
1761 384 1796 425 ac
1810 367 1869 425 vite
1883 367 1927 424 in·

218 463 248 521 et
259 459 386 519 Pictavis
403 471 504 516 comes
527 463 696 531 provectus,
711 459 775 520 dux
788 459 954 533 Aquitaniae
974 456 1045 514 exti-
1098 456 1162 516 duti
1177 458 1341 528 auntdnde
1354 461 1459 531 postea
1474 456 1524 516 liei
1537 463 1612 516 nutu
1625 457 1795 516 Odoabbes
1809 457 1926 530 pretate

216 549 260 612 tit.
275 548 327 610 llio
338 562 483 619 germano
506 563 562 607 sue
577 549 600 594 ⁸¹
615 548 771 608 abhatiam
791 548 884 608 saneti
897 546 994 608 Hilarii
1009 562 1044 602 ac
1098 546 1303 608 sanctissimus
1318 548 1392 618 7“‚et
1403 551 1472 620 post
1483 562 1553 604 euru
1568 550 1689 604 sanctus
1702 545 1843 618 majolus.
1855 549 1925 603 'rec-

217 623 468 700 sr'metillexsneii
491 651 561 694 cum
581 635 734 698 nonnullis
758 636 824 696 eliis
849 633 1044 710 precession-
1098 633 1167 706 tolo,
1181 634 1304 706 jubente
1330 634 1438 696 abbate
1454 650 1519 701 suo,
1547 631 1790 706 archiepiscopus
1816 633 1925 692 invitus

215 724 274 789 bus
287 724 494 788 mercaverat
522 724 587 784 solo
599 725 737 799 prebuit.
766 726 830 786 Fuit
853 724 934 784 idom
954 723 1043 784 illilus
1097 727 1288 784 consecratus
1310 727 1354 782 cst
1368 721 1504 782 'turonis
1528 720 1577 782 tlte
1595 719 1803 782 sanctissimus
1822 722 1882 780 ndo
1896 726 1926 778 et

213 817 314 878 honus
328 821 433 892 paster
446 816 578 878 eeclesias
593 819 633 886 2²,
649 817 870 890 edificavitque
885 815 1041 874 castollum
1095 809 1197 874 littoris
1217 811 1353 884 adprime
1375 809 1548 868 liberalibus
1564 808 1697 870 eruditus
1709 812 1738 866 et
1751 809 1801 868 uei
1821 827 1924 868 amore

215 906 378 968 tamorice
392 905 480 974 sedis,
501 906 655 966 castellum
670 907 766 966 saneti
780 906 890 980 Hilarii,
911 909 939 970 et
953 920 1042 962 cano·
1096 897 1355 972 flagrantissimus,
1378 897 1515 971 exemplo
1541 904 1570 956 et
1593 895 1730 956 doctrina
1751 898 1923 971 apostolicae

213 993 298 1058 uicos
319 995 361 1056 ihi
375 994 533 1068 disposuit,
559 995 630 1068 quia
645 994 834 1054 intestatione
856 997 1041 1052 dormanno·
1095 988 1216 1060 regulae,
1232 1005 1299 1062 quar
1321 987 1609 1059 cetmonacborum,
1632 986 1725 1045 exuet
1743 993 1924 1046 restaurator

213 1099 281 1144 rum
295 1082 376 1144 idem
388 1082 472 1142 loeus
487 1081 734 1143 amcuechorutu
750 1081 848 1154 prisca
858 1079 1041 1140 habitatione
1097 1083 1248 1140 strenuus.

213 1171 580 1232 desciveratitestaurevit
593 1169 810 1232 monasterium
822 1169 1041 1230 seuctilteuen·
1130 1171 1175 1228 99.
1191 1169 1271 1228 Tune
1284 1168 1361 1230 ltcso
1380 1165 1521 1226 deiuncto
1542 1164 1571 1224 e*
1583 1163 1645 1235 (an.
1661 1167 1736 1234 aar),
1758 1163 1837 1222 filius
1857 1165 1922 1237 ejus

213 1263 254 1334 tii,
267 1266 297 1320 et
310 1261 466 1322 castellum
480 1261 509 1320 ia
527 1260 651 1319 circuitu
668 1259 800 1332 perfecit.
815 1257 1000 1326 Restaurevit
1014 1262 1042 1314 et
1096 1255 1256 1318 Willelmus
1268 1255 1336 1313 loco
1351 1255 1416 1328 eius
1428 1254 1555 1328 praefuit,
1567 1270 1586 1312 a
1598 1253 1731 1328 puericia
1744 1253 1921 1328 baptisatus,

211 1351 428 1412 monasterium
447 1350 542 1410 sancti
564 1349 711 1410 Michaelis
731 1349 771 1408 ad
787 1353 926 1408 Eremum
941 1348 997 1420 (75)
1013 1351 1042 1404 et
1095 1345 1252 1416 omnisque
1267 1360 1372 1404 eorum
1395 1347 1648 1414 hermancorum,
1664 1342 1716 1416 qui
1735 1343 1822 1415 Juxta
1834 1346 1922 1400 Fran-

212 1439 307 1503 multa
334 1439 392 1496 elia
406 1437 571 1500 laudabilia
583 1437 615 1495 in
640 1453 730 1510 opere
758 1436 808 1496 liei
833 1436 902 1507 agit.
920 1435 975 1502 Qui
990 1435 1040 1492 de·
1095 1434 1167 1494 tium
1189 1432 1430 1494 inhabitaverant
1453 1433 1487 1499 ⁰⁵,
1513 1431 1672 1490 rnrrltitudo
1698 1431 1791 1488 fidem
1817 1431 1923 1490 Christi

210 1527 330 1592 tuncrus
347 1527 402 1600 (99)
415 1526 548 1600 sepultus
559 1531 603 1586 est
616 1527 647 1586 in
661 1525 786 1585 basilica
797 1523 960 1598 supradicti
973 1540 1038 1584 mo·
1094 1523 1234 1598 suscepit,
1263 1529 1292 1582 et
1316 1522 1457 1594 gentilem
1471 1521 1607 1593 linguam
1630 1521 1802 1593 obmittens,
1818 1522 1921 1579 Latino

211 1615 332 1677 austerii
344 1615 439 1678 sancti
462 1614 577 1686 enach.
594 1617 699 1676 Fuerat
713 1615 741 1674 3·
763 1619 864 1676 autem
884 1629 1039 1672 successor
1058 1644 1078 1698 B
1095 1629 1234 1672 sermone
1248 1612 1416 1673 assuefacta
1431 1616 1485 1670 est.
1497 1611 1640 1670 Willelme
1651 1611 1690 1669 uh
1702 1611 1825 1669 nrnrdto
1839 1612 1922 1669 Flan-

209 1703 367 1778 turpionis
381 1703 523 1778 episcopi,
537 1703 676 1766 avunculi
691 1702 855 1762 armentu
870 1701 932 1762 rice
947 1701 1038 1758 eomi-
1092 1701 1204 1761 detenet
1231 1701 1337 1760 comite
1352 1701 1423 1760 dolo
1451 1701 1630 1774 interempto
1656 1700 1717 1772 (ec.
1745 1703 1818 1770 ete),
1841 1700 1920 1758 iilius

209 1794 247 1858 lis
262 1793 446 1856 Albucenais.
476 1792 599 1866 Fuitque
612 1791 693 1852 idem
709 1792 798 1854 Eblus
813 1809 832 1852 a
850 1796 953 1852 serrato
967 1794 1038 1852 ittar-
1091 1793 1156 1864 ejus
1171 1791 1335 1854 aichardus
1352 1789 1794 1862 suecedens,christianissimus
1809 1791 1918 1861 iectus,

209 1883 283 1948 aete
297 1883 465 1945 tricesimus
493 1898 593 1944 uenus
620 1882 793 1956 episcopus,
816 1881 866 1956 qui
883 1881 923 1942 ad
938 1882 1037 1941 bonus
1091 1880 1250 1940 edificavit
1262 1880 1293 1940 iu
1307 1896 1343 1941 eu
1357 1879 1548 1952 normannia,
1563 1896 1632 1954 qum
1654 1883 1742 1938 antea
1755 1881 1920 1939 vocabatur

210 1988 299 2035 suum
323 1969 528 2034 emerendum
551 1971 743 2032 ordinaverat
757 1971 813 2032 auh
827 1987 858 2032 se
869 1971 1036 2043 corepisco·
1090 1969 1215 2028 marcha
1230 1969 1358 2028 Francius
1371 1975 1400 2026 et
1412 1969 1579 2036 Britanniae,
1593 1969 1811 2030 monasterium
1824 1970 1918 2026 sancti

208 2077 283 2136 pum
295 2059 496 2124 benedictum.
512 2060 568 2128 Qui
580 2065 686 2134 postea
701 2065 835 2134 captusa
849 2059 930 2120 llelia
942 2063 1037 2118 Petre-
1090 2057 1235 2118 Michaelis
1251 2059 1288 2116 de
1303 2061 1408 2128 Monte,
1423 2057 1475 2116 uhi
1489 2058 1656 2118 monachos
1671 2057 1830 2118 ordinavit.
1845 2058 1917 2115 ltern

208 2149 356 2222 gorieensi
371 2150 488 2218 comite,
504 2149 598 2208 oculis
612 2149 746 2222 privatus
766 2153 820 2217 est,
835 2152 863 2206 et
877 2155 1036 2222 propterca
1090 2147 1306 2210 monasterium
1329 2147 1488 2208 Fiscanum
1511 2147 1567 2220 (iil
1599 2146 1630 2206 in
1652 2147 1767 2208 honore
1790 2163 1917 2205 summae

208 2238 299 2300 libius
318 2237 412 2298 nimio
434 2243 462 2299 ct
475 2237 654 2300 intolerabili
669 2254 788 2313 semper
809 2237 913 2298 dolore
929 2236 1035 2298 afficie-
1089 2235 1245 2306 Trinitatis,
1261 2235 1313 2296 ubi
1336 2235 1470 2310 sepultus
1486 2240 1530 2292 est
1542 2236 1617 2312 ipse,
1643 2236 1696 2295 ubi
1708 2241 1736 2294 et
1749 2237 1917 2296 monachos

206 2327 297 2390 betur
311 2328 335 2366 ⁹³
348 2343 444 2400 usque
463 2327 503 2390 ed
524 2327 604 2388 diem
616 2326 721 2388 mortis
746 2342 825 2396 suem
840 2326 940 2399 ipsum
954 2325 1035 2386 enirn
1088 2326 1197 2400 posuit,
1229 2328 1409 2394 Francorum
1437 2325 1645 2396 interserere
1675 2324 1825 2384 Ludcvicc
1857 2326 1917 2386 vita

206 2421 276 2492 pest
286 2433 319 2476 se
333 2417 465 2476 voluerat
474 2417 641 2490 relinquere
656 2431 870 2476 successorem.
886 2415 969 2474 idem
982 2419 1034 2474 ilc-
1088 2416 1288 2488 adsuetamn.
1304 2415 1378 2488 954),
1392 2415 1528 2486 regnavit
1541 2431 1595 2488 pro
1610 2430 1646 2474 ec
1660 2415 1825 2486 Lotbariue,
1838 2415 1917 2474 filius

206 2505 263 2568 lias
284 2507 323 2575 ι’,
352 2521 422 2566 eum
436 2505 560 2566 Geraldc
580 2505 753 2565 vicecomite
776 2505 805 2564 5*
831 2508 859 2562 et
881 2503 943 2564 filio
969 2503 1034 2577 ejus
1088 2503 1153 2578 ejus
1167 2519 1204 2560 ex
1217 2502 1359 2575 Girherga
1372 2504 1477 2574 regina
1491 2503 1675 2578 progenitus.

206 2596 330 2655 widone
351 2595 513 2656 commisso
526 2594 639 2670 prelio,
664 2594 757 2656 notor
771 2594 873 2663 extitit,
890 2598 919 2654 ct
930 2599 1035 2668 postea
1123 2596 1167 2653 98.
1184 2595 1249 2660 Quo
1264 2597 1398 2666 tempore
1420 2593 1482 2665 tna.
1499 2593 1562 2666 tidt)
1577 2593 1734 2651 Fulneldus
1755 2593 1916 2668 episcopm

206 2700 276 2742 cum
290 2683 379 2744 tratre
394 2699 450 2742 auo
474 2683 635 2744 arneberto
656 2684 688 2742 in
700 2683 908 2758 deceptionem
926 2687 1033 2757 ceptus
1087 2681 1329 2752 encolismensis,
1345 2685 1507 2755 postquam
1522 2681 1640 2755 praefuit
1655 2687 1687 2740 ti
1698 2682 1794 2752 annia,
1810 2683 1915 2742 deiun-

205 2778 278 2834 esta
290 2772 424 2843 Widone,
436 2776 465 2832 et
489 2773 521 2832 in
537 2777 635 2834 castro
648 2773 825 2834 Monuniaeo
851 2773 882 2832 in
898 2773 1033 2832 custodie
1086 2775 1151 2834 etus
1166 2775 1209 2834 cst
1220 2771 1288 2842 9‘,at
1303 2771 1446 2831 successit
1457 2771 1487 2830 in
1498 2770 1673 2844 episcopatu
1686 2771 1809 2841 tibulus,
1820 2773 1874 2846 qui
1887 2778 1915 2830 et

205 2864 368 2936 coniectus.
386 2862 444 2922 Sed
465 2878 536 2923 cum
558 2877 651 2922 suasu
668 2861 804 2921 Willelmi
827 2861 913 2920 ducis
937 2862 1032 2920 oculis
1085 2860 1191 2934 ipsam
1206 2859 1646 2934 aunisprretuittti'.willelmus
1659 2861 1789 2935 denique
1802 2863 1914 2920 Sertor-

204 2949 373 3026 privaudua
386 2952 465 3010 esset
487 2955 609 3025 prepter
633 2949 839 3025 supradictum
863 2949 1030 3025 corepisco-
1051 2949 1913 3054 Ginminuiboccognomenindeptuseet,quiaccmmisso

204 3055 280 3114 pum
294 3043 354 3100 lieo
367 3037 554 3114 propitio,de
567 3037 702 3098 custodia
711 3039 815 3109 evasit,
824 3043 853 3096 et
865 3054 926 3098 non
936 3039 1031 3098 multo
1086 3039 1188 3113 praelio
1203 3055 1272 3096 cum
1287 3038 1475 3106 normannis,
1492 3044 1520 3096 et
1534 3043 1639 3098 neutro
1651 3039 1776 3108 cedenti,
1793 3044 1914 3112 postera

203 3133 273 3202 post
291 3127 323 3186 in
344 3127 394 3188 vie
407 3130 509 3188 Romae
523 3129 698 3198 peregrinus
720 3127 750 3186 iu
768 3127 817 3188 ltei
835 3143 926 3200 opere
946 3127 1028 3188 obiit.
1085 3127 1133 3186 die
1146 3128 1225 3202 pacti
1240 3143 1333 3186 causa
1348 3144 1418 3186 aum
1439 3143 1508 3199 rego
1521 3144 1624 3191 eorum
1645 3127 1740 3186 Storin
1754 3127 1842 3187 solito
1858 3129 1913 3202 (79)

203 3216 379 3280 aldabertus
406 3219 465 3276 lieo
492 3215 583 3274 irater
602 3216 667 3288 ejus
692 3215 821 3288 plurimo
845 3221 978 3290 tempore
1000 3217 1030 3276 in
1086 3215 1225 3277 ecnilictu
1237 3215 1403 3288 deluctans,
1421 3231 1492 3274 ause
1508 3221 1589 3274 corte
1613 3216 1656 3277 ,Μ’
1670 3215 1834 3274 durissimo
1847 3233 1914 3292 per-

203 3310 283 3368 turre
311 3307 335 3344 ⁸*
363 3305 488 3364 civitatis
517 3305 679 3366 lemovica
705 3305 881 3376 custoditus,
907 3304 1030 3364 tandein
1085 3305 1604 3380 mediapeotoriaseeuitsimulcurn
1617 3307 1914 3382 toraceuna3modo

203 3395 320 3458 solutus
332 3399 513 3469 est,eccepla
527 3393 559 3450 in
572 3393 638 3464 conj
644 3392 713 3462 unio
729 3409 829 3454 serere
843 3393 976 3454 widonis
989 3393 1030 3452 ri·
1085 3393 1277 3467 percussione
1293 3394 1437 3452 claudens
1448 3394 1675 3467 diem,sepultua
1687 3399 1731 3452 est
1742 3395 1827 3469 juxta
1837 3395 1914 3452 basi-

202 3482 365 3552 cecomitis,
379 3499 415 3540 ex
430 3497 491 3544 uua
505 3479 602 3542 filium
616 3479 719 3549 genuit
734 3480 928 3556 Beruamum.
1083 3482 1174 3542 licem
1189 3482 1282 3542 saneti
1296 3482 1479 3557 Eperchiidit
1493 3499 1546 3556 per
1562 3487 1596 3542 ³0
1609 3499 1706 3541 annos
1715 3501 1771 3559 pro
1785 3501 1821 3541 eo
1834 3487 1913 3558 prin-

237 3576 283 3632 29.
297 3574 337 3630 iio
352 3575 497 3644 tempore,
514 3568 614 3626 adhue
630 3567 746 3628 riveute
759 3568 906 3642 Turpione
919 3569 1031 3643 episoo-
1085 3571 1175 3646 cipali
1188 3577 1257 3630 sunt
1269 3573 1436 3632 bernardus
1451 3588 1552 3630 cemes
1569 3575 1621 3641 ta',
1638 3572 1747 3630 deinde
1759 3573 1838 3630 filius
1849 3574 1914 3647 ejus

202 3675 253 3736 po,
271 3659 335 3718 Ode
349 3663 377 3717 et
395 3656 514 3716 Tantalo
527 3657 566 3726 θ’,
586 3656 723 3718 canonici
735 3657 831 3716 sancti
845 3657 958 3718 Martini
968 3659 1031 3720 illu-
1084 3659 1913 3731 ernaldusltt',deindaWillelmusiaierendusitdcr'nde

202 3747 351 3817 striashni,
381 3745 579 3820 cdirnpleutes
603 3745 812 3817 evangelicum
835 3751 1029 3821 preceptum,
1084 3749 1251 3808 ltaunultua
1272 3749 1461 3824 Bompariua,
1486 3753 1551 3810 tum
1567 3751 1733 3808 bichardus
1753 3751 1910 3825 insipiens.

204 3866 231 3928 l·
245 3881 265 3922 a
279 3881 348 3935 roge
363 3861 534 3947 supradicto
550 3861 620 3920 cdd.
636 3863 663 3920 2.
678 3863 706 3918 9·
720 3865 750 3919 et
762 3861 917 3920 castellum
929 3864 1024 3924 sancti
1037 3865 1179 3940 Stephani
1192 3865 1344 3924 lemovica
1359 3865 1449 3936 sedis,
1465 3867 1547 3940 quod
1561 3865 1671 3942 rurpic
1686 3866 1846 3944 episcopus
1862 3883 1914 3930 uu·

238 3941 368 3994 tecessnr
383 3951 447 4008 epus
460 3948 574 4004 magne
587 3948 625 3990 ex
653 3936 771 4005 partea
794 3933 858 3990 solo
873 3941 1088 4008 construxerat,
1113 3936 1161 3994 hle
1176 3936 1216 3994 ad
1235 3936 1398 4010 perlectum
1418 3938 1586 4010 integravit.
1616 3939 1785 4004 construxit
1799 3955 1817 3996 a
1831 3955 1911 3998 novo

238 4007 392 4065 castellum
408 4003 505 4088 Hilarii
515 4009 542 4062 9.
557 4005 585 4064 3·
593 4008 770 4088 antecessor
784 4019 854 4063 vero
869 4006 933 4090 ejus
945 4009 1003 4072 Tur
1025 4007 1064 4077 io,
1077 4021 1185 4078 genere
1211 4007 1388 4081 clarissimo,
1399 4009 1568 4068 avunculus
1585 4009 1716 4070 lietberti
1730 4011 1911 4068 vicecomitis

236 4075 570 4145 Alhuoensls,1nrehus
587 4077 636 4132 Der
651 4074 830 4148 magnificus
845 4076 910 4144 furt,
926 4081 955 4135 et
968 4080 990 4136 0
1014 4094 1104 4139 onem
1119 4079 1261 4138 abbatam
1277 4080 1475 4137 cluniacensis
1491 4080 1620 4141 coenobil
1636 4098 1758 4140 summo
1770 4081 1909 4140 excoluit.

237 4150 293 4216 Oui
308 4149 372 4232 Ode
388 4146 655 4228 reverentissimus,
672 4147 819 4230 Turpione
842 4147 998 4220 rogitante,
1022 4149 1113 4206 vitem
1134 4149 1226 4208 saneti
1241 4149 1356 4208 Geraldi
1379 4151 1482 4224 edidit,
1499 4157 1527 4212 ot
1554 4152 1665 4214 librum
1682 4153 1721 4208 De
1738 4157 1912 4234 contemptu

236 4219 342 4278 mundr
357 4217 514 4292 peruhlem
529 4222 708 4292 composuit.
724 4218 804 4276 idem
818 4219 919 4292 episeo
945 4237 980 4276 us
992 4220 1023 4278 in
1037 4221 1102 4278 Vita
1118 4237 1173 4278 suu
1187 4221 1289 4281 multis
1303 4222 1408 4280 claruit
1419 4221 1572 4284 miraculis
1585 4241 1592 4296 ;
1603 4228 1632 4282 et
1644 4223 1804 4282 defunctus
1816 4225 1840 4262 ⁹³
1866 4224 1912 4281 Al·

234 4289 358 4348 hutione
375 4289 429 4367 (79)
444 4287 578 4372 sepultus
593 4289 677 4347 estin
691 4287 819 4347 basilice
838 4236 1082 4374 senetfvualerioi.
1105 4291 1195 4350 Ehlus
1211 4297 1311 4356 autem
1329 4293 1496 4355 esebearn
1512 4293 1647 4355 Maroiala
1663 4295 1829 4372 Episcopus
1843 4269 1910 4362 luit,

237 4367 265 4418 et
279 4360 319 4443 ad
333 4377 411 4418 onus
426 4358 595 4434 episcopale
616 4357 820 4442 sufferendum
837 4361 985 4442 ordinant
1009 4361 1065 4420 suh
1080 4379 1111 4419 se
1125 4363 1353 4438 corepiscopum
1376 4364 1579 4435 benedictum,
1601 4381 1694 4442 quem
1707 4366 1772 4439 ipse
1785 4383 1803 4426 a
1818 4383 1911 4442 puero

236 4436 389 4490 nutrrerat.
407 4431 463 4500 Qui
475 4435 581 4505 eaptus
595 4433 623 4494 2.
635 4431 662 4488 i'
676 4429 756 4487 filius
771 4434 893 4491 bosonis·
906 4431 1000 4491 Vetuii
1015 4433 1052 4490 de
1067 4436 1163 4492 tiores
1180 4435 1250 4492 adri.
1265 4439 1292 4490 9.
1309 4437 1334 4490 a·
1353 4435 1555 4500 lemovicensi
1568 4438 1639 4497 odd.
1663 4441 1689 4497 9.
1707 4441 1733 4496 6·
1748 4438 1868 4494 Feetolo
1884 4441 1913 4493 et

237 4503 300 4560 Ode
317 4502 509 4576 supradictus
532 4500 606 4558 dum
625 4506 724 4559 essent
738 4518 763 4559 o.
780 4506 807 4584 ²:
819 4505 844 4558 7·
867 4503 1017 4560 secundus
1030 4521 1048 4565 e
1060 4505 1158 4578 primo
1171 4504 1281 4564 abbate
1296 4505 1442 4584 ejusdem.
1461 4507 1525 4564 Fuit
1539 4511 1619 4566 enim
1637 4509 1752 4584 primus
1775 4511 1867 4568 Bcruc
1883 4512 1912 4562 et

235 4573 387 4630 secandus
404 4573 497 4629 Oddo.
514 4571 632 4634 Tectolo
646 4576 673 4628 2.
689 4575 715 4629 8·
729 4577 837 4629 comite
853 4573 1042 4632 Rodomense
1057 4576 1199 4637 addae·
1210 4581 1238 4634 et
1253 4577 1385 4650 sepultus
1399 4579 1484 4650 juxta
1495 4578 1651 4639 basilicum
1678 4577 1773 4638 sancti
1795 4577 1910 4654 Epercii

235 4646 305 4702 adri.
322 4650 349 4700 9.
368 4649 409 4702 99·
426 4650 454 4700 et
469 4643 633 4701 tumulatus
646 4659 732 4700 secus
745 4644 839 4709 sancti
856 4645 878 4680 ⁰⁸
893 4645 1029 4719 Eparcbil
1042 4646 1197 4706 basilicam
1213 4649 1284 4706 adel.
1302 4653 1328 4709 9,
1355 4651 1395 4706 Η·
1408 4667 1433 4706 e.
1448 4650 1572 4706 'nomine
1594 4650 1624 4707 d.
1639 4665 1728 4724 quem
1744 4647 1909 4704 Walander

233 4717 319 4773 leber
331 4720 450 4772 cnseret
463 4715 534 4772 orld.
550 4717 577 4770 9.
590 4715 630 4785 cs.
647 4714 738 4772 Gesta
752 4731 817 4786 epp.
834 4717 944 4788 Eryci.
956 4734 982 4775 r.
1002 4721 1043 4775 re.
1066 4718 1111 4782 12*
1127 4719 1377 4790 petragoricensis
1393 4722 1415 4756 a
1432 4721 1502 4780 edd.
1518 4725 1543 4780 2.
1559 4721 1600 4792 cs.
1618 4721 1704 4784 Gesta
1714 4733 1781 4788 cup.
1797 4718 1907 4790 Enpct.

235 4790 256 4844 l.
274 4789 294 4844 l.
313 4787 359 4844 ta*
370 4789 572 4858 cognomento
587 4785 729 4842 Borreeio
743 4788 814 4844 odd.
831 4790 858 4842 4.
875 4793 1075 4858 cognomento
1089 4789 1242 4859 Boirratio,
1259 4806 1314 4863 pro
1329 4807 1365 4846 eo
1379 4792 1450 4863 quia
1463 4807 1533 4848 eum
1549 4791 1616 4864 ipsa
1632 4794 1710 4846 veste
1723 4789 1753 4844 lu
1777 4805 1830 4845 um
1845 4789 1909 4846 ‹lia-

235 4857 369 4916 bolieum
383 4855 521 4914 homines
536 4855 731 4938 devorantem
746 4857 872 4930 appetiit
886 4858 918 4922 in
933 4874 1042 4934 cumpo
1061 4860 1201 4919 loricatus
1214 4868 1243 4919 el
1256 4861 1404 4934 galeatus,
1420 4867 1448 4918 et
1459 4861 1601 4920 munibus
1614 4865 1735 4931 gestans
1763 4861 1797 4931 ⁰⁰,
1813 4860 1910 4918 militi-

234 4928 293 4986 bus
309 4927 508 4986 oceidendum
523 4926 651 5000 praebuit
664 4928 736 4985 add.
752 4931 779 4986 9.
794 4930 836 5000 cs.
858 4929 1151 5004 decemplicem.

886 5027 1002 5090 VARIAE
1021 5030 1220 5090 hauriebas.

234 5121 326 5179 ⁰¹suo
341 5121 494 5179 Ehlercd.
510 5123 698 5180 viridantia.
713 5119 827 5180 eree.
843 5123 927 5182 Mna.
943 5139 973 5197 p.
989 5127 1052 5182 999.
1091 5128 1115 5164 ⁹²
1130 5127 1254 5184 rcrhertl
1271 5131 1296 5185 t.
1349 5125 1528 5184 ”allidatur
1566 5130 1591 5184 t.
1607 5127 1678 5184 l‘re
1694 5129 1719 5183 t.
1758 5123 1908 5184 ”inhabi-

199 5196 354 5252 taveratt.
392 5193 630 5252 ttretelerandus
647 5197 671 5250 t.
711 5194 736 5230 ⁹⁷
749 5193 896 5252 defunctis
911 5211 948 5252 c..
987 5197 1132 5255 'tauma
1171 5199 1428 5273 wpetrugorieam
1443 5197 1504 5255 osis
1519 5214 1545 5255 r.
1585 5199 1623 5235 ¹⁰⁰
1635 5201 1754 5270 gestant
1768 5214 1794 5257 c.

994 5296 1110 5352 NOTAE.

231 5388 285 5458 (τι)
315 5390 349 5445 ln
362 5387 430 5446 cod.
445 5391 473 5460 4,
494 5387 716 5460 retransmittat
744 5390 876 5462 verrens,
891 5390 981 5451 hodie
999 5393 1026 5450 te
1114 5391 1167 5462 (77)
1185 5393 1322 5473 Feoemp.

205 5459 307 5526 Vetnp.
343 5529 350 5542 ⁹
425 5531 430 5542 ¹
1124 5465 1157 5521 98
1182 5461 1211 5520 td
1226 5460 1424 5536 ealsruoeulari
1438 5462 1631 5534 [teneleriil.

230 5532 275 5602 (75
303 5531 499 5590 smol-tirohet
512 5547 549 5590 en
565 5535 643 5589 urm.
1123 5536 1156 5592 79
1182 5533 1354 5596 Aubusaen.

230 5605 274 5675 (iu
301 5603 672 5671 Qucannononeonstat.
