3996 6186
2 649 11 656 -
103 611 314 670 credulitatis?

107 223 158 278 097

106 344 228 416 Linguis
237 345 408 416 honestum,

103 437 230 506 lamque
242 435 362 492 revulsa

103 527 180 580 Pace
194 527 328 580 tenorem

696 349 808 406 Fomite
821 363 925 422 pravo,

693 532 762 584 Atra
777 527 888 600 cupido

694 619 775 675 Sorte
789 616 889 688 cupita

5 737 16 748 κ
102 705 164 760 Cur
179 701 376 776 sobolemque
694 707 807 763 Detinet
820 703 929 761 exlex?

1 798 15 838 ξ
103 792 187 847 illius
203 791 287 863 elmi,

3 921 8 926 -
103 883 179 937 Lora
194 880 317 952 ligatam

1 994 2 999 ¹
100 968 276 1042 impietatis,

138 1063 208 1116 Erat
234 1063 335 1117 autem
355 1061 481 1133 quidam
503 1063 558 1121 tiro
580 1066 702 1122 nomine
724 1063 929 1131 ilosmundus,

1 1161 2 1184 ¹
99 1148 242 1204 Richardi
265 1165 392 1205 summae
416 1151 594 1209 celebritatis
621 1155 705 1228 pueri
730 1154 882 1221 educator,
903 1155 932 1207 et

98 1237 179 1293 altor
194 1237 415 1308 sagacissimus.
442 1240 498 1306 Oui
512 1241 647 1314 quadarn
662 1243 709 1300 die
725 1242 847 1299 absente
861 1255 930 1310 rege

98 1327 257 1383 immeritae
280 1328 425 1400 captionis
448 1345 576 1402 puerum
601 1331 734 1405 equitare
747 1330 865 1388 tecitad
879 1345 931 1385 au-

97 1415 235 1489 cupium,
258 1421 291 1472 ut
313 1416 440 1474 disceret
464 1419 548 1476 alites
572 1436 679 1494 capere
703 1437 757 1478 suo
778 1420 927 1494 accipitre.

98 1505 176 1562 Cum
196 1521 269 1562 vcro
283 1521 334 1562 rex
349 1512 554 1580 reverteretur,
577 1514 605 1566 et
619 1511 728 1580 regines
752 1509 851 1567 verbis
864 1511 930 1566 Ger·

1 1641 2 1646 ,
95 1595 200 1666 bergas
229 1597 316 1654 sciret
344 1597 429 1670 quod
455 1599 577 1671 puerilis
604 1600 806 1657 delectationis
830 1599 929 1656 studio

96 1685 273 1741 memoralis
297 1685 426 1741 scientiae
438 1703 513 1760 puer
528 1688 691 1746 Richardus
712 1693 796 1746 extra
814 1689 930 1745 laudu-

95 1789 174 1829 num
188 1774 556 1846 proticisceretur,rogavit
568 1777 607 1834 ad
623 1795 654 1834 se
669 1779 769 1835 venire
783 1781 928 1834 llosmun-

1 1914 2 1917 ,
96 1862 175 1920 dum
191 1863 370 1934 magistrum
384 1865 512 1936 ejus.lllo
527 1883 627 1924 coram
643 1868 750 1924 astanti
764 1867 847 1924 iuriis
859 1867 928 1923 bac-

1 2001 2 2004 ,
96 1952 207 2007 chatus
232 1951 359 2022 acerbis,
382 1951 592 2010 demonstrans
613 1955 763 2012 obtectum
779 1955 831 2012 diu
844 1955 927 2012 nefa-

96 2040 152 2094 riae
167 2041 313 2112 captionis
336 2046 481 2098 secretum
495 2042 577 2100 infit:
595 2067 609 2094 «
633 2044 761 2117 Ncqnior
773 2043 926 2111 omnibus,

693 887 805 958 Sperne
821 887 920 940 tenere

355 223 401 278 DE
421 222 542 280 sessis
562 175 775 283 Nemeum
795 223 914 280 nocuit
933 218 1023 278 LIBRI
1043 223 1140 280 TRES.
1161 255 1197 265 -
1216 226 1281 281 Llll.
1303 227 1348 282 lll.
1370 223 1577 282 lllGllAllllUS.

694 439 774 496 lieu!
788 436 989 508 vegetandum

693 795 797 852 Desine
812 808 953 867 pravum,

692 976 824 1047 Quaeque
841 970 972 1028 nefanda

1281 349 1358 407 lditte
1373 347 1567 420 Richardum,

1282 437 1410 508 Postulo,
1427 437 1590 510 ephebum,

1281 528 1347 593 Quo
1360 527 1495 599 suajura

1280 615 1405 688 impleat
1419 614 1510 672 alma.

1280 707 1344 772 Quo
1361 704 1444 778 capis
1458 705 1553 775 illum,

1279 797 1321 850 ‘lu
1337 795 1474 868 capieris,

1281 884 1389 940 Etvice
1403 884 1495 956 digna

1280 973 1472 1043 Regredieris.

949 1060 1032 1119 Adis
1058 1060 1143 1116 illum
1181 1063 1370 1119 sermonibus
1398 1063 1522 1120 libenter
1553 1065 1753 1138 insignibant;
1785 1069 1814 1124 el

984 1149 1130 1206 mellifluo
1165 1150 1305 1223 palatine
1347 1152 1602 1208 sermocinationis
1642 1154 1812 1212 dulcamine

984 1238 1171 1296 erudiebant.
1196 1242 1338 1296 Processu
1362 1257 1434 1297 vcro
1460 1242 1611 1315 temporis,
1635 1245 1813 1301 Northman·

984 1344 1093 1385 norum
1105 1334 1133 1385 et
1148 1329 1300 1386 Britonum
1321 1330 1461 1404 precibus
1476 1329 1633 1398 continuis,
1643 1331 1815 1404 ieiunisque

985 1417 1109 1487 singulis
1122 1417 1279 1474 mensibus
1295 1417 1486 1475 devotissime
1501 1419 1666 1476 exercitatis
1678 1419 1815 1492 plaeatus

983 1521 1089 1576 regum
1116 1505 1348 1575 sorbonicus,
1378 1507 1485 1580 eripuit
1510 1506 1690 1564 Richardum
1714 1506 1815 1564 inesti-

983 1594 1103 1650 mabilis
1127 1595 1403 1652 incrementationis
1424 1612 1554 1668 puerum
1567 1595 1663 1652 taliter
1685 1595 1815 1667 deregis

983 1683 1133 1740 manibus.
1169 1684 1331 1740 Praedictus
1358 1700 1492 1758 namque
1529 1685 1583 1741 tiro
1609 1685 1814 1752 Hosmundus.

982 1773 1119 1848 provisor
1160 1772 1238 1829 illius
1272 1773 1515 1842 honestissimus,
1548 1773 1654 1830 videns
1690 1771 1817 1832 detineri

984 1879 1074 1918 suum
1100 1861 1248 1918 seniorem
1276 1861 1397 1929 diutius,
1427 1867 1456 1919 et
1477 1861 1579 1919 vallari
1604 1861 1738 1920 vicissim
1766 1863 1815 1920 dia

982 1955 1132 2023 noctuque
1147 1965 1185 2006 ne
1198 1954 1301 2022 posset
1324 1949 1460 2006 subtrahi
1474 1949 1629 2018 tironibus,
1645 1951 1737 2024 coepit
1751 1965 1813 2008 me·

982 2038 1069 2095 ditari
1093 2037 1249 2110 quomodo
1273 2039 1399 2111 eriperet
1420 2055 1490 2095 eum
1507 2039 1545 2096 de
1567 2039 1657 2096 tantis
1681 2039 1814 2096 custodi·

64 2112 246 2199 'quorsum
268 2129 416 2184 deduxisti
431 2131 576 2187 seniorem
596 2137 680 2188 tuum
691 2132 928 2189 nudiustertius?
981 2126 1049 2184 bns.
1065 2127 1202 2190 Quadam
1223 2125 1312 2198 igitur
1325 2127 1372 2183 dic
1386 2127 1483 2198 coegit
1501 2127 1592 2199 huius
1607 2128 1649 2184 rei
1664 2127 1759 2199 gratia
1774 2127 1814 2184 si·

65 2199 73 2236 ¹
97 2216 230 2271 Senioris
259 2216 300 2272 tui
325 2217 488 2289 poplitibus
504 2221 605 2291 coctis,
631 2221 759 2297 privabo
779 2226 806 2277 te
821 2221 927 2291 oculis,
981 2216 1097 2273 mulata
1122 2215 1323 2273 imbecillitate
1352 2216 1526 2273 recumbere
1552 2221 1640 2274 tantae
1670 2217 1814 2274 custodiae

96 2302 121 2357 si
134 2302 236 2359 lorsan
252 2319 321 2360 eum
345 2321 502 2379 quoquam
521 2308 652 2381 amplius
670 2309 801 2365 duxeris.
818 2333 832 2358 s
847 2312 928 2365 Tunc
982 2321 1121 2379 puerum,
1146 2309 1175 2361 et
1194 2305 1281 2377 quasi
1302 2304 1493 2361 dissimulata
1508 2305 1642 2378 corporis
1659 2305 1813 2379 sospitate,

96 2391 164 2447 aliis
185 2391 331 2448 tironibus
353 2395 463 2466 pariter
477 2413 546 2452 eum
561 2413 596 2454 eo
615 2397 840 2455 commendavit
853 2413 928 2470 pue·
948 2395 1093 2469 gemisse
1109 2393 1295 2466 frequentius
1314 2393 1437 2466 planctu
1461 2393 1620 2462 aggravari
1629 2409 1710 2452 eum.
1723 2394 1815 2466 Cujus

94 2497 175 2551 rum,
201 2485 234 2538 ut
245 2482 429 2541 custodirent
455 2485 620 2557 diligenter,
644 2491 673 2544 et
687 2503 724 2543 ne
736 2491 837 2559 posset
858 2484 931 2556 luga
983 2481 1066 2539 falsae
1089 2482 1241 2556 opinionis
1264 2498 1384 2538 rumore
1409 2480 1512 2536 civitas
1533 2480 1684 2554 impletur,
1700 2487 1729 2538 et
1749 2482 1814 2538 brec

95 2569 176 2625 elabi
188 2570 385 2644 praeviderent
406 2589 486 2629 cum.
503 2575 695 2630 ilosmundus
717 2579 817 2630 autem
832 2573 930 2630 anim-
984 2568 1120 2625 simultas
1134 2585 1189 2642 pro
1204 2568 1326 2625 veritate
1349 2569 1431 2624 lama
1456 2568 1611 2624 nuntiante
1628 2569 1813 2641 propalatur.

96 2657 257 2715 advertens
271 2664 393 2733 captum
406 2678 470 2718 esse
487 2663 668 2720 Richardum
692 2668 781 2720 tante
798 2663 930 2719 dulcedi·
984 2657 1129 2716 Custodes
1150 2671 1222 2714 vero
1235 2657 1320 2714 tertia
1333 2656 1381 2713 die
1404 2656 1585 2712 estimantes
1598 2659 1693 2712 morte
1705 2671 1816 2728 praeoc-

94 2747 143 2804 nis
156 2763 295 2820 puerum,
316 2749 397 2806 misit
419 2751 459 2807 ad
470 2753 726 2823 Rothomagenses
743 2753 795 2825 qui
810 2752 929 2809 nuntia·
983 2747 1089 2819 superi
1109 2751 1198 2802 butas
1213 2747 1372 2817 diligentie
1385 2761 1524 2821 puerum,
1548 2744 1607 2801 huc
1622 2744 1752 2818 illucque
1766 2760 1817 2802 ne·

94 2839 141 2890 ret
174 2834 389 2908 blasphemum
425 2843 513 2894 tantas
545 2839 729 2912 deceptionis
763 2841 928 2911 negotium.
983 2834 1119 2892 cessitate
1148 2851 1203 2891 sua
1238 2838 1341 2891 euntes
1373 2833 1583 2890 discesserunt.
1622 2831 1816 2890 liosmundus

95 2924 355 2995 Rothomagenses
388 2941 461 2983 vcro
498 2931 648 2984 mutatum
684 2926 813 2985 malefici
851 2927 930 2998 regis
983 2924 1072 2995 igitur
1098 2929 1234 2981 coenante
1249 2938 1318 2994 rege
1348 2929 1376 2980 et
1390 2924 1514 2992 civibus,
1537 2924 1687 2998 nudisque
1707 2923 1814 2997 plateis

95 3017 251 3087 stupentes
262 3015 464 3087 propositum,
480 3031 499 3072 a
518 3019 577 3073 Deo
592 3017 747 3090 requirunt
758 3015 930 3090 suppliciter
983 3015 1022 3070 ab
1048 3014 1234 3083 hominibus,
1261 3013 1353 3088 byrro
1376 3020 1404 3072 et
1424 3018 1513 3072 tante
1535 3013 1718 3072 liberationis
1739 3027 1815 3086 puer

95 3101 172 3158 tanti
198 3103 310 3159 consilii
339 3104 494 3161 auxilium.
519 3106 633 3162 Mittunt
658 3122 730 3178 ergo
752 3107 792 3163 ad
806 3122 929 3163 omnem
983 3103 1115 3172 indutus,
1132 3104 1239 3160 citatus
1252 3104 1348 3176 cquis,
1364 3103 1508 3160 Lauduno
1522 3104 1612 3160 exivit
1626 3103 1721 3170 citius,
1736 3101 1814 3176 rapi·

95 3192 260 3250 Ecclesiam
282 3195 523 3252 Northmannicae
553 3197 766 3270 Britonicoeque
787 3197 927 3268 regionis,
982 3193 1084 3266 doque
1109 3209 1200 3249 cursu
1226 3198 1359 3250 castrum
1388 3193 1505 3266 appulit
1527 3193 1728 3251 codiciacum.
1754 3189 1813 3247 lllic

95 3285 128 3338 ut
143 3281 255 3337 missas
270 3281 478 3340 concelebrent
500 3285 606 3341 devote
627 3301 683 3358 pro
695 3301 731 3342 eo
749 3284 927 3358 presbyteri,
983 3281 1132 3340 effluentis
1147 3283 1303 3356 probitatis
1323 3283 1473 3338 commisit
1491 3281 1660 3339 castellanis
1673 3295 1813 3352 puerum,

95 3369 195 3426 clerus
216 3370 396 3444 psalmodiis
409 3378 502 3438 vacet,
525 3374 717 3448 populusque
731 3374 821 3430 nudis
843 3373 928 3447 pedi·
982 3375 1012 3428 et
1022 3370 1174 3444 protectus
1187 3376 1232 3429 est
1251 3372 1281 3428 in
1294 3371 1363 3444 ipsa
1376 3375 1463 3428 nocte
1478 3371 1515 3428 ad
1537 3369 1676 3428 comitem
1691 3369 1815 3424 Bernar-

95 3459 166 3528 bus,
183 3475 333 3534 saccoque
346 3460 470 3518 indutus
481 3463 604 3534 jejunet.
619 3463 844 3521 Nortbmannici
858 3479 928 3520 vero
981 3461 1055 3518 dum
1067 3461 1132 3531 ejus
1156 3461 1350 3528 ammonium,
1365 3461 1418 3535 qui
1438 3459 1614 3517 morabatur
1628 3455 1745 3514 moeniis
1762 3455 1815 3514 Sil·

96 3548 297 3622 Britonicique
321 3548 463 3623 praesules
487 3552 579 3622 hujus
603 3553 692 3609 tristis
713 3552 870 3622 legationis
884 3551 927 3609 la·
980 3550 1217 3607 vanectensium.

96 3655 182 3696 mam
206 3638 371 3710 audientes,
385 3639 559 3698 triduanum
571 3642 720 3714 jejunium
732 3642 763 3699 in
778 3659 840 3699 uno
850 3659 926 3716 quo·

96 3743 155 3800 quc
170 3743 276 3784 mense
294 3727 408 3802 populo
423 3728 599 3803 indicentes,
615 3731 814 3805 deprecantur
826 3731 927 3788 Domi-

96 3832 172 3872 num
187 3817 282 3872 Deum
303 3816 376 3874 lusis
396 3818 545 3890 precibus,
568 3819 828 3892 eleemosynisque
849 3819 928 3875 datis

96 3902 282 3978 pauperibus
307 3905 490 3980 suppliciter,
515 3913 548 3964 ut
563 3907 670 3964 reddat
687 3907 730 3963 eis
746 3907 928 3964 Richardum

97 3993 170 4050 tanti
191 3992 330 4050 desiderii
360 4009 498 4068 puerum.
533 3996 746 4052 Monachorum
772 3996 929 4053 canonico-

95 4097 226 4155 rumque
246 4082 342 4139 clerus
357 4099 412 4157 pro
437 4099 473 4141 eo
487 4085 624 4158 psalmos
645 4085 771 4159 supplex
788 4085 928 4156 concinit,

96 4171 292 4245 populusque
304 4171 437 4230 lustrans
450 4172 577 4231 devotare
598 4173 748 4244 ecclesias,
764 4173 930 4247 deprecati·

96 4278 151 4318 ros
173 4261 302 4332 gemitus
316 4263 430 4320 emittit.
454 4267 568 4321 interea
592 4263 758 4321 Richardus
779 4263 853 4320 tanti
877 4263 929 4320 de-

96 4352 174 4407 coris
191 4365 275 4423 puer,
298 4351 423 4423 insignis
445 4353 605 4426 prosapias,
626 4355 781 4410 honestate
803 4353 928 4420 celeber,

94 4438 303 4495 instruebatur
330 4440 472 4496 omnibns
498 4441 528 4497 in
564 4447 689 4514 captura
717 4441 826 4497 notitiis
851 4439 931 4496 suffi-

96 4527 219 4584 cienter.
255 4527 387 4584 [lucebat
420 4528 549 4586 solidam
575 4529 654 4586 illius
689 4530 781 4586 astatis
813 4534 929 4603 partem

97 4615 207 4670 robore
231 4615 394 4684 cumulato,
422 4621 545 4689 eratque
582 4617 762 4674 commodus
796 4623 825 4674 ct
851 4617 931 4672 utilis

98 4702 242 4760 omnibus
270 4703 358 4776 quasi
384 4709 521 4761 maturus
542 4722 617 4763 aevo.
647 4706 799 4777 Arguebat
825 4722 931 4763 seeun-

98 4791 172 4846 dum
188 4791 265 4847 vires
273 4792 367 4848 artatis
379 4793 528 4866 quidquid
538 4798 601 4850 erat
613 4794 932 4868 illicituml'loccipenfl

97 4879 191 4936 debat
216 4880 365 4954 quidquid
390 4886 454 4938 erat
477 4882 586 4938 animae
613 4882 807 4940 incentivum.
831 4882 932 4940 vivaci

92 4969 199 5042 lepore
222 4967 379 5026 effluenter
399 4970 538 5028 armabat
558 4971 706 5043 linguam,
735 4972 931 5046 facundaque

94 5057 242 5130 upcrtutis
270 5057 421 5131 colloquio
453 5058 617 5130 insignibat
644 5077 723 5118 eam.
749 5060 934 5132 Peragrabat

100 5145 198 5202 studio
212 5149 241 5201 ct
252 5147 433 5205 retractabat
445 5164 514 5221 quas
526 5148 695 5218 ignorabat,
706 5166 761 5208 nec
776 5149 928 5206 abdeban-
949 5137 970 5190 Ῑ)

100 5237 146 5290 bu
162 5233 190 5290 ei
204 5250 272 5308 quaa
295 5241 366 5292 sunt
378 5237 517 5294 obscura.
545 5238 678 5294 Pueritiae
698 5255 760 5296 sue
779 5238 932 5295 etatulam

101 5323 172 5378 tcsu
196 5323 313 5381 Christo
338 5325 548 5391 consecrabat,
579 5341 670 5398 seque
700 5331 796 5383 totum
823 5325 932 5382 divinis
1066 5320 1241 5378 Grateslleo
1255 5332 1335 5374 nuno
1349 5315 1463 5371 reddite

101 5411 268 5484 preceptis,
292 5417 401 5470 tenerae
423 5415 524 5471 adhuc
544 5414 613 5470 licet
636 5415 731 5470 aetatis
744 5420 831 5484 esset,
847 5431 935 5471 man-
1066 5409 1123 5466 Pro
1137 5405 1409 5480 liberatopignorc.
1813 5469 1826 5486 ἡ

102 5499 230 5575 cipabat.
247 5502 352 5559 Divina
374 5518 507 5577 namque
522 5503 720 5577 permissione
741 5503 798 5560 hoc
820 5504 932 5560 factum
1023 5488 1816 5560 Bernardusauteminobseuraenoctissilentiovidens

1302 3657 1494 3699 arcsraorna.

1060 3729 1284 3786 Northmanniae
1299 3746 1380 3787 nunc
1395 3731 1548 3804 praesules,

1061 3818 1201 3891 Belloque
1215 3819 1341 3875 inomni
1356 3819 1508 3892 principes

1060 3906 1153 3977 Regni
1165 3907 1362 3979 triumphales
1372 3907 1473 3976 simul,

1061 3997 1095 4050 Et
1109 3994 1205 4050 clerus
1218 3993 1317 4050 omnis
1332 3992 1456 4064 ordinis,

1061 4081 1191 4155 Populus
1204 4081 1293 4137 simul
1306 4079 1460 4154 plorabilis
1474 4099 1481 4137 :

1061 4169 1156 4238 Pueri,
1168 4185 1266 4242 senes,
1282 4173 1311 4226 et
1322 4169 1462 4238 virgines,

1060 4263 1259 4331 iuvenesque,
1275 4261 1399 4329 cuncte,
1416 4257 1544 4328 feminae,

1062 4348 1234 4420 vulgusque
1250 4347 1394 4404 insicum
1407 4348 1553 4419 concitus,

1063 4438 1159 4495 Fletus
1172 4436 1316 4508 lugubres
1335 4437 1439 4494 mittite

1063 4527 1171 4585 ltoestis
1187 4525 1285 4583 modis
1300 4531 1328 4583 et
1342 4527 1463 4600 parcite.

1063 4620 1137 4673 Nam
1152 4615 1298 4685 gaudium
1311 4615 1397 4673 vobis
1413 4616 1486 4674 datu

1062 4704 1170 4762 vinclis
1185 4703 1300 4763 solutus
1315 4705 1414 4775 regiis,

1063 4793 1189 4866 Elapsus
1202 4797 1231 4850 et
1247 4793 1423 4850 custodibus

1063 4881 1231 4939 bichardus
1247 4881 1346 4940 almus
1361 4880 1516 4944 innocens,

1064 4970 1196 5026 Prudens
1209 4985 1263 5042 per
1276 4967 1493 5036 sanctissimus,

1064 5059 1187 5115 Pulchre
1200 5057 1328 5113 decorus
1342 5053 1528 5129 splendibus,

1066 5146 1151 5202 Liber
1165 5144 1262 5200 tenaci
1276 5141 1432 5214 compede,

1066 5231 1155 5290 Vobis
1166 5231 1220 5287 crit
1234 5231 1297 5286 dux
1307 5231 1477 5303 prepotens

945 3786 967 3840 G

102 5593 153 5662 est,
170 5595 203 5646 ut
224 5605 300 5664 puer
314 5593 523 5667 concupiscere
546 5591 650 5648 formae
664 5606 726 5664 prae
741 5591 853 5648 caeteris
868 5591 932 5648 niti-
987 5589 1209 5654 Hosmundum
1220 5583 1374 5642 admirans
1387 5581 1461 5638 dixit
1472 5583 1511 5640 ad
1523 5597 1603 5638 eum:
1629 5601 1644 5630 «
1661 5575 1738 5646 Ouid
1752 5575 1815 5644 tibi,

102 5677 171 5750 dus,
180 5681 304 5740 nonnisi
323 5681 355 5739 in
368 5682 481 5755 palatio
501 5681 581 5753 regis
597 5681 768 5740 nutriretur.
784 5679 931 5740 autmo-
988 5677 1184 5740 liosmunde‘l
1198 5673 1272 5738 nihil
1285 5672 1358 5738 honi
1373 5672 1411 5729 de
1434 5687 1503 5730 mco
1517 5670 1681 5744 nepotata
1696 5667 1736 5724 ltt
1746 5665 1814 5726 illc:
