4002 6174
86 169 124 226 aas
462 197 464 202 2
509 216 512 222 ,
779 156 1013 218 urcaotoeus
1701 175 1753 230 ³94

84 291 112 348 ad
127 291 204 344 sextas
214 282 375 350 intendore,
400 281 497 356 plaga
518 299 590 340 vero
603 284 682 358 proti
692 283 740 342 vel
753 283 812 340 triti
827 282 866 340 ad
881 282 905 336 A
922 279 1021 346 biliter
1034 285 1199 357 penetralia
1213 287 1321 345 cordis.
1345 289 1417 347 Inde
1432 293 1487 359 est,
1500 290 1585 364 quod
1598 291 1675 350 sieut
1685 294 1754 368 qui-

82 380 156 436 tertias
167 373 314 432 intendunt
327 391 334 442 ;
361 377 390 429 et
412 371 509 446 plagae
522 373 636 431 deuteri
653 377 682 432 ct
694 373 815 432 tetrardi
828 371 869 430 ad
922 370 1055 429 busdam
1069 375 1392 449 saporibus,eoloribus
1404 384 1434 438 et
1447 380 1649 452 odoribus‚vel
1663 383 1754 442 etiam

81 471 173 544 qums
185 461 344 520 intendunt.
923 460 1058 518 colorum
1077 463 1184 523 intuitu
1210 466 1292 524 salus
1306 472 1369 525 tam
1384 469 1483 526 cordis
1504 487 1598 544 quam
1621 475 1754 546 corporis

105 553 240 614 leniveris
268 557 421 626 praetcrea,
436 553 520 626 quod
544 553 619 611 sicut
632 553 785 611 usualium
799 567 870 610 can·
922 550 971 607 vel
982 551 1135 625 minolon,
1151 557 1200 614 vel
1213 561 1348 630 augetur.
1362 559 1405 617 lta
1418 560 1626 634 quondam,ut
1635 561 1753 634 legitur,

80 653 142 703 uem
153 642 325 700 attestatione
339 641 697 716 perhibetur,autentivix
711 658 796 700 asuo
809 641 869 698 tina
923 640 1050 714 quidam
1073 644 1273 719 phreneticus,
1298 652 1423 706 canente
1443 649 1601 722 Aslepiade
1624 651 1753 722 medico,

77 733 128 809 plns
138 747 188 788 una
199 745 269 786 voce
280 729 475 787 descendunt.
488 733 530 788 Ex
540 732 652 805 quibus
668 735 808 789 autentus
823 729 872 788 tri·
924 729 964 787 ab
990 730 1108 790 insania
1135 741 1300 795 revocatus.
1321 739 1440 796 Etitem
1465 737 1541 795 alius
1563 738 1689 813 quidam
1713 741 1755 797 ei·

78 829 113 879 tus
123 819 253 878 rarissime
267 819 298 876 id
310 819 408 877 iacere
430 823 552 894 propter
566 820 734 894 subjectam
753 820 870 878 semito
925 819 1015 878 tharas
1031 823 1177 882 suavitate
1202 825 1234 883 in
1248 829 1363 884 tantm
1388 826 1545 886 libidinem
1556 827 1706 899 incitatus,
1722 833 1757 887 ut

77 911 108 968 nii
118 907 353 984 imperfectionem
368 909 494 966 videtur.
517 910 802 968 ascenduntautem
816 925 871 967 au·
924 907 1097 968 cubiculum
1109 912 1216 985 puellae
1228 919 1374 988 quareret
1386 913 1543 985 effringere
1553 914 1754 974 dementatus:

77 999 224 1070 tertiusque
250 996 290 1053 ad
318 1001 458 1054 octavam
473 1002 637 1071 atnonam,
655 999 703 1056 vel
717 999 808 1058 etiam
821 997 871 1056 de·
924 1014 1055 1072 moxque
1080 999 1246 1060 citharoedo
1272 1008 1408 1062 mutante
1431 1004 1559 1063 modum
1595 1004 1757 1080 voluptatis

77 1089 171 1146 cinam.
184 1085 277 1157 Plaga
296 1102 367 1143 vero
390 1086 430 1142 ad
444 1087 565 1160 quintas
583 1088 775 1146 remittuntur
786 1093 815 1146 et
828 1087 871 1144 in-
925 1088 1100 1162 poenitentia
1126 1091 1251 1148 ductum
1265 1093 1423 1151 recessisse
1451 1093 1620 1151 confusum.
1638 1097 1711 1152 ltem
1729 1097 1759 1152 et

76 1177 215 1234 laudunen.
230 1173 288 1231 Sed
300 1173 460 1232 intensioni
471 1180 555 1232 sexta
567 1175 616 1233 vel
629 1177 759 1250 septima
772 1180 873 1234 aucto
927 1176 1020 1234 David
1029 1177 1099 1235 Saul
1112 1179 1299 1238 demonium
1309 1182 1424 1240 cithara
1436 1181 1635 1255 mitigabat‚et
1646 1183 1758 1240 demo

76 1263 139 1321 inte
151 1263 289 1332 tribuitur,
306 1263 383 1321 sicut
407 1264 437 1321 in
453 1265 582 1322 sumatis
608 1281 689 1324 nona
701 1269 730 1323 et
743 1265 871 1323 decima.
926 1265 1027 1323 nicam
1040 1266 1188 1325 feritatem
1198 1269 1290 1342 hrrjus
1305 1270 1377 1328 artis
1388 1270 1502 1344 potenti
1519 1270 1550 1328 vi
1562 1286 1598 1328 ac
1612 1271 1759 1330 suavitate

76 1355 148 1426 Plagae
158 1369 220 1410 vero
234 1353 485 1426 proti,deuteri,et
498 1353 558 1411 triti
572 1354 737 1428 aliquando
752 1356 782 1412 in
803 1371 831 1412 a.
845 1339 874 1432 b
928 1353 1094 1426 frangebat.
1111 1358 1183 1423 Quae
1195 1362 1297 1416 tamen
1310 1357 1356 1416 vis
1370 1359 1469 1416 solum
1482 1358 1592 1416 divinae
1606 1359 1759 1433 sapientiae

76 1461 94 1500 c.
105 1447 176 1500 acuta
187 1443 354 1500 necessario
370 1443 525 1501 finiuntur.
929 1442 969 1501 ad
983 1443 1107 1517 plenum
1122 1450 1213 1520 patet.
1241 1451 1300 1504 Nos
1315 1463 1387 1507 vcro
1414 1464 1483 1521 quae
1496 1448 1528 1505 in
1549 1448 1707 1519 aenigmate
1720 1448 1760 1506 ab

100 1533 262 1607 Supradietae
277 1537 378 1590 autem
398 1534 509 1606 regula
523 1535 709 1608 permaxime
731 1537 875 1592 caventur
928 1531 999 1588 inde
1009 1533 1214 1607 percepimus,
1235 1535 1264 1592 in
1278 1535 1387 1592 divinis
1399 1535 1541 1593 laudibus
1557 1541 1687 1594 utamur.
1703 1534 1761 1593 Sed

76 1623 262 1697 inentiphonis
288 1627 317 1680 ct
333 1623 544 1698 responsoriis,
567 1641 697 1698 qnorum
726 1627 831 1682 cantus
843 1628 910 1690 ntss
929 1620 1054 1693 quiade
1082 1621 1173 1693 hujus
1189 1623 1260 1679 artis
1280 1622 1388 1680 virtute
1407 1622 1455 1680 vix
1476 1639 1575 1698 pauca
1588 1624 1760 1694 libavimus,

75 1713 172 1786 psalmis
186 1717 213 1770 et
225 1712 365 1770 versibus
387 1718 572 1787 coaptentur,
593 1717 718 1788 oportet,
739 1729 874 1770 commu·
928 1708 1041 1782 quibus
1060 1711 1099 1768 ad
1114 1710 1193 1770 bene
1211 1712 1433 1770 modulandum
1457 1713 1548 1771 rebus
1563 1729 1640 1788 opus
1654 1715 1702 1786 sit,
1716 1714 1761 1771 vi-

76 1801 142 1858 nibus
164 1801 271 1874 regulis
295 1801 465 1860 fulciantur.
491 1803 630 1877 Alioquin
648 1802 749 1877 plures
768 1807 874 1861 cantus
928 1797 1067 1858 deamus.

76 1891 188 1961 invenies,
213 1892 244 1948 in
259 1891 373 1966 quibus
400 1893 476 1950 adeo
491 1891 686 1950 confunditur
700 1893 833 1964 gravitas
847 1895 877 1949 et
1250 1893 1365 1951 CAPUT
1382 1895 1437 1949 llll.

77 1995 185 2052 acumen,
207 1987 240 2039 ut
253 1997 317 2038 non
344 1982 439 2056 possit
456 1981 580 2054 adverti,
595 1981 644 2039 eui
656 1983 766 2053 magis,
779 1981 875 2050 idest,
1019 1983 1064 2039 De
1073 1981 1227 2040 commoda
1240 1984 1444 2054 componendo
1457 1983 1671 2042 modulatione.

76 2075 171 2127 autento
183 2087 219 2128 an
229 2070 331 2145 plagae
346 2071 548 2128 conterantur.
562 2073 706 2128 Praeterea
717 2074 746 2128 et
758 2071 876 2142 ignoto·
967 2071 1058 2142 Igitur
1075 2070 1336 2144 quemadmodum
1356 2072 1388 2128 in
1412 2071 1515 2129 metris
1536 2077 1608 2130 sunt
1619 2072 1722 2130 litteras
1736 2076 1766 2129 et

76 2165 271 2217 runcantuum
294 2160 496 2234 inquisitione,
526 2161 736 2234 praedictarum
749 2177 877 2232 neuma·
932 2159 1065 2234 syllaba,
1082 2163 1221 2234 parteset
1239 2161 1342 2234 pedes,
1356 2176 1392 2218 ac
1412 2177 1533 2218 versus:
1550 2161 1591 2220 ita
1605 2161 1674 2218 etin
1692 2162 1764 2218 har·

74 2249 121 2302 tun
132 2253 157 2304 et
169 2249 416 2322 subjunctionum
443 2249 632 2324 appositione
645 2249 812 2324 plurimum
825 2249 877 2308 ad·
933 2249 1035 2307 monia
1050 2254 1120 2306 sunt
1141 2250 1299 2322 phthongi,
1315 2249 1346 2306 id
1368 2253 1411 2306 est
1430 2251 1507 2321 soni,
1528 2266 1660 2324 quorum
1672 2266 1764 2321 unus,

74 2335 197 2406 juvamur,
225 2356 300 2398 cum
326 2339 430 2396 talium
450 2339 616 2412 aptitudine
645 2340 711 2398 soni
730 2341 878 2414 cujusque
932 2338 1005 2406 duo,
1020 2338 1139 2396 veltres
1164 2341 1306 2412 aptantur
1330 2337 1360 2395 in
1374 2338 1521 2412 syllabas,
1539 2338 1673 2414 ipsaeque
1694 2339 1766 2397 soloe

73 2427 255 2500 proprietatem
272 2444 326 2502 per
338 2428 400 2485 vim
414 2426 561 2502 tropicam
579 2428 742 2486 intuemur.
759 2431 809 2485 Est
823 2444 878 2485 au·
932 2427 981 2484 vel
995 2427 1157 2500 duplicatae
1170 2443 1324 2497 neumam,
1341 2427 1372 2484 id
1387 2431 1441 2496 est,
1451 2431 1568 2502 partem
1582 2429 1769 2486 constituunt

73 2517 117 2572 em
127 2521 220 2590 tropus
234 2517 353 2592 species
371 2516 529 2586 cantionis,
542 2515 595 2590 qni
609 2522 638 2574 et
657 2517 767 2575 modus
781 2517 880 2575 dietus
933 2517 1106 2586 cantilenae;
1124 2517 1177 2574 sed
1191 2532 1262 2591 pars
1284 2532 1346 2574 una
1360 2516 1408 2573 vel
1422 2516 1524 2590 plures
1544 2516 1767 2575 distinctionem

74 2609 112 2672 est,
124 2611 148 2662 et
159 2605 254 2664 adhuc
271 2605 435 2664 dicendum
449 2605 540 2663 estde
553 2621 599 2664 eo.
934 2605 1056 2675 iaciunt,
1072 2606 1172 2678 idest,
1185 2621 1354 2678 congruum
1368 2605 1571 2680 respirationis
1596 2605 1707 2663 locum.
1725 2610 1766 2666 De

364 2697 479 2753 CAPUT
497 2696 564 2753 lllll.
934 2695 1046 2771 quibus
1071 2695 1145 2752 illud
1157 2699 1204 2753 est
1216 2695 1396 2767 notandum,
1421 2695 1503 2769 quod
1518 2699 1580 2780 tota
1595 2710 1666 2769 pars
1681 2711 1766 2752 com-

221 2787 271 2842 De
284 2785 388 2856 tropt's,
404 2791 432 2841 et
445 2785 556 2841 uirtute
569 2784 699 2841 musice.
933 2802 1036 2860 presse
1048 2790 1077 2844 ot
1087 2785 1222 2844 notanda
1237 2788 1267 2843 et
1279 2784 1477 2859 exprimenda
1488 2789 1543 2858 est,
1560 2785 1678 2859 syllaba
1691 2800 1764 2842 vero

97 2873 192 2930 llorum
204 2873 334 2948 quidam
345 2877 501 2946 troporum
516 2871 667 2929 exercitati
681 2887 739 2929 usu
753 2871 795 2930 ita
809 2888 880 2946 pro·
934 2875 1147 2950 compressius,
1163 2879 1248 2933 tenor
1268 2889 1351 2947 vero,
1366 2874 1397 2931 id
1411 2880 1465 2946 est,
1485 2890 1572 2932 mora
1585 2874 1698 2932 ultimae
1711 2889 1766 2932 vo·

71 2959 184 3030 prietates
196 2967 224 3020 et
244 2961 391 3021 discretas
414 2962 517 3034 iacies,
533 2962 616 3020 utita
630 2962 741 3031 dicam,
770 2965 916 3047 extem-c
935 2966 988 3031 eis,
1014 2967 1066 3040 qui
1092 2965 1122 3023 in
1138 2964 1256 3040 syllaba
1276 2965 1561 3040 quantuluscunque
1580 2963 1765 3038 estamplior

72 3046 108 3117 plo
118 3054 146 3105 ut
158 3050 317 3120 audierint,
344 3055 574 3122 recognoscunt,
590 3051 667 3108 sieut
684 3051 797 3124 peritus
812 3065 882 3122 gen·
934 3056 966 3113 in
979 3059 1072 3129 parte,
1089 3053 1274 3112 diutissimus
1298 3069 1370 3111 vero
1383 3053 1415 3110 in
1428 3053 1629 3125 distinctione,
1643 3053 1764 3126 signum

73 3135 239 3197 iuncoram
265 3140 371 3214 positis
384 3141 485 3198 multis
507 3140 628 3198 habitus
649 3156 754 3198 eorum
773 3139 881 3197 intueri
934 3145 965 3202 in
980 3144 1026 3201 his
1040 3143 1237 3201 divisionibus
1251 3142 1463 3217 existit,sicque
1477 3157 1555 3216 opus
1569 3147 1662 3214 estut
1677 3141 1767 3216 quasi

71 3231 147 3298 potest
157 3235 184 3286 et
194 3229 297 3288 dicere
309 3247 315 3286 :
329 3231 377 3288 hic
393 3233 511 3288 Graecus
526 3235 580 3302 est,
597 3229 644 3288 ille
659 3230 819 3304 Hispanus,
832 3230 880 3287 hic
935 3231 1065 3309 metricis
1079 3231 1209 3306 pedibus
1220 3232 1369 3289 cantilena
1379 3230 1552 3302 plaudatur,
1560 3234 1590 3287 et
1603 3229 1668 3287 alia
1675 3245 1765 3286 voees

72 3315 168 3375 tainus
182 3325 209 3378 et
220 3321 272 3377 ille
292 3319 483 3393 Teutonicus,
503 3321 557 3377 iste
568 3335 641 3376 vero
656 3319 776 3377 Gallus:
791 3323 881 3394 atque
935 3322 1047 3380 abaliis
1056 3322 1205 3379 morulam
1216 3317 1766 3395 duplolongiorem,velduplobrevio·

70 3403 100 3462 ita
110 3407 256 3468 diversitas
275 3413 430 3484 troporum
445 3408 608 3467 diversitati
628 3409 775 3467 mentium
788 3425 880 3484 coap—
934 3429 1009 3482 rem,
1019 3417 1071 3470 aut
1080 3412 1239 3470 tremulam
1250 3411 1383 3468 habeant
1395 3409 1490 3479 idest,
1500 3407 1619 3466 varium
1630 3411 1766 3465 tenorem

70 3497 138 3563 tatur,
153 3503 183 3556 ut
193 3516 279 3557 unus
302 3499 414 3557 annoti
437 3498 552 3556 deuteri
575 3497 676 3556 fractis
692 3498 818 3556 saltibus
832 3499 882 3555 dc·
934 3519 1027 3578 quem
1041 3502 1167 3573 longum
1177 3501 1356 3576 aliquotiens
1366 3500 1468 3557 littera
1478 3497 1596 3571 virgula
1607 3498 1700 3572 plana
1714 3511 1766 3570 ap

69 3579 184 3657 lactetur3
200 3588 282 3645 alius
304 3587 402 3662 plagae
415 3587 473 3645 triti
485 3587 574 3660 eligat
595 3587 781 3660 voluptatem
793 3607 800 3657 ;
828 3587 881 3644 uni
934 3593 1034 3668 posita
1048 3591 1204 3666 signifieat:
1217 3608 1253 3649 ae
1261 3605 1453 3664 summopere
1463 3593 1603 3647 caveatur
1615 3585 1681 3644 talis
1693 3601 1766 3643 neu-

72 3675 204 3740 mantas
218 3676 346 3734 tetrardi
359 3677 471 3734 antemi
484 3676 583 3748 magis
602 3675 702 3750 placet
713 3695 719 3746 ;
731 3675 805 3733 alter
820 3677 881 3749 eju·
935 3698 1056 3740 marum
1070 3680 1248 3750 dishibutio,
1270 3683 1304 3737 ut
1326 3696 1396 3738 eum
1407 3694 1525 3736 neumae
1547 3682 1613 3736 tum
1628 3675 1767 3750 ejusdcm

72 3760 137 3819 “itm
149 3764 245 3838 plagae
262 3765 442 3823 suavitatem
456 3764 566 3839 probat
579 3783 586 3836 3
600 3765 642 3822 sic
656 3768 686 3823 et
698 3765 735 3822 de
749 3764 881 3839 reliquis.
937 3771 1003 3829 soni
1016 3770 1252 3845 repercussione,
1265 3773 1330 3826 tum
1342 3769 1473 3826 duorum
1485 3771 1537 3825 aut
1547 3765 1681 3841 plurium
1693 3779 1767 3821 eon·
1793 3795 1800 3806 .

95 3852 142 3908 llee
152 3853 305 3921 mirumst
314 3854 455 3912 varietate
468 3869 613 3912 sonorum
623 3853 787 3912 delectatur
797 3853 883 3912 audi-
937 3861 1065 3918 nexione
1080 3859 1165 3929 flant,
1194 3872 1314 3932 semper
1324 3861 1427 3914 tamen
1455 3859 1507 3912 ant
1521 3855 1551 3911 in
1573 3869 1701 3911 numero
1713 3867 1767 3909 vo·
1856 3913 1861 3922 ,

69 3938 112 4034 tls,
125 3956 187 3998 cum
208 3941 359 4000 varietate
383 3942 518 4000 colorum
542 3943 707 4015 gratuletur
725 3942 817 4012 visus,
833 3959 885 4000 va·
938 3967 1009 4008 eum
1024 3950 1120 4007 autin
1144 3949 1259 4006 ratione
1286 3952 1427 4004 tonorum
1454 3959 1574 4002 neumae
1592 3942 1768 3999 alterutrum

69 4031 150 4085 notate
163 4030 295 4089 odorum
307 4031 445 4089 foveatur
459 4031 782 4106 olfactus,mutatisque
797 4047 885 4104 sapo-
939 4040 1235 4112 00nferantur‚atque
1248 4034 1460 4109 respondeant,
1468 4047 1550 4089 nune
1563 4047 1650 4104 teque
1663 4028 1767 4102 eequis,

69 4111 133 4173 fl'bus
152 4117 256 4193 lingua
272 4121 473 4192 congaudeat.
499 4121 545 4178 Sic
557 4121 638 4179 enim
653 4137 706 4196 per
718 4121 915 4189 fenestramp
936 4136 1019 4178 nunc
1037 4118 1138 4194 duplas
1164 4117 1210 4174 vel
1221 4115 1326 4190 tiriplae
1353 4112 1550 4187 simplicibus,
1575 4115 1665 4185 atque
1693 4107 1769 4166 alias

69 4209 179 4278 corporis
190 4209 416 4270 delectabilium
428 4227 529 4268 rerum
544 4211 678 4270 suavitas
693 4211 784 4268 intrat
792 4210 883 4269 mua·
938 4209 1095 4268 conatione
1108 4203 1302 4281 sesquialtera
1315 4202 1363 4262 vel
1376 4201 1572 4277 sesquitertia.
1718 4231 1724 4240 ·

660 4392 701 4448 lte
716 4389 875 4450 collatione
890 4386 1130 4464 proportionum.
1360 4407 1400 4466 la·

1280 4481 1624 4520 ---··-ea

972 4627 994 4686 p
1087 4609 1098 4667 l

1246 4693 1266 4739 :t
1598 4710 1626 4730 ...

519 4791 866 4983 ‘tf-ff*-
919 4686 1583 4979 Ι-ῑτα-ΠΓ

186 4987 193 5130 1
253 5035 289 5090 G.
327 5036 459 5093 Tenus.
569 5037 604 5094 A.
640 5036 839 5095 uianssaron.
930 5035 964 5091 l).
1003 5032 1156 5106 Diapente.
1307 5040 1335 5081 a.
1374 5020 1534 5094 biellam·
1581 5001 1604 5098 ἶ
