3996 6178
82 137 130 193 ns
380 145 383 152 ·
902 117 993 184 vna.
1753 145 1809 206 η

83 261 181 318 sancta
205 255 306 313 David
332 265 445 311 canem
461 247 668 306 meditabatur
683 247 782 318 haam
805 245 958 310 nominis
973 237 1224 321 Dei‘abjeeitass
1236 256 1413 328 jactantiam
1426 258 1726 332 maenarum&
1738 279 1811 339 q„

83 349 129 404 die
143 363 175 404 ac
189 349 293 414 nocte,
310 347 343 400 ut
354 338 461 416 procul
473 339 570 395 dubio
583 338 612 394 ei
628 338 807 396 concordari
833 338 924 410 queat
974 345 1044 398 sunt
1055 341 1209 405 honorum
1223 345 1376 416 sublimis,
1385 349 1493 410 mundi
1505 348 1714 420 glossemata
1725 357 1811 418 archs

85 437 153 494 illud
165 433 251 509 quod
264 434 303 490 de
319 427 509 490 sanctissimo
519 431 604 485 Patra
618 427 780 483 Benedicto
791 424 924 500 speciali-
974 447 1064 486 suum
1079 431 1232 490 collocans
1242 435 1428 506 thesaurum,
1440 443 1564 511 propter
1571 439 1631 494 hoc
1643 439 1735 514 huius
1744 463 1814 520 por-

84 533 125 586 rel·
138 527 253 582 dictum
268 527 314 580 est
330 541 336 579 :
974 519 1016 575 tio
1030 519 1128 575 tactus
1142 525 1187 577 est
1201 524 1290 579 Deus.
1301 527 1428 596 linguas
1447 525 1530 598 apud
1550 529 1649 583 heum
1663 530 1730 603 ejus
1747 536 1815 593 the.

85 616 252 674 Psclnriccn
266 612 403 671 assiduus
420 621 577 678 nunquam
598 605 691 664 dabat
717 607 781 664 otio
795 607 921 678 plectro,
975 622 1094 675 saurus,
1112 611 1250 680 egregius
1270 617 1445 672 sanctarum
1474 613 1651 675 divitiarum
1665 624 1816 696 cumulus,

120 709 213 763 Sacra
233 717 346 760 canens
358 697 428 755 obiit
440 697 608 766 psalmicen
624 695 760 750 asiduus.
975 695 1074 752 cubile
1086 699 1278 772 requietionis
1307 707 1417 760 sanctae
1444 706 1644 777 perpetuum,
1664 714 1750 786 eujus
1774 722 1820 775 est

87 795 271 865 Cognoverat
283 793 384 847 autem
397 784 446 842 hic
461 784 547 841 miles
558 783 666 840 beatus
681 787 753 839 tune
764 782 815 840 Dei
830 781 923 839 servis
976 788 1054 841 Deus
1069 788 1241 861 propitiatio
1254 791 1306 864 qui
1320 791 1375 848 luit
1388 791 1478 849 toh'us
1489 794 1605 853 mundi
1619 797 1764 863 liberatio.
1776 813 1821 864 ln.

86 896 265 958 pacemesse
279 878 405 934 liberam
418 873 549 947 quietem
571 870 781 943 tranquillam,
798 869 922 945 quando
976 873 1089 930 teralia
1105 891 1198 932 unum
1227 878 1375 950 quiddam
1399 879 1516 935 doloris
1548 883 1641 944 nohis
1656 890 1714 950 1100
1735 895 1820 952 affert

87 975 121 1030 de
134 971 224 1042 hujus
240 966 349 1025 mundi
363 962 533 1021 turbinibus
562 959 705 1028 abstracti
720 960 762 1018 ad
778 962 882 1024 sedem
895 962 925 1020 et
974 961 1060 1034 quod
1076 963 1188 1026 ulisse
1203 969 1303 1026 tantus
1318 967 1362 1023 vir
1375 968 1440 1024 sine
1455 967 1547 1024 titulo
1577 979 1673 1035 ornati
1700 980 1818 1055 lapidis,

90 1061 274 1119 securitatem
298 1054 400 1113 aeterni
422 1056 526 1128 portus
553 1051 699 1106 intrarent
719 1055 749 1107 et
778 1051 923 1124 absorpta
976 1049 1183 1120 sinenomine‚
1201 1053 1263 1110 sine
1277 1053 1379 1112 litteris
1390 1056 1481 1128 jacet,
1498 1058 1591 1129 eujus
1605 1064 1636 1120 in
1650 1070 1710 1124 toto
1726 1073 1817 1126 terra-

91 1147 227 1207 mortead
239 1143 494 1204 immortalitatem
507 1137 922 1197 venirentresunaratenim
975 1153 1045 1194 rum
1060 1139 1132 1196 orbe
1146 1139 1241 1211 gioria
1259 1147 1289 1198 et
1302 1144 1449 1200 memoria
1471 1145 1504 1200 ia
1536 1145 1745 1212 trenedjssttone
1760 1160 1813 1212 est,

91 1233 353 1312 supranominatis
368 1230 523 1287 virtutihus
545 1228 582 1285 de
596 1227 738 1302 prasenti
751 1227 868 1284 tristitia
883 1226 923 1282 ad
976 1226 1105 1284 Proinde
1115 1230 1314 1287 omnisurculo
1323 1231 1434 1304 profuit
1446 1237 1474 1289 et
1486 1239 1622 1306 proderit
1631 1240 1722 1312 hujus
1734 1260 1813 1299 sere-

87 1327 215 1384 lretitiam
230 1322 332 1380 venire
359 1335 531 1394 perennem.
561 1315 684 1372 Dicebat
698 1314 739 1371 illi
756 1315 923 1389 perlectum
975 1315 1092 1373 nissimi
1106 1318 1183 1389 regis
1197 1320 1283 1387 ratic,
1300 1320 1347 1376 cui
1360 1321 1566 1380 indesinenter
1579 1327 1707 1392 adhaesit
1720 1331 1812 1386 eccle·

86 1432 149 1472 esse
168 1412 327 1486 gaudium,
358 1409 410 1484 qui
438 1407 606 1466 elaboraret
634 1408 667 1460 ut
690 1404 796 1460 ridere
822 1407 925 1478 posset
975 1404 1112 1462 siasticus
1128 1411 1156 1462 et
1170 1407 1224 1464 sibi
1241 1424 1361 1481 semper
1377 1409 1708 1474 amabilismonasticus
1722 1417 1808 1476 ordo.

84 1505 232 1560 Christum
248 1503 354 1558 Deum.
372 1485 457 1554 Exire
471 1496 534 1568 ipse
542 1495 582 1550 de
595 1495 652 1550 hoc
663 1493 778 1548 saeculo
786 1495 882 1566 parati
897 1509 921 1548 s.
975 1493 1062 1549 Hunc
1076 1495 1208 1552 Christus
1222 1499 1300 1556 Deus
1311 1496 1428 1554 bonum
1443 1499 1585 1556 omnibus
1608 1503 1732 1561 dederat
1753 1521 1808 1580 pa-

87 1593 245 1652 hominum
259 1592 363 1648 lesum
378 1603 439 1642 sure
451 1585 555 1642 salutis
574 1588 664 1656 atque
693 1581 829 1638 utilitatis
857 1597 958 1653 [ηδ-Β
975 1587 1062 1639 trem.
1076 1589 1213 1642 Attamen
1228 1585 1300 1642 libet
1314 1586 1458 1644 adnotare
1471 1590 1577 1665 paucis
1589 1591 1618 1647 in
1641 1593 1701 1650 line
1715 1579 1808 1667 huius

85 1685 207 1756 gistrum
232 1694 354 1754 semper
382 1675 552 1735 invocabat.
578 1673 622 1728 Ad
650 1671 817 1728 videndam
843 1671 923 1741 regis
976 1673 1080 1746 Operis
1092 1675 1321 1733 innumerosam
1348 1676 1441 1750 hujus
1472 1678 1618 1738 mirabilis
1641 1682 1808 1748 bonitatem

84 1770 182 1830 aterni
196 1764 433 1846 insuperabilem
455 1763 621 1838 potentiam
636 1761 774 1832 angelos,
798 1761 924 1816 archan·
975 1761 1064 1832 regis.
1081 1763 1289 1820 Sermocinans
1302 1763 1449 1838 quiscum
1464 1782 1500 1823 eo
1510 1774 1627 1826 nonest
1641 1771 1810 1834 laetificatus

85 1861 164 1935 gelos
177 1864 205 1916 et
220 1849 328 1914 omnes
345 1854 396 1913 liei
411 1857 530 1910 sanctos
552 1852 582 1908 in
598 1851 748 1908 auxilium
764 1867 855 1906 suurn
871 1866 921 1905 ve·
977 1851 1090 1922 gaudio
1116 1856 1255 1922 macno?
1277 1869 1385 1928 pacem
1413 1856 1480 1929 quis
1505 1857 1680 1918 desiderans
1699 1861 1730 1919 iu
1742 1865 1809 1940 ejus

85 1953 146 2010 nire
173 1964 258 2020 roae,
289 1946 383 2018 signis
406 1943 608 2000 indesinenter
635 1941 752 2008 orabat,
780 1939 921 1998 muniens
977 1946 1212 2012 conspectunon
1228 1941 1382 1999 abhorruit
1396 1943 1601 2002 iramivultus
1617 1948 1662 2002 sui
1676 1964 1810 2022 praesen—

87 2059 118 2096 se
134 2053 250 2122 semper
263 2036 295 2096 in
311 2035 407 2092 fronte
431 2037 459 2088 et
485 2031 591 2102 oculis,
619 2030 746 2088 naribus
768 2033 797 2085 at
821 2028 920 2096 labiis,
978 2029 1051 2086 tiam
1067 2030 1215 2103 aspicieus
1230 2030 1298 2105 quis
1311 2047 1372 2088 uon
1387 2039 1432 2090 est
1442 2033 1551 2090 oblitus
1570 2035 1683 2098 dolosi
1698 2037 1812 2098 Oratio·

86 2133 200 2203 gutture
214 2131 243 2183 et
258 2124 384 2183 auribus
398 2137 452 2196 per
464 2121 586 2192 siguum
599 2123 712 2176 sanctas
728 2118 835 2185 crucis,
856 2134 921 2175 me·
978 2119 1069 2176 nibus
1082 2121 1147 2192 ejus
1163 2119 1231 2192 quis
1245 2121 1465 2178 monachorum
1474 2138 1536 2178 non
1550 2123 1657 2181 habuit
1673 2127 1811 2201 requiem

85 2219 179 2278 moria
194 2210 594 2279 hominicaeiucarnationis,
611 2207 784 2276 nativitatis,
803 2207 922 2282 passio·
978 2213 1009 2264 et
1022 2225 1082 2265 nou
1107 2211 1153 2264 est
1180 2213 1309 2280 amatus,
1325 2209 1451 2267 dilectus
1474 2215 1503 2267 et
1527 2216 1714 2272 veneratus?
1737 2217 1810 2288 Ejus

83 2312 140 2378 nis,
153 2303 377 2365 resurrectionis
390 2307 419 2358 et
433 2300 618 2358 ascensionis
633 2303 662 2355 et
678 2298 779 2370 gratiae
797 2297 923 2371 Spiritus
978 2295 1170 2353 sanctissima
1182 2295 1386 2353 admonitione
1401 2297 1468 2371 quis
1490 2298 1666 2358 clericorum
1679 2303 1811 2360 nonfuit

85 2397 187 2456 sancti.
199 2393 312 2452 Habuit
326 2394 384 2450 hor
395 2407 431 2450 ex
443 2405 528 2448 more
543 2391 575 2446 in
590 2389 662 2456 vita,
688 2388 736 2444 eui
763 2401 924 2460 nunquam
976 2389 1095 2442 amator
1109 2383 1293 2448 castimonie
1307 2385 1321 2441 t
1335 2384 1431 2458 ipsius
1442 2385 1615 2450 amicabilia
1628 2389 1722 2446 verba
1744 2388 1810 2462 qui-

85 2487 176 2544 deluit
188 2484 343 2542 voluntate
360 2495 440 2553 aqua
454 2478 624 2535 benedicta.
643 2476 694 2530 llis
709 2490 782 2531 vero
797 2473 923 2548 aliisque
975 2473 1034 2530 bus
1049 2491 1112 2530 non
1127 2473 1247 2530 bierunt
1260 2473 1463 2531 medicamina
1476 2476 1490 2530 l
1505 2477 1649 2547 aspectus
1664 2479 1729 2551 ejus
1742 2477 1809 2552 qui·

84 2576 208 2634 refertus
222 2568 494 2636 bonisvirtutibus,
526 2563 757 2636 sexagenarius
780 2567 813 2619 ut
827 2563 923 2620 credi·
976 2564 1036 2620 bus
1065 2579 1126 2620 uon
1149 2562 1262 2636 proluit
1288 2563 1506 2637 insipientibus,
1521 2568 1553 2620 nt
1576 2565 1685 2638 virga‘l
1700 2569 1808 2625 Oculos

84 2681 163 2732 mus,
177 2658 359 2736 opperiebat
386 2660 514 2712 mortem
542 2653 721 2726 intrepidus.
746 2654 779 2708 Et
794 2651 923 2713 invalcs·
976 2655 1043 2726 ejus
1056 2653 1186 2716 bituritas
1196 2653 1264 2726 quis
1279 2653 1427 2726 aspiciens
1442 2669 1503 2710 non
1519 2659 1563 2710 est
1575 2655 1736 2714 meditatus
1747 2674 1807 2714 coe-

85 2757 168 2810 cente
181 2748 289 2806 validae
305 2745 396 2803 febris
409 2744 566 2814 languore,
579 2741 664 2816 petiit
686 2739 828 2796 viaticum
845 2739 923 2796 salu·
975 2743 1063 2800 lestia
1073 2745 1088 2801 t
1099 2747 1215 2815 Pauper
1222 2747 1252 2798 et
1264 2743 1398 2800 esuriens
1412 2742 1481 2816 quis
1490 2759 1554 2800 non
1564 2744 1686 2803 satiatus
1696 2746 1808 2820 abejus

85 2849 148 2898 tare
161 2843 188 2896 et
200 2837 322 2895 salubre
337 2833 445 2890 vivifici
459 2832 593 2907 eorporis
608 2835 638 2886 et
653 2829 808 2899 sanguinis
822 2831 923 2886 Domi·
974 2835 1098 2891 recessit
1112 2833 1242 2889 mensal
1257 2835 1388 2890 ltortuus
1400 2833 1454 2906 qui
1468 2849 1523 2890 suo
1533 2834 1660 2892 termino
1670 2852 1732 2894 non
1741 2837 1807 2908 eius

86 2931 119 2986 ui
133 2927 225 2984 nostri
235 2929 306 2982 lesu
318 2920 435 2984 Christi
459 2923 587 2994 Sumpta
616 2935 653 2976 co
669 2923 707 2988 et,
728 2933 823 2990 parvo
837 2918 954 3007 inter-C
974 2924 1097 2980 vestitus
1113 2926 1157 2978 est
1169 2922 1349 2979 vestimento
1364 2921 1488 2980 ttlebes
1499 2922 1568 2996 quis
1582 2940 1644 2982 non
1659 2930 1704 2983 est
1716 2927 1755 2984 ab
1770 2943 1807 2982 eo

83 3018 164 3076 vallo
177 3017 266 3077 lacto,
283 3013 324 3069 ad
339 3014 449 3081 Regem
462 3027 568 3082 regum
583 3013 613 3066 et
636 3007 798 3065 hominum
826 3009 922 3066 domi·
974 3013 1071 3068 iactus
1085 3012 1230 3084 rapiens?
1244 3011 1388 3068 viduaret
1401 3028 1559 3085 pauperes,
1576 3014 1614 3069 ad
1632 3015 1807 3090 exemplum

85 3123 197 3165 uorum
218 3102 409 3172 demigrans,
425 3099 493 3156 felix
507 3099 631 3156 feliciter
645 3096 742 3154 leticia
757 3099 922 3169 promeruit
973 3102 1062 3159 bonae
1085 3101 1238 3168 narsedis,
1265 3116 1327 3157 non
1362 3100 1401 3156 ab
1428 3116 1464 3157 eo
1497 3100 1584 3158 datas
1613 3105 1808 3163 ostenderunt

83 3213 190 3268 regna.
208 3189 398 3252 obdormivit
411 3193 523 3259 autem,
538 3193 571 3244 ut
582 3187 726 3254 diximus,
746 3185 777 3240 in
793 3187 919 3244 Domino
973 3195 1074 3247 vestes
1089 3192 1103 3246 t
1118 3191 1244 3262 (Artax,
1255 3190 1312 3262 39.)
1325 3189 1429 3246 Omnis
1439 3189 1618 3247 miscrorum
1632 3193 1804 3262 multitude,

84 3286 205 3344 decimo
223 3282 308 3339 tertio
318 3278 382 3336 ital.
398 3279 532 3348 hugum,
547 3277 717 3333 lucescente
742 3290 852 3332 aurora
864 3275 923 3332 diei
974 3295 1037 3337 nou
1052 3297 1122 3336 eum
1135 3283 1251 3353 patrem
1279 3283 1308 3336 et
1334 3278 1495 3336 nutricium
1509 3279 1712 3339 inclamavit?
1735 3282 1808 3339 luci-

84 3376 181 3434 tcrtiae
194 3369 331 3440 macac,
353 3366 492 3426 ltiliduno
515 3370 641 3432 cash03
667 3367 697 3420 et
720 3363 851 3422 parisius
873 3365 925 3422 de-
976 3369 1051 3427 dens
1063 3370 1131 3444 quis
1145 3369 1177 3427 in
1191 3372 1358 3444 peccatum,
1374 3383 1436 3425 non
1450 3367 1541 3440 hujus
1561 3375 1672 3428 sanctae
1698 3388 1806 3430 conso-

85 3466 224 3539 portatus
239 3457 324 3532 apud
338 3457 366 3514 S.
383 3454 557 3526 Dionysium
582 3455 670 3526 Juxta
688 3455 805 3524 patrem
833 3466 923 3506 suum
976 3459 1095 3516 lationi,
1125 3459 1233 3517 habuit
1269 3458 1443 3516 augurum?
1471 3458 1625 3520 uomicam
1646 3461 1715 3535 qur.
1743 3478 1805 3536 μω

85 3551 233 3626 sepelitur
245 3552 315 3605 ante
324 3545 419 3602 altare
430 3549 540 3601 sanctas
565 3540 724 3600 Trinitatis.
751 3543 855 3596 Fuerat
883 3540 924 3596 ibi
976 3549 1066 3606 raedio
1080 3554 1199 3606 nonest
1225 3549 1383 3619 evigilatus
1396 3563 1415 3604 s
1429 3564 1538 3605 somno
1550 3549 1564 3605 'l
1578 3549 1717 3608 Laudans
1738 3552 1807 3626 quis

83 3639 317 3714 ingeminatus,
329 3633 525 3692 intolerabilis
547 3631 646 3698 dolor,
662 3629 737 3686 dum
758 3631 923 3689 monacho·
977 3641 1072 3695 neum
1103 3638 1184 3694 huuc
1212 3653 1275 3696 non
1300 3637 1408 3695 habuit
1434 3637 1466 3693 in
1491 3637 1693 3711 exemplum?
1727 3641 1807 3699 Elee-

84 3749 158 3791 rum
175 3729 378 3800 ingemiscens
389 3724 476 3780 turba
502 3739 558 3797 pro
573 3720 710 3778 absentia
720 3720 795 3777 tanti
819 3721 922 3793 Patris,
976 3742 1140 3799 mosyuam
1152 3725 1222 3799 quis
1231 3725 1329 3791 iecere
1341 3724 1517 3782 desiderans
1531 3726 1613 3783 hunc
1624 3743 1686 3785 ncn
1699 3729 1808 3804 accipit

84 3821 268 3880 alensem
277 3813 505 3874 mnemorabilis
516 3811 676 3869 multitudo
688 3825 839 3870 arciones
852 3827 924 3868 suas
975 3815 1168 3884 imitatorem,
1179 3815 1267 3888 quasi
1278 3815 1371 3871 alium
1381 3817 1528 3870 loannem
1538 3815 1552 3870 t
1564 3817 1712 3874 loannem
1736 3818 1806 3876 dico

83 3913 130 3970 ab
143 3911 211 3984 ipso
226 3911 332 3966 saneto
348 3905 395 3978 pie
415 3903 562 3960 relevatas
582 3901 699 3969 dolens
713 3899 874 3958 viduarum
894 3905 924 3958 et
976 3903 1210 3962 Alexandrinum
1225 3901 1554 3976 patriarchamquiprc
1568 3902 1804 3979 ejusimmensa,

82 4001 300 4075 orphanorum
317 3994 452 4054 infinitus
473 4008 627 4060 numerus,
650 3989 797 4047 benefica
823 3989 863 4047 ab
887 4006 924 4048 eo
975 4010 1044 4067 qua
1059 3992 1114 4049 luit
1128 4008 1218 4066 super
1230 3991 1357 4048 miseros
1372 3995 1400 4047 et
1414 4004 1563 4062 pauperes
1589 3991 1804 4065 miserioordia,

82 4093 234 4167 percepta
260 4087 432 4161 deplorans,
458 4083 552 4140 dabat
565 4097 656 4138 voees
685 4079 724 4136 ad
739 4078 848 4136 coelum
872 4079 926 4136 im·
975 4083 1144 4142 misericors
1158 4081 1218 4137 dici
1232 4086 1260 4138 et
1270 4096 1338 4137 esse
1353 4078 1462 4136 meruit
1475 4094 1529 4137 sua
1552 4079 1583 4136 in
1593 4081 1655 4140 sita
1672 4083 1764 4142 simul
1778 4091 1807 4144 et
1893 4103 1896 4108 ·

83 4195 226 4238 mensas.
243 4180 306 4235 Una
320 4178 470 4250 procerte
494 4172 631 4229 omnium
654 4185 714 4226 vox
730 4185 737 4225 ε
755 4191 768 4218 «
786 4172 846 4226 Rex
859 4184 925 4226 ma·
974 4175 1007 4232 in
1021 4173 1106 4230 omni
1120 4176 1207 4229 terra.
1222 4171 1381 4228 Enimvero
1408 4185 1471 4226 non
1488 4169 1582 4228 fuitei
1606 4171 1712 4231 stmtlts
1738 4181 1808 4249 post

82 4287 160 4344 gne,
179 4273 256 4326 Deus
266 4268 356 4335 bone,
373 4269 406 4321 ut
420 4262 495 4338 quid
509 4279 565 4319 uos
577 4259 729 4328 interficis,
746 4275 817 4316 cum
836 4259 925 4318 nobis
976 4267 1116 4322 sanctina
1126 4261 1220 4319 David
1238 4262 1276 4319 de
1288 4260 1402 4318 cuncus
1416 4259 1539 4332 regibus
1554 4265 1637 4320 terrae
1652 4263 1684 4321 iu
1696 4268 1806 4326 meas

82 4363 210 4418 Patrem
225 4357 343 4415 bonum
358 4352 519 4421 abstrahis,
536 4355 565 4408 et
577 4350 630 4408 tibi
642 4349 784 4422 adjungis
800 4349 814 4405 ‘l
830 4372 845 4400 »
868 4352 925 4406 Pu·
975 4351 1145 4420 virtutihus,
1156 4349 1334 4420 humilitate,
1352 4348 1683 4424 misericordia,piatatc
1696 4355 1806 4413 etoha·

81 4449 162 4521 guis
175 4447 255 4506 enim
268 4449 391 4520 pectora
399 4441 598 4518 percutientes
607 4440 692 4497 ibant
704 4443 731 4496 et
739 4438 927 4496 reverteban—
975 4439 1071 4510 ritate,
1084 4455 1156 4512 qun
1180 4455 1272 4514 super
1280 4454 1390 4496 omnes
1402 4441 1448 4495 est
1471 4443 1499 4496 et
1512 4435 1575 4496 sine
1586 4456 1650 4514 qua
1659 4457 1751 4501 nemo
1761 4444 1806 4502 vi-

82 4544 142 4597 tur
159 4537 302 4598 adaucti
328 4533 489 4600 hamulum,
505 4535 671 4604 repetentes
689 4529 754 4602 jam
778 4529 849 4586 dicti
864 4545 925 4586 ser·
976 4528 1059 4586 debit
1072 4531 1176 4597 Deum,
1192 4527 1527 4604 quiasamperadhsssit
1548 4530 1675 4587 minino
1689 4535 1719 4588 et
1743 4545 1806 4590 non

79 4627 193 4688 monis
216 4624 407 4692 versiculum,
435 4621 609 4693 adjicientes
632 4626 665 4677 ut
682 4620 874 4676 misereretur
898 4619 925 4676 ei
976 4618 1295 4676 recessitamandatis
1309 4620 1376 4692 ejus
1401 4617 1491 4674 corda
1511 4617 1651 4690 perlecto.
1683 4621 1804 4690 Cretera,

80 4723 171 4776 Deus
185 4717 218 4772 in
239 4718 355 4774 bonum
382 4710 523 4786 precibus
547 4709 684 4765 omnium
709 4708 926 4766 sanctorumin
977 4723 1047 4780 quse
1062 4711 1132 4764 sunt
1144 4707 1182 4764 de
1195 4708 1294 4764 saculi
1309 4705 1432 4774 mittin,
1450 4704 1587 4762 hostibus
1599 4705 1734 4778 deuotis
1750 4709 1805 4765 ho-

79 4806 238 4866 sseculum
250 4803 475 4877 sempiternum.
490 4804 522 4856 lu
537 4799 741 4870 cujusmorte,
755 4799 832 4855 haut
848 4799 925 4872 proh
978 4796 1104 4854 northus
1119 4797 1225 4855 virtute
1239 4803 1268 4856 et
1282 4796 1402 4869 ingenio
1424 4794 1587 4870 requisitis,
1611 4797 1805 4870 historiogra-

77 4896 208 4954 dolort
238 4891 428 4965 ingeminatis
461 4889 586 4947 vocibus
620 4887 820 4945 acclamatum
848 4891 924 4944 est:
976 4886 1216 4958 phisscribcude
1241 4885 1450 4959 relinquimus.
1473 4887 1531 4955 Qui
1559 4885 1704 4944 siluerint
1727 4891 1806 4946 stes

77 5009 98 5037 a
113 4983 261 5044 Rotbarto
283 4982 451 5056 imperante
477 4983 506 5036 et
528 4983 659 5048 regente,
675 4976 772 5032 securi
784 4975 923 5044 viximus,
975 4975 1215 5049 scriptitaverint,
1229 4975 1476 5034 invenientincis
1490 4973 1807 5052 patrcmetillicsbst·

75 5073 247 5132 nemiuem
256 5071 422 5132 timuimus.
440 5067 515 5125 Patri
527 5067 588 5141 pto,
600 5065 677 5140 patri
698 5069 830 5134 senatus,
847 5065 926 5139 patri
977 5063 1011 5120 lis
1025 5064 1152 5136 inclytos
1165 5069 1196 5120 ct
1207 5063 1318 5135 insigni
1336 5065 1431 5136 gloria
1447 5065 1604 5137 gloriosos.
1633 5067 1699 5122 lam
1722 5081 1805 5124 nunc

76 5163 232 5222 omnium
244 5162 407 5229 bonorum,
428 5157 496 5215 ielix
511 5155 613 5214 anima
640 5153 861 5226 assuescetis
886 5155 926 5212 ed
976 5153 1206 5220 monachorum,
1223 5152 1409 5224 clericorum,
1419 5155 1591 5226 riduaram,
1600 5154 1806 5228 orphanorum

77 5267 227 5328 superna
250 5265 404 5319 ascensus,
426 5245 495 5302 lelix
522 5262 592 5304 cum
607 5243 724 5302 Christo
738 5259 808 5315 rege
818 5259 925 5315 regum
976 5246 1006 5298 et
1015 5241 1152 5312 omnium
1165 5257 1335 5314 pauperum
1348 5244 1454 5302 Christi
1468 5261 1505 5302 cx
1519 5249 1603 5318 parte
1618 5244 1807 5320 habeasper·

75 5359 144 5418 per
160 5341 274 5400 saecula
287 5336 478 5398 cohabitatio.
494 5357 508 5386 s
975 5335 1101 5406 potuum
1115 5331 1193 5402 vste,
1208 5336 1311 5389 noster
1332 5335 1536 5406 praecordiahs
1556 5351 1642 5393 amor
1656 5335 1804 5405 lietberte,

120 5434 227 5506 nujus
238 5431 326 5503 igitur
338 5425 482 5485 mirabilis
504 5423 581 5494 regis
595 5423 693 5496 portio
704 5421 735 5479 in
759 5420 925 5480 coelestire-
976 5425 1005 5477 at
1030 5419 1130 5494 proter
1152 5435 1256 5494 preces
1291 5437 1346 5496 pro
1379 5439 1464 5481 servo
1486 5423 1668 5499 propinabili
1691 5425 1805 5482 Christo

74 5538 152 5596 gno
168 5520 227 5578 fuit
240 5517 481 5577 DominusDeus.
494 5512 608 5570 Etenim
621 5510 840 5568 namandaest.
854 5511 923 5568 llas-
977 5515 1046 5580 neo,
1071 5510 1119 5569 cui
1144 5511 1353 5586 complacuisti
1379 5513 1524 5574 laudabili
1550 5517 1612 5576 vita
1633 5520 1663 5572 et
1686 5515 1805 5572 servitio

71 5613 166 5685 tissio
186 5610 274 5686 regni
291 5611 407 5667 arechis
421 5605 453 5662 in
467 5601 598 5674 sublimi,
612 5601 661 5658 hic
679 5599 866 5662 humillimus
878 5601 924 5658 sir
972 5607 1003 5659 et
1028 5619 1083 5676 par
1119 5607 1293 5662 masma
1315 5604 1459 5666 virtutum
1486 5606 1592 5664 merita
1617 5604 1804 5680 prenestini
