3996 6178
89 192 149 248 stt
872 175 1052 234 ErlsrotAE
1751 218 1753 222 .
1768 199 1820 252 938

85 309 214 384 sanguis
227 305 326 380 erupit
340 305 378 362 de
394 310 484 376 terra,
500 310 529 363 et
543 309 605 362 tota
624 302 675 360 die
703 300 799 368 fluxit,
822 297 970 372 signifi-A
987 303 1016 356 et
1029 299 1212 361 refocillatus
1222 310 1267 363 est
1277 308 1421 382 populus.
1434 313 1511 369 Arca
1521 311 1602 369 enim
1612 316 1673 372 Noe
1682 313 1720 372 de
1731 314 1821 388 lignis

83 417 164 458 cans
191 395 433 455 dominationem
464 395 629 452 Gothorum
660 388 828 448 sublatam.
859 391 932 445 Item
987 387 1221 467 fabricataquid
1236 395 1384 466 significet
1398 416 1459 457 non
1473 401 1627 472 ignoratis.
1649 408 1682 461 ln
1708 405 1820 479 quihus

85 488 215 548 Historia
224 463 497 555 longobardorum
512 483 588 540 libro
604 498 645 550 ιιι,
662 495 732 553 cap.
750 482 788 534 6:
819 499 833 528 «
849 481 932 536 Tem-
987 479 1131 537 omnibus
1145 498 1200 556 per
1213 484 1330 556 lignum
1343 491 1472 548 nonnisi
1485 491 1723 550 msericordjam
1733 513 1822 554 suam

85 593 163 654 pore
180 573 379 633 theodeberti
388 572 468 644 regis
480 573 668 630 Francorum
677 567 802 638 signum
813 563 935 636 sangui·
987 567 1134 626 Dominus
1148 578 1290 646 operatus
1303 580 1356 634 est.
1369 578 1442 643 Quia
1452 579 1543 651 igitur
1552 579 1590 637 de
1603 580 1686 654 ligno
1698 586 1822 656 sanguis

87 685 161 726 nem
174 667 205 723 in
222 663 298 723 coelo
317 663 470 737 apparuit,
483 661 605 735 etquasi
620 661 717 718 hastae
745 656 931 729 sanguineae.
986 654 1158 729 lavabatur,
1174 661 1304 720 creditur
1317 665 1401 738 quod
1410 683 1465 740 per
1479 669 1686 740 poenitentium
1700 678 1729 730 ut
1749 673 1823 732 0100.

89 761 132 816 Eo
160 761 297 830 tempore
331 752 396 826 ipse
431 751 656 810 Theodebertus
692 762 763 804 eum
794 743 933 804 lothario
987 761 1161 820 mosynam,
1183 756 1211 809 et
1239 758 1362 813 caeteros
1387 756 1502 815 fructus
1531 759 1753 833 misericordia,
1769 765 1822 838 qui

88 842 244 903 avunculo
261 857 317 897 suo
332 839 447 898 bellum
472 855 590 911 gerens,
606 837 674 911 ejus
702 835 868 893 exercitum
881 849 933 890 ve·
986 834 1066 892 intra
1077 836 1177 896 sinum
1189 843 1293 900 matris
1309 845 1442 904 Ecclesiae
1470 854 1656 919 exercentur,
1680 853 1822 912 severitas

88 936 249 992 hementer
264 929 379 988 afflixit.
390 926 644 986 »1temineadem
660 923 788 982 Historia
804 927 933 981 zelam·
987 928 1017 980 et
1028 922 1196 998 indignatio
1209 929 1281 1002 justi
1294 933 1406 991 iudicis
1421 935 1482 1005 liei,
1506 953 1577 1011 quae
1591 939 1696 997 merito
1718 955 1823 1013 pecua.

90 1022 219 1098 poribus
232 1017 396 1076 iustiniani
411 1017 443 1074 in
457 1015 613 1091 provincia
637 1011 792 1089 principue
807 1010 933 1084 ligurire
988 1014 1105 1072 toribus
1121 1016 1257 1090 debetur,
1272 1026 1300 1078 el
1311 1023 1351 1079 ad
1363 1025 1602 1085 misericordiam
1613 1029 1709 1104 possit
1722 1030 1823 1088 reflec-

93 1110 229 1170 maxima
239 1105 410 1182 pestilentia
424 1111 528 1163 exorta
542 1108 594 1162 est.
613 1101 718 1162 Subito
731 1101 814 1158 enim
841 1115 935 1174 appa·
988 1101 1020 1160 ti.
1032 1104 1195 1165 Misericors
1207 1113 1254 1166 est
1265 1111 1346 1168 enim
1360 1114 1506 1172 Dominus
1529 1117 1616 1192 adera
1643 1119 1720 1178 sicut
1743 1120 1823 1179 Psal.

94 1194 359 1272 rebantquaedam
372 1192 528 1266 signacula
542 1209 595 1266 per
617 1190 738 1260 domos,
755 1189 843 1258 ostia,
857 1202 935 1244 vasa
988 1192 1078 1250 mista
1088 1193 1230 1268 loquitur,
1247 1205 1350 1258 utnon
1377 1202 1472 1260 solam
1488 1205 1631 1277 domines,
1653 1209 1705 1266 sed
1730 1211 1820 1267 ettam

95 1289 145 1346 vel
159 1287 346 1344 vestimenta·
362 1285 433 1347 Quat
443 1281 468 1338 si
484 1282 551 1356 quis
561 1279 705 1337 voluisset
718 1278 852 1347 abluere,
869 1292 935 1334 ma·
983 1283 1124 1353 jamenta
1135 1287 1240 1344 silicet.
1257 1288 1647 1364 Omnipotensileusdilatet
1658 1297 1821 1373 imperium

94 1379 144 1450 gis
156 1375 317 1448 magisque
331 1372 528 1447 apparebant.
545 1374 613 1427 Post
640 1384 757 1427 annum
785 1383 858 1425 vero
886 1382 936 1422 ex·
988 1375 1131 1443 vestrum,
1155 1379 1184 1432 et
1209 1376 1332 1436 dextera
1352 1396 1408 1436 vos
1433 1397 1552 1456 scmper
1576 1391 1726 1459 protegat,
1741 1389 1822 1445 stad

91 1467 392 1542 pletum,coeperunt
411 1461 493 1519 nasci
512 1461 544 1518 in
568 1458 743 1532 inguinibus
773 1456 935 1515 bominum
989 1475 1097 1534 pacem
1122 1468 1231 1520 sanctie
1261 1467 1398 1524 Ecclesia
1424 1469 1516 1527 vitam
1541 1472 1626 1530 vobis
1649 1473 1820 1547 longaevam

92 1556 143 1613 vel
159 1553 269 1611 ineliis
283 1549 534 1608 debilitatioribus
548 1545 788 1618 locisglanduloe
816 1545 848 1603 in
871 1559 936 1600 mo
989 1549 1110 1620 tribuat,
1133 1557 1163 1609 et
1188 1571 1244 1612 sua
1270 1572 1325 1612 vos
1360 1557 1570 1619 benedictione
1609 1563 1642 1621 in
1676 1565 1820 1624 omnibus

92 1646 172 1702 dum
187 1641 275 1700 nucis
288 1655 342 1696 seu
361 1638 482 1712 dactyli,
496 1654 573 1712 quas
589 1653 661 1694 mox
680 1634 865 1710 sequebatur
890 1632 969 1714 ιιι-Β
989 1645 1123 1698 exornet,

91 1735 199 1793 brium
227 1727 424 1788 intolerabilis
440 1731 540 1797 aestus,
557 1727 598 1784 ito
621 1730 653 1783 ut
670 1725 702 1782 in
726 1723 828 1781 triduo
840 1723 934 1780 horno
1289 1735 1458 1795 EppsmLA
1477 1741 1521 1796 lv·

92 1823 349 1894 exstingueretur·
366 1818 500 1876 SlssV01'0
526 1815 635 1892 aliquis
656 1814 794 1872 triduum
820 1815 934 1869 “⁸11⁵ss-
988 1836 1121 1880 runcoris
1145 1837 1352 1880 moeoavonuu
1379 1841 1489 1884 courrrs
1506 1845 1541 1886 tn
1556 1846 1702 1892 aosrnrrui
1729 1853 1820 1896 sacru

91 1915 198 1986 ffl'sset,
213 1908 350 1968 babebat
363 1921 448 1981 spem
462 1906 592 1964 vivendi.
614 1908 683 1962 Erat
703 1907 806 1960 autem
821 1899 934 1974 ubique
1238 1912 1333 1986 (circa
1348 1929 1464 1973 annum
1481 1921 1571 1993 1022).

91 2017 202 2076 pavor,
215 1997 332 2071 ubique
344 1997 451 2065 luctus,
476 1995 589 2070 ubique
611 1994 766 2067 lacrymae.
799 1994 873 2048 Nam
902 1994 935 2047 ut
1024 2000 1151 2058 Domino
1165 2016 1220 2058 suo
1235 2001 1298 2073 regi
1324 2007 1454 2064 Ronmro
1474 2010 1569 2067 Erico
1587 2011 1822 2085 andegavorum

92 2091 181 2163 vulgi
192 2103 298 2146 rumor
311 2085 443 2144 habebat
455 2084 596 2155 fugientis
611 2083 731 2140 cladem
745 2081 825 2152 vite,
844 2079 933 2138 relin-
988 2106 1090 2147 eomes
1103 2090 1232 2149 salutem
1247 2096 1276 2147 et
1289 2089 1377 2149 fidele
1393 2095 1558 2153 servitium·

91 2179 271 2255 tuebantur
284 2178 396 2234 domus
409 2175 533 2232 asseria
547 2171 782 2239 habitatoribus.
801 2169 872 2228 solis
887 2185 935 2226 ca·
1024 2179 1200 2236 curremus
1215 2179 1402 2238 proavorum
1418 2199 1531 2254 comes,
1546 2185 1637 2244 herus
1656 2207 1751 2261 meus,
1780 2193 1824 2252 ro

91 2271 168 2329 tulis
177 2269 291 2326 domus
303 2264 502 2323 servantibus.
519 2263 640 2320 Peculia
650 2259 933 2330 solaremanebant,
988 2275 1075 2327 sutus
1086 2274 1132 2326 est
1146 2269 1219 2326 mihi
1233 2285 1340 2344 nuper,
1354 2271 1458 2330 dicens
1472 2276 1567 2349 quod,
1578 2285 1743 2354 postquam
1758 2284 1822 2341 itali

89 2360 126 2418 ΠΙ
141 2353 485 2433 1³²¹³⁰¹¹³⁸¹¹¹¹¹l⁰istimte
501 2357 632 2427 paim·
649 2351 794 2407 Cerneres
815 2347 934 2421 pridem
988 2359 1190 2418 discesserunt
1204 2375 1222 2416 a
1240 2359 1337 2429 vobis,
1353 2361 1444 2420 diffisi
1459 2366 1542 2439 quod
1556 2383 1611 2424 vos
1637 2386 1739 2443 regem
1767 2374 1821 2430 ha·

90 2449 184 2507 villas
212 2462 267 2504 ⁸⁴³⁰
292 2447 393 2502 ΜΝ
419 2442 533 2516 1⁸0P¹0l⁸
560 2441 736 2513 adfflissiblls
761 2437 933 2506 hminum,
987 2445 1105 2521 herent,
1119 2447 1268 2522 petierunt
1282 2447 1482 2509 filiumsuum
1497 2454 1536 2510 ad
1563 2470 1676 2528 regem.
1707 2461 1822 2528 Quibus

92 2542 220 2614 postera
234 2535 283 2592 die
298 2532 444 2591 universis
468 2531 653 2603 fugientibus
682 2532 791 2586 «cuneta
816 2542 881 2583 esse
903 2526 935 2584 in
988 2535 1036 2592 illu
1051 2536 1162 2593 invitus
1177 2539 1362 2612 coactusque
1377 2541 1532 2613 respondit
1545 2544 1668 2605 tandum
1683 2551 1821 2625 aequius.

92 2642 222 2686 summo
235 2623 363 2682 Silentia
376 2621 540 2692 Fuffiebassl
549 2620 612 2692 filli,
627 2616 936 2691 Gadivtraissssflpulla
989 2641 1056 2682 cere
1071 2641 1103 2682 se
1118 2625 1394 2699 voluntatieorum,
1410 2630 1436 2686 si
1446 2633 1647 2693 consentirent
1656 2636 1713 2694 illis
1722 2640 1821 2698 cuncti

90 2719 260 2792 parentum
275 2712 486 2786 relinquentes.
508 2712 661 2779 Parentes,
676 2707 761 2767 obliti
771 2706 891 2781 pietatis
904 2707 936 2765 in
989 2714 1180 2772 marchiones
1193 2715 1282 2772 tufiae
1296 2720 1325 2773 et
1338 2717 1482 2793 episcopi,
1499 2737 1535 2779 30
1547 2724 1644 2782 omri
1668 2727 1818 2788 meliores.

90 2808 223 2876 viscera,
237 2806 326 2861 natos
354 2800 568 2874 lfllissqfflbassl
587 2803 759 2856 &Simm-
786 2796 817 2855 Si
843 2812 935 2871 quem
989 2805 1032 2862 llli
1042 2804 1245 2880 promiserunt
1258 2807 1342 2880 quod
1352 2813 1433 2866 reeta
1445 2809 1505 2868 fide
1520 2812 1651 2873 facerent
1665 2816 1731 2875 illos
1751 2835 1820 2877 con-

92 2896 173 2952 f0ll⁰
188 2893 316 2966 antiqua
329 2888 425 2963 Pielis
438 2887 666 2963 perstringebat,
683 2892 716 2945 ul
742 2885 834 2945 vellet
852 2901 936 2957 sept·
989 2897 1109 2964 sentire,
1124 2895 1148 2952 si
1161 2901 1294 2969 possent.
1310 2901 1394 2956 Nune
1409 2915 1480 2972 ergo
1496 2904 1622 2962 mandat
1635 2907 1733 2981 vobis,
1748 2927 1820 2984 pus.

91 2976 570 3057 liliilf⁰¹i¹1¹¹¹¹1¹2‘establitil‘se
597 2975 791 3049 insepulfflsst
821 2978 849 3032 θῒ
861 2974 934 3030 dum
950 3013 971 3066 0
989 2985 1090 3043 tulsns
1100 2985 1272 3060 suppliciter
1283 2987 1412 3059 gratiam
1443 2995 1576 3050 vestram
1600 2995 1644 3068 [ut
1663 2997 1820 3060 detineatis

92 3070 338 3145 ⁰b⁸0q¹10b³l¹¹b
366 3065 578 3141 perimebatur·
606 3067 682 3121 Dum
722 3062 824 3121 funeri
850 3062 937 3119 Obst·
989 3073 1129 3131 homines
1143 3073 1181 3130 de
1196 3075 1398 3148 botharingia,
1427 3082 1457 3135 et
1481 3081 1670 3143 Eredericum
1697 3088 1819 3158 ducem,

92 3162 207 3238 quium
221 3157 387 3234 PPfflbssbsslt
403 3155 497 3230 ipsiu⁸
515 3155 607 3211 funus
621 3151 847 3228 ⁸i1¹00h⁸⁰<i¹¹i⁰
873 3168 937 3210 ¹1¹⁸·
989 3167 1081 3238 atque
1094 3163 1168 3222 altos
1182 3179 1259 3238 quos
1272 3166 1418 3238 poteritis,
1429 3183 1466 3224 ne
1475 3172 1658 3233 concordent
1670 3194 1740 3235 cum
1750 3196 1821 3252 rege

93 3250 200 3310 nebat.
214 3248 337 3305 Videres
350 3245 493 3302 sacillum
507 3243 539 3301 in
552 3242 712 3317 antiquum
728 3243 888 3301 redactum
900 3240 937 3297 si·
991 3255 1083 3324 cuno,
1110 3252 1293 3310 inflectando
1334 3271 1387 3312 eos
1412 3263 1561 3330 quantum
1589 3265 1743 3336 quiveritis
1780 3269 1821 3326 ad

94 3336 342 3400 lentiumznulla
356 3352 416 3392 vox
430 3335 460 3390 in
474 3326 555 3402 riire,
575 3332 676 3390 nullus
696 3332 814 3402 sibilus,
843 3330 934 3388 nullae
990 3341 1136 3398 auxilium
1164 3341 1251 3413 eJ‘us.
1292 3343 1379 3402 Dabit
1409 3346 1496 3404 vobis
1521 3364 1577 3422 pro
1614 3352 1672 3412 hoe
1700 3359 1820 3429 negotio

94 3429 217 3489 insidiae
227 3426 396 3485 bestiarum
408 3424 439 3480 in
453 3423 631 3498 pecudibus,
657 3421 742 3480 nulla
767 3422 884 3478 damna
903 3420 934 3478 in
990 3430 1070 3488 mille
1094 3429 1187 3487 libras
1216 3430 1421 3508 denariorum,
1450 3440 1480 3493 οἱ
1505 3441 1626 3500 centum
1649 3444 1752 3518 pauiu,
1792 3452 1821 3506 et

94 3517 274 3578 domesticis
288 3512 472 3572 volucribus.
499 3515 568 3572 Sata
588 3517 779 3584 transgressa
802 3509 935 3567 metendi
989 3519 1120 3577 dominre
1158 3519 1269 3591 reginae
1311 3523 1491 3582 Constantia
1518 3529 1699 3604 quingentas
1726 3534 1820 3596 libras

96 3618 219 3683 tempus
247 3608 360 3664 intacta
384 3603 598 3676 exspectabant
634 3617 812 3659 messorem.
843 3600 935 3657 Vinea
989 3624 1195 3666 nummorum.
1217 3611 1288 3666 Orat
1312 3627 1367 3668 vos
1391 3617 1424 3670 ut
1450 3614 1514 3687 ipse
1537 3635 1605 3678 eam
1625 3622 1768 3696 salutetis,
1792 3632 1822 3685 et

97 3698 223 3758 amissis
245 3695 323 3754 toliis
352 3691 539 3751 radiantibus
566 3691 635 3748 uvis
663 3690 757 3748 illesa
779 3687 933 3758 manebat,
989 3695 1086 3754 filium
1113 3701 1246 3754 vestrum
1270 3713 1373 3769 regem
1410 3718 1448 3760 ex
1474 3711 1558 3778 parte
1584 3725 1665 3768 sua:
1703 3719 1733 3772 et
1764 3731 1821 3788 ego

96 3789 200 3848 hieme
211 3785 445 3862 propinquante.
460 3780 616 3839 Nocturnis
631 3795 685 3838 seu
708 3779 825 3837 diurnis
853 3777 935 3836 boris
989 3803 1095 3862 precor
1105 3786 1266 3860 significari
1277 3788 1381 3848 litteris
1393 3798 1447 3850 aut
1457 3798 1569 3856 nuntiis
1578 3801 1653 3873 quid
1667 3804 1760 3862 animi
1769 3824 1821 3866 vo-

96 3875 286 3954 personabat
299 3872 388 3932 turba
401 3869 588 3940 bellantium,
598 3867 778 3927 audiebatur
798 3883 817 3925 a
845 3865 936 3940 pluri·
989 3876 1037 3933 bis
1052 3875 1090 3932 sit
1104 3891 1195 3950 super
1208 3878 1266 3935 hoc
1279 3879 1363 3953 quod
1376 3881 1441 3954 ipse
1454 3900 1509 3941 vos
1525 3893 1622 3959 rogat,
1652 3896 1685 3948 ut
1712 3910 1821 3954 renun-

96 3969 160 4026 bus
171 3966 261 4042 quasi
273 3978 413 4022 murmur
425 3959 582 4018 exercitus.
604 3959 690 4017 Nulla
703 3962 790 4016 erant
810 3956 936 4028 vestigia
948 4011 951 4016 .
991 3964 1060 4022 tium
1075 3963 1127 4020 iffi,
1142 3964 1222 4024 vulg⁸

98 4054 349 4121 commeantium,
366 4049 466 4107 nullus
493 4048 671 4106 cernebatur
696 4061 880 4122 percussor3
908 4049 937 4102 et
1293 4059 1462 4118 pplspom
1483 4064 1514 4119 v·

99 4149 206 4203 umen
231 4143 329 4202 visum
365 4138 523 4197 oculorum
566 4134 750 4210 superabant
788 4133 938 4191 cadavera
1130 4157 1228 4200 onom,
1245 4158 1355 4204 comm
1370 4163 1406 4203 Μ,
1419 4165 1565 4210 ,mm
1580 4169 1680 4214 um·

100 4238 302 4292 mortuorum.
317 4225 478 4286 Pastoralia
492 4225 559 4282 loca
568 4240 656 4281 versa
665 4222 785 4280 inerant
794 4222 826 4278 in
839 4221 937 4295 sepul·
1304 4235 1402 4304 (Anno
1418 4240 1506 4312 1024).

100 4329 205 4381 turam
218 4319 389 4388 homiuum,
405 4321 435 4374 et
446 4313 620 4374 habitacula
631 4314 767 4370 bumana
781 4311 862 4370 tacta
876 4311 937 4368 lue·
1027 4318 1154 4378 Domino
1169 4336 1225 4378 suo
1240 4323 1302 4393 regi
1315 4327 1449 4385 Roeearo
1464 4336 1648 4395 comesum),

102 4419 173 4473 rant
186 4410 327 4484 coniugia
340 4407 513 4466 bestiarum.
533 4429 548 4457 »
564 4405 630 4462 Haec
643 4402 681 4460 de
696 4401 828 4459 historiis
838 4417 938 4476 pauea
1025 4412 1124 4467 Pauca
1137 4410 1200 4478 tibi,
1218 4411 1350 4487 domine,
1365 4415 1463 4476 dicere
1475 4421 1555 4494 volo,
1567 4424 1591 4481 si
1602 4427 1706 4486 audire
1717 4430 1820 4503 digne·

103 4501 350 4578 praenotavimus.
360 4495 446 4565 Quod
459 4511 529 4552 vero
537 4493 644 4551 cecidit
654 4507 745 4566 super
765 4495 893 4564 petram,
908 4495 937 4548 et
990 4498 1042 4556 ris.
1055 4501 1160 4558 comes
1174 4499 1349 4572 Richardus,
1362 4505 1542 4583 tuusfldelis,
1555 4517 1673 4574 monuit
1681 4535 1730 4578 me
1737 4523 1820 4580 veni·

103 4592 190 4652 ablui
210 4607 272 4649 non
296 4590 422 4664 poterat,
448 4584 567 4642 videtur
591 4581 760 4654 significare
771 4579 936 4638 Ecclesiam
990 4604 1021 4645 re
1036 4587 1240 4660 adjustitiam,
1253 4596 1305 4649 aut
1319 4595 1522 4669 concordiam,
1536 4601 1573 4658 de
1587 4607 1716 4678 querelis
1741 4627 1820 4683 quas

103 4685 261 4749 sanetam3
276 4692 346 4753 quse
357 4691 448 4749 super
460 4676 587 4747 petram,
603 4670 686 4728 idest
699 4669 859 4741 Christum,
870 4668 937 4727 iun·
989 4676 1121 4734 habebat
1137 4681 1241 4736 contra
1255 4696 1314 4738 me.
1330 4685 1391 4752 Ego
1407 4700 1478 4743 vero
1498 4687 1567 4746 misi
1587 4705 1711 4753 causam
1739 4697 1819 4757 huuc

102 4771 187 4838 data,
200 4765 425 4826 tribulationem
436 4776 565 4836 passura
580 4759 626 4818 sit.
658 4758 744 4826 Quod
759 4773 830 4816 vero
845 4774 937 4833 super
990 4769 1085 4823 totam
1099 4765 1130 4823 in
1145 4782 1239 4825 manu
1253 4767 1356 4842 ipsius.
1371 4773 1445 4829 Tum
1460 4773 1508 4832 ille
1536 4794 1573 4835 ex
1598 4798 1748 4844 consensu
1767 4793 1820 4848 tuo

102 4872 228 4915 earnem
242 4854 373 4914 hominis
387 4857 415 4910 et
429 4851 640 4909 vestimentum
649 4849 715 4921 ejus
725 4847 842 4916 cecidit,
853 4847 936 4904 ablui
991 4855 1143 4914 constituit
1153 4856 1226 4914 mihi
1239 4857 1393 4932 placitum,
1405 4863 1529 4936 quando
1546 4873 1575 4925 et
1584 4871 1636 4928 ubi
1647 4875 1704 4933 hoo
1717 4879 1821 4951 perfici

101 4949 232 5021 poterat.
245 4949 309 5003 Non
319 4944 484 5013 incongrue
495 4939 701 5014 accipiturper
711 4953 937 5011 carnempopu-
990 4948 1103 5019 posset.
1121 4945 1180 5002 Sed
1189 4947 1318 5006 instante
1329 4951 1456 5009 termino
1472 4958 1591 5015 eumad
1605 4960 1663 5019 hoc
1676 4980 1821 5039 perugen.

100 5036 164 5107 lus,
171 5050 225 5108 per
234 5028 692 5102 vestimentumsubstantiaquae
703 5026 935 5100 adadjutorium
991 5032 1468 5111 dumparatuscssem,mandavit
1478 5043 1551 5102 mibi
1560 5061 1598 5105 ne
1606 5065 1655 5107 me
1663 5051 1821 5126 fatigarem

101 5125 198 5196 hujus
206 5123 274 5182 vita
281 5121 370 5180 nobis
387 5119 569 5178 conceditur.
587 5116 778 5187 Lignoetiam
790 5115 935 5175 daturin·
991 5121 1031 5179 ad
1041 5121 1213 5180 condictum
1221 5125 1365 5199 placitum
1375 5133 1534 5208 veniendo,
1546 5137 1686 5212 quianon
1699 5147 1821 5206 erattibi

102 5213 198 5285 telligi
210 5213 296 5272 vitale
306 5211 423 5285 lignum
438 5213 549 5268 sanctae
578 5207 684 5274 crucis,
700 5209 729 5264 et
748 5206 935 5280 baptismum
991 5209 1075 5266 cordi
1088 5209 1429 5284 aliamjustiflcationem
1442 5221 1503 5280 sive
1513 5229 1821 5308 concordiamrecipe-

102 5319 169 5377 quo
185 5319 289 5360 sumus
304 5299 469 5372 regenerati
483 5297 523 5354 ad
536 5293 770 5366 vitembignum
780 5295 935 5354 adhumo
990 5297 1154 5356 renisiboc
1165 5302 1283 5366 tantum
1293 5309 1325 5361 ut
1339 5303 1452 5366 laceres
1468 5313 1543 5371 mibi
1560 5315 1720 5381 defendere
1737 5325 1822 5398 quod

102 5408 171 5450 reni
188 5409 274 5466 aquae
283 5390 410 5448 virescit.
429 5391 463 5445 Et
473 5384 745 5462 quandotudeicus
756 5385 887 5458 populus
904 5385 935 5442 in
990 5387 1567 5462 nonessemdignusullumbeneficium
1574 5411 1821 5472 teneredetellee

103 5496 210 5538 eremo
226 5479 325 5551 sitivit,
335 5483 364 5536 et
373 5493 433 5552 pree
445 5473 644 5534 amaritudine
654 5487 750 5545 aquas
761 5472 863 5529 bibere
873 5489 936 5531 non
992 5475 1049 5534 sibi
1057 5480 1225 5551 competere
1240 5478 1368 5552 dicebat,
1380 5490 1821 5569 utmeadtalejudiciumexhi·

103 5570 215 5646 potuit,
227 5568 351 5641 jubente
367 5565 493 5624 Domino
516 5563 596 5621 misit
625 5563 740 5635 Moyses
764 5561 881 5632 lignum
903 5561 934 5618 in
991 5563 1076 5625 beret
1087 5567 1150 5624 sine
1161 5575 1312 5627 conventu
1319 5573 1439 5647 parium
1450 5593 1585 5641 suorum.
1598 5591 1664 5646 Haeo
1675 5606 1792 5650 causae

106 5673 233 5732 aquam,
244 5661 273 5714 et
281 5671 425 5715 conversa
437 5659 481 5712 cst
493 5651 662 5802 amdaxrlitludo
675 5649 706 5708 ln
732 5649 934 5724 dtdeedinem,
992 5669 1046 5714 cur
1057 5655 1109 5715 tibi
1125 5656 1164 5716 ad
1173 5656 1317 5732 placitum
1328 5677 1390 5721 non
1400 5668 1525 5726 occurri.
1537 5671 1684 5748 Seddete,
1697 5679 1766 5736 dou

395 5745 517 5802 Panos.
612 5783 619 5799 .
1554 5763 1589 5818 30
