4044 6184
187 165 223 219 47
766 159 922 216 nuruum
943 157 971 214 S.
992 155 1131 212 erubunt
1150 153 1315 211 uouucffl.
1862 157 1897 212 48

185 286 243 344 bus
257 283 396 358 praebuit,
410 287 438 341 ei
447 282 486 340 ab
500 299 535 340 eo
549 287 680 340 eastrtuu
691 263 864 339 losdunum
874 281 927 354 (88)
939 297 1009 337 curn
1028 281 1116 336 hest.
1134 277 1189 345 Qui
1203 275 1401 351 philosophiae
1415 275 1557 348 intentus,
1584 279 1613 333 et
1627 275 1712 333 lucra
1726 275 1834 334 christi
1849 245 1897 335 co·

187 373 338 433 nonnullis
354 373 419 430 aliis
433 373 464 429 in
490 388 570 446 pago
594 373 782 430 Pictavcrum
794 387 850 446 pro
869 370 1014 428 beneficio
1069 367 1175 438 gitans,
1189 371 1222 422 ut
1230 370 1298 423 ante
1306 364 1554 422 tribunaliudicis
1564 364 1751 440 duplicatum
1761 365 1899 422 redderet
1940 427 1947 443 ἱ

187 464 311 539 accepit.
1067 455 1223 524 talentum,
1238 453 1450 512 ltelvoluntate
1473 453 1602 528 populos
1629 456 1655 510 Γ
1670 454 1821 528 hungriae,
1835 470 1898 511 una

223 559 266 612 31.
280 557 320 610 Ea
332 555 506 626 tempestate
519 553 633 610 Hotone
648 551 781 610 secundo
796 555 925 618 mortuo,
940 553 1013 608 iloto
1067 561 1136 602 cum
1148 542 1375 616 regeeorumad
1385 542 1895 602 tidemChristieonverteremeruit.

187 641 266 699 filius
279 641 353 714 eius,
370 639 480 724 tercius
495 645 564 698 actu
575 645 605 698 et
617 639 750 709 nomine,
766 637 892 712 imperio
902 635 1013 710 potitus

189 791 216 846 t'
233 791 363 866 populos
386 790 417 847 in
439 790 594 846 circrdtum
620 788 738 862 yodolis
759 787 876 843 deditos
901 785 941 841 ad
967 783 1018 840 Dei
1041 784 1155 841 cultum
1183 789 1354 842 convertere
1381 785 1503 842 studuit.
1531 785 1646 842 Etenim
1672 789 1758 842 erant
1782 785 1809 842 ei
1832 786 1894 842 duo

222 861 355 936 episcopi
368 861 608 926 reverentissimi,
625 866 745 917 sanctus
759 856 895 915 videlicet
908 855 1085 938 adalbertus
1100 854 1343 985 archiepisco8us
1372 857 1409 913 de
1424 857 1540 914 civitate
1567 860 1687 928 pregre,
1700 873 1769 939 quac
1794 860 1838 913 est
1862 857 1894 913 in

222 933 378 1006 provincia
393 933 548 1001 Bevehem,
563 937 685 988 sauctus
700 930 789 986 etiarn
805 932 920 986 brunus
935 927 1268 1000 ep1scopusdecrvrtate
1305 927 1407 998 sburg,
1417 927 1735 1001 quaeestinprcvintra
1749 928 1892 1000 Bajoarie,

222 1003 463 1075 consanguineus
477 1004 613 1075 ejusdem
627 999 890 1074 imperatorist89).
907 1002 981 1055 Nam
996 999 1116 1054 sanctus
1141 997 1318 1056 adalbertus
1344 1013 1457 1072 parvus
1483 1003 1606 1070 statura,
1630 1005 1751 1056 sanctus
1777 1002 1893 1056 Brunus

222 1091 347 1157 procero
364 1090 488 1147 corpore
503 1078 596 1130 erant.
614 1075 647 1128 rt
660 1071 916 1146 quandocumque
939 1073 1060 1150 sanctus
1073 1069 1250 1150 adalbertus
1273 1069 1306 1125 in
1321 1070 1390 1126 aula
1401 1070 1589 1143 imperatoris
1612 1070 1777 1138 interesset,
1806 1075 1893 1127 nocte

221 1151 400 1218 rntempcsta
416 1145 497 1201 solus
509 1145 548 1201 ad
562 1144 666 1200 silvam
682 1143 797 1208 abiens,
810 1141 893 1213 ligna
903 1140 1031 1215 propriis
1043 1139 1176 1196 humans
1190 1139 1319 1213 pedibus
1335 1141 1423 1197 nudis
1446 1141 1608 1209 deferebat,
1636 1141 1756 1198 ncmine
1772 1140 1892 1208 sciente,

223 1218 262 1274 ad
277 1216 440 1290 hospitium
455 1232 554 1272 suum.
571 1217 632 1281 Que
647 1214 729 1284 ligna
744 1212 888 1279 vendens,
904 1211 1016 1268 victum
1031 1211 1215 1284 preparabat
1226 1211 1292 1268 sibi.
1318 1211 1405 1278 Quod
1417 1229 1485 1269 cum
1499 1217 1566 1285 post
1594 1211 1705 1268 multos
1729 1212 1893 1287 imperator

223 1288 410 1362 comperiens
425 1286 498 1356 dies,
516 1303 586 1342 eum
609 1286 832 1358 ¹¹⁸p1·osancto
848 1282 1039 1350 duceret,die
1077 1282 1187 1339 uadam
1214 1281 1311 1354 solito,
1333 1282 1451 1338 locutus
1475 1300 1545 1339 cum
1569 1299 1615 1350 eo,
1640 1283 1714 1340 dixit
1734 1282 1891 1355 jocando:

224 1361 304 1417 Tattr
317 1360 481 1440 episcopas,
493 1359 569 1415 sicut
586 1372 635 1413 vos
649 1358 728 1428 estis,
739 1356 884 1412 debuisset
890 1368 1017 1434 perpere
1030 1299 1073 1409 ug
1080 1353 1311 1423 praedicendum
1323 1354 1499 1410 Seianorum
1514 1361 1624 1426 pentes.
1637 1357 1702 1410 Mox
1731 1354 1891 1482 episcopus

221 1431 315 1512 pedes
329 1429 518 1503 imperatoris
532 1427 724 1491 deosculans,
740 1425 780 1482 ait
791 1441 821 1481 se
836 1425 894 1482 hoe
908 1440 1038 1498 rncrpere
1053 1442 1060 1492 ;
1075 1439 1131 1480 nec
1146 1428 1251 1498 postea
1261 1423 1424 1497 imperator
1439 1441 1508 1482 eum
1525 1430 1655 1481 avertere
1667 1425 1763 1498 potuit
1782 1424 1821 1481 ab
1856 1441 1891 1482 ac

222 1501 383 1558 intentione
401 1518 408 1568 ;
424 1504 453 1556 et
462 1504 586 1570 rogante
598 1499 665 1571 ipso
677 1497 829 1570 episcopo,
843 1495 998 1551 ordinatus
1021 1500 1065 1551 est
1077 1511 1132 1568 pro
1142 1512 1178 1551 co
1192 1495 1223 1551 in
1236 1495 1310 1552 urbe
1321 1495 1428 1566 Pragin
1452 1495 1706 1569 archiepiscopus,
1727 1513 1818 1569 quern
1832 1496 1890 1552 elc-

222 1577 305 1642 gerat
319 1572 392 1645 ipse.
407 1575 436 1626 et
448 1570 574 1627 libenter
585 1568 749 1694 imperator
761 1568 899 1648 assensit.
917 1569 949 1623 Et
963 1567 1128 1640 preparatis
1144 1565 1286 1623 omnibus
1301 1567 1488 1637 necessariis,
1515 1566 1644 1640 pedibus
1657 1566 1746 1623 nudis
1760 1566 1833 1623 abiit
1860 1567 1890 1625 in

222 1643 387 1700 Polllanam
396 1641 595 1714 provinciam,
611 1655 632 1694 u
655 1639 772 1694 inemo
792 1639 896 1695 Chrrstr
910 1653 1023 1694 nomen
1046 1637 1192 1707 audierat,
1220 1641 1249 1693 et
1275 1637 1438 1710 predicare
1461 1639 1551 1710 coepit
1579 1637 1777 1704 evangelium.
1804 1639 1891 1705 Quod

222 1714 393 1786 exemplum
406 1712 470 1782 ejus
485 1715 604 1766 secutus
620 1712 737 1765 Brunus
763 1708 932 1782 episcopua,
948 1708 1030 1834 petiit
1041 1708 1263 1780 imperatorem,
1281 1711 1312 1764 ut
1324 1723 1380 1780 pro
1398 1724 1434 1765 eo
1447 1707 1565 1780 juberet
1580 1723 1755 1765 consecrare
1773 1709 1889 1766 insede

222 1801 278 1841 sua
293 1801 308 1840 c
332 1784 479 1864 iseopum,
491 1797 583 1855 qucm
596 1780 735 1852 elegerat,
747 1780 869 1837 nomine
886 1778 1058 1838 odoricum
1073 1779 1138 1852 (99).
1156 1781 1220 1845 Οιιο
1235 1778 1323 1844 facto,
1340 1783 1369 1835 et
1383 1779 1447 1860 ipse
1462 1779 1612 1836 humiliter
1627 1779 1699 1836 abiit
1713 1780 1744 1836 in
1766 1780 1888 1852 provin·

222 1856 301 1912 ciam
311 1800 465 1924 iingrram,
481 1869 549 1926 quae
563 1851 670 1934 dicitur
684 1850 758 1908 Alba
774 1851 882 1922 Ungria
897 1849 1148 1933 adqtlillerentiam
1163 1852 1198 1886 ¹⁰¹
1213 1849 1296 1906 alteri
1309 1852 1415 1931 Ungue
1432 1850 1528 1935 nigre,
1544 1867 1599 1977 plro
1613 1866 1648 1932 eo
1663 1851 1746 1923 quod
1758 1852 1888 1934 populus

222 1931 266 1983 est
280 1925 377 1982 colore
392 1924 477 1980 lusco
496 1923 577 1980 velut
590 1926 716 1995 Ehopes.
735 1923 861 1980 Sanctus
875 1922 1007 1994 demque
1021 1921 1200 2002 ‚adalbertus
1212 1925 1356 2002 converet
1370 1921 1409 1976 ad
1425 1921 1549 1979 hdemC
1574 1926 1637 1978 rrstr
1653 1927 1795 1994 quattuor
1817 1927 1888 1978 rstas

221 1996 400 2136 provincias,
415 2011 482 2076 quac
491 1994 615 2067 antiquo
624 2009 813 2068 paganorum
824 2009 922 2050 errore
933 1993 1152 2060 detinebantur,
1161 1991 1269 2048 scrhael
1281 1991 1455 2059 Pollianam,
1466 1991 1666 2063 sclavaniam,
1680 1993 1887 2050 Waredoniam

234 2068 288 2141 or).
306 2069 489 2124 Cracov1am.
503 2067 582 2130 Quas
595 2069 759 2139 postquam
774 2064 911 2121 fundavit
924 2064 954 2120 in
970 2063 1039 2128 lide,
1056 2063 1129 2119 abiit
1140 2063 1171 2119 in
1183 2062 1371 2137 provinciam
1385 2062 1613 2120 Pincenutornm
1630 2068 1661 2120 ut
1675 2065 1717 2120 eis
1744 2064 1888 2138 praedica-

220 2144 264 2196 ret
279 2137 449 2195 bominum.
466 2136 517 2192 llla
527 2151 610 2208 gens,
624 2135 752 2192 nimium
766 2135 853 2192 idolis
863 2134 963 2202 effera,
977 2139 1046 2208 post
1060 2139 1126 2192 octo
1141 2134 1204 2190 dies
1220 2133 1259 2190 ad
1273 2150 1325 2190 eos
1334 2139 1490 2191 veneratet
1501 2135 1888 2192 Christumeisadnunciare

221 2213 362 2284 coeperat,
377 2223 458 2265 nono
472 2207 520 2264 die
531 2207 710 2280 reperientes
722 2222 792 2263 curn
807 2205 933 2263 orationi
947 2205 1130 2274 incumbere,
1147 2204 1313 2262 missilibus
1328 2221 1423 2278 quam
1438 2205 1539 2262 ferreis
1555 2205 1770 2270 confodientes,
1782 2207 1901 2265 Christi.

220 2281 373 2338 martirem
386 2279 527 2335 fecerunt.
540 2277 650 2335 Deinde
666 2281 746 2335 secto
761 2277 868 2350 capite,
879 2292 988 2349 corpus
1001 2276 1066 2348 eJ'us
1080 2276 1112 2332 in
1126 2275 1226 2332 lacum
1246 2291 1393 2346 magnum
1409 2276 1634 2344 demerse1·unt;
1668 2277 1766 2350 capud
1786 2283 1887 2334 autem

219 2351 322 2409 bestiis
334 2351 513 2422 incampurn
520 2349 719 2422 projecerunt.
730 2350 860 2420 Angelus
875 2353 975 2405 autem
982 2345 1098 2404 Domini
1108 2346 1374 2420 accipienscapud.
1385 2347 1486 2420 posuit
1494 2348 1582 2420 juxta
1597 2347 1725 2404 cadaver
1731 2347 1762 2405 in
1768 2348 1886 2405 ultorio

217 2439 283 2481 rem
290 2422 388 2494 ripam
399 2439 406 2490 ;
417 2421 458 2478 ibi
466 2419 619 2477 immobile
635 2424 664 2476 et
674 2419 819 2476 intactum
833 2420 869 2456 ¹¹⁰
883 2424 912 2476 et
924 2419 1131 2492 incorruptum
1146 2418 1482 2492 permansit,quousque
1489 2418 1690 2489 negotiatores
1700 2419 1822 2489 navigio
1834 2436 1888 2494 per

219 2494 320 2552 locum
333 2492 524 2567 praeterirent.
541 2490 596 2558 Qui
612 2489 779 2547 auferentes
793 2494 930 2547 sanctum
945 2489 1129 2557 thesaurum,
1145 2489 1408 2563 patefeceruntque
1425 2489 1622 2546 sclavaniam.
1643 2491 1707 2554 Quo
1733 2497 1886 2564 comperto

218 2581 271 2623 rex
285 2565 439 2623 Sclavante
458 2561 580 2620 nomino
595 2561 797 2630 Botesclavus,
813 2561 979 2634 quemipse
990 2563 1112 2616 sanctus
1125 2558 1302 2616 adalbertus
1317 2559 1528 2634 baptizaverat,
1540 2561 1617 2616 datis
1643 2560 1760 2631 magnis
1783 2577 1888 2618 mune-

219 2637 313 2704 ribus,
327 2634 427 2710 capud
437 2638 466 2690 et
480 2633 609 2690 cadaver
623 2633 739 2705 excepit
753 2648 822 2689 cum
833 2632 959 2698 honore,
970 2636 998 2688 et
1009 2630 1226 2688 monasterium
1237 2631 1267 2687 in
1279 2631 1343 2702 ojus
1357 2631 1479 2689 nornine
1492 2631 1660 2688 maximum
1674 2632 1847 2704 construxit,
1858 2639 1887 2690 et

218 2707 313 2764 mulia
324 2705 471 2764 miracula
485 2704 549 2761 lieri
563 2707 719 2779 caeperunt
732 2718 786 2777 per
809 2703 938 2759 eundem
955 2702 1060 2758 Christi
1075 2702 1237 2759 martirem.
1266 2704 1375 2758 Passus
1391 2707 1437 2758 est
1451 2707 1552 2758 autern
1567 2707 1687 2760 sanctus
1707 2702 1886 2760 adalbertus

217 2783 252 2836 24
262 2778 310 2834 die
324 2776 436 2834 mensis
446 2775 562 2842 abrilis,
574 2774 604 2830 id
619 2779 664 2830 est
677 2790 759 2830 nono
770 2773 918 2830 Kalendas
931 2773 994 2831 llai.
1008 2775 1133 2830 Sanctus
1148 2779 1249 2830 autem
1271 2775 1386 2829 Brunus
1415 2773 1559 2830 convertit
1575 2774 1614 2830 ad
1638 2773 1730 2831 fidem
1744 2774 1885 2846 tingriam

218 2849 415 2923 provinciam,
428 2846 531 2916 aliam,
546 2861 606 2919 que
615 2849 740 2902 vocatur
754 2844 867 2901 Russia.
882 2847 991 2912 Regem
1002 2843 1118 2914 Ungriae
1132 2843 1301 2917 baptizavit,
1317 2843 1370 2926 qui
1385 2849 1421 2881 ¹¹¹
1438 2845 1603 2902 vocabatur
1618 2847 1706 2915 Gouz,
1727 2851 1756 2902 et
1770 2850 1884 2902 mutato

218 2920 340 2976 nomine
354 2917 386 2974 in
399 2917 550 3024 baptismo
566 2915 751 2990 Stephanum
763 2915 882 2972 vocavit
892 2915 958 2987 (or),
996 2929 1065 2970 uem
1078 2916 1133 2972 Oto
1146 2914 1308 2997 imperator
1321 2929 1352 2970 ur
1364 2915 1457 2972 natali
1469 2915 1685 2988 protomartiris
1712 2916 1853 2989 Stephani
1867 2934 1886 2973 a

217 2990 400 3064 baptismate
416 2993 436 3025 ¹¹
464 2987 589 3069 excepit,
605 2991 634 3043 et
645 3002 772 3058 regnum
783 2985 809 3042 ei
823 2985 973 3043 liberrime
1009 2985 1098 3043 abere
1112 2986 1255 3059 permisit,
1269 2986 1345 3042 dans
1360 2987 1387 3042 el
1399 2986 1551 3043 licentiam
1576 2987 1650 3043 ferre
1679 2987 1817 3044 lanceam
1842 3005 1887 3044 sa·

218 3077 301 3118 cram
314 3059 437 3142 ubique,
453 3059 529 3116 sicut
541 3057 598 3140 rpsi
613 3057 786 3130 imperatori
800 3073 867 3113 mos
883 3062 935 3126 est,
949 3061 977 3113 et
988 3057 1130 3138 reliquias
1142 3072 1179 3114 ex
1194 3057 1284 3114 clavis
1294 3057 1412 3113 Domini
1421 3061 1450 3114 et
1461 3057 1568 3116 lancea
1579 3057 1674 3115 sancti
1684 3058 1812 3115 llauricii
1828 3059 1883 3131 (99)

217 3133 244 3188 ei
256 3135 405 3188 concessrt
416 3130 446 3187 in
460 3146 583 3203 propria
594 3129 708 3186 lancea.
723 3131 783 3184 Rex
797 3143 918 3201 quoque
935 3127 1125 3210 supradrctus
1146 3127 1242 3184 filium
1265 3143 1355 3183 suum
1369 3127 1522 3201 baptizare
1542 3129 1630 3199 jussit
1653 3134 1756 3186 sancto
1775 3132 1884 3199 Bruno,

215 3202 375 3276 imponens
394 3201 420 3258 ei
430 3216 542 3257 nomeu
557 3201 633 3257 sicut
646 3199 700 3257 sibi
720 3199 914 3271 Stephanum.
932 3201 965 3255 Et
979 3198 1035 3271 rpsi
1045 3198 1106 3254 filio
1119 3198 1184 3268 ejus
1199 3198 1348 3270 Stephano
1363 3200 1417 3257 Oto
1430 3199 1594 3273 imperator
1609 3216 1741 3257 sororem
1758 3201 1882 3268 Eenrici,

234 3277 317 3331 ostea
329 3271 528 3346 imperatoris,
544 3271 575 3328 in
588 3270 730 3342 conjugio
740 3269 831 3325 dedit.
857 3273 893 3325 nt
905 3285 976 3326 vero
991 3273 1112 3325 sanatus
1127 3271 1241 3324 Brunus
1267 3285 1336 3325 cum
1357 3269 1398 3326 ad
1412 3271 1586 3328 Pincenates
1598 3287 1653 3344 pro
1676 3271 1830 3338 crevisset,
1856 3278 1885 3329 et

212 3289 360 3403 {hristum
372 3343 535 3418 predicare
550 3341 676 3415 cepisset
689 3340 757 3408 illis,
775 3355 882 3413 passus
907 3343 953 3396 est
973 3337 1089 3420 abeis,
1111 3339 1186 3420 sicut
1204 3355 1312 3414 passus
1336 3339 1433 3398 fuerat
1452 3346 1574 3400 sanctus
1593 3288 1780 3418 adaibertus.
1809 3347 1883 3400 Nam

210 3414 362 3472 Pincenati
380 3413 529 3470 diabolico
542 3413 641 3469 lurore
655 3411 812 3480 sevientcS,
826 3412 940 3466 viscera
955 3425 1058 3466 omnra
1070 3413 1181 3466 ventus
1191 3426 1245 3484 per
1257 3411 1399 3480 exiguum
1414 3412 1550 3469 foramen
1576 3412 1676 3469 lateris
1692 3413 1718 3470 ei
1747 3419 1883 3471 extraxe-

209 3490 290 3557 runt,
304 3484 538 3542 etiortissimum
552 3483 603 3539 Dei
621 3483 656 3519 ¹¹³
671 3481 824 3538 martirem
845 3481 1033 3554 perfecerunt
1056 3481 1122 3552 (ea).
1144 3483 1257 3555 Corpus
1283 3482 1348 3553 ejus
1373 3485 1538 3540 Russorum
1564 3499 1637 3551 gens
1655 3499 1768 3555 magno
1782 3486 1882 3558 precio

209 3556 345 3625 redemit,
364 3560 392 3612 et
405 3556 434 3612 in
448 3553 555 3610 Russia
569 3552 786 3610 monasterium
801 3553 866 3624 ejus
880 3551 995 3608 nomini
1005 3556 1244 3622 construxerunt,
1256 3553 1436 3626 magnisque
1449 3554 1600 3610 miraculis
1611 3571 1771 3613 coruscare
1793 3558 1882 3631 cepit.

209 3630 278 3684 Post
289 3642 403 3701 paucos
416 3624 479 3681 dies
491 3624 618 3698 quidam
633 3627 741 3681 Grecus
757 3623 960 3696 episcopusin
983 3622 1122 3679 Russiam
1137 3623 1224 3696 venit,
1248 3628 1277 3680 et
1291 3623 1481 3682 medietatem
1496 3625 1591 3698 ipsius
1618 3625 1790 3700 provinciae,
1813 3645 1881 3701 quaa

209 3697 308 3754 adhuc
322 3697 409 3754 idolis
423 3695 525 3752 dedita
537 3699 609 3763 erat,
637 3694 790 3765 convertit,
802 3698 831 3751 et
845 3710 960 3750 morem
974 3697 1099 3751 Grecum
1122 3693 1154 3749 in
1168 3693 1264 3751 barba
1292 3695 1454 3752 crescenda
1478 3701 1507 3752 et
1530 3695 1634 3753 ceteris
1659 3697 1803 3781 exemplis
1830 3715 1882 3757 eos

209 3769 359 3842 suscipere
372 3767 448 3824 lecit.
465 3766 620 3824 odolricus
636 3770 747 3836 autem,
759 3765 811 3839 qui
822 3770 924 3823 sancto
935 3769 1033 3822 Bruno
1049 3768 1242 3834 successerat,
1259 3766 1298 3822 ad
1309 3767 1471 3823 Dominum
1480 3767 1625 3839 migrans,
1652 3785 1773 3841 magnrs
1788 3770 1881 3827 virtu-

208 3839 287 3896 tibus
302 3839 413 3896 clarere
429 3837 545 3895 meruit.
561 3837 690 3910 ideoque
705 3835 924 3893 monasterium
936 3836 1007 3892 loris
1021 3835 1171 3893 civitatem
1187 3835 1307 3907 Osburg
1320 3838 1385 3910 ejus
1399 3837 1515 3894 nomini
1540 3839 1706 3898 construxit
1721 3841 1881 3915 episcopus

206 3911 277 3968 item
289 3913 414 3982 Brunus,
427 3924 581 3966 successor
596 3909 670 3981 eius,
685 3907 776 3964 frater
792 3907 905 3964 Eenrici
915 3906 1115 3980 imperatoris.
1132 3905 1243 3964 Eadem
1264 3923 1336 3964 vero
1350 3909 1423 3964 urbs
1436 3907 1519 3982 apud
1534 3913 1687 3968 Romanos
1713 3913 1881 3971 vocabatur

207 3982 361 4039 ValentIna
375 3982 415 4039 ab
424 3980 611 4107 imperatoris
621 3979 753 4042 nomine,
765 3979 818 4051 qui
832 3995 899 4034 eam
910 3977 1044 4035 condidit
1053 3979 1178 4050 primus.
1191 3977 1305 4045 Quibus
1316 3978 1425 4036 diebus
1438 3982 1492 4038 Oto
1503 3981 1726 4057 iurperaterper
1737 4001 1879 4040 somnum

207 4053 338 4109 monitus
353 4056 406 4120 est,
422 4056 454 4107 ut
479 4056 579 4108 ovaret
592 4066 701 4124 corpus
716 4049 812 4106 Caroli
823 4049 918 4121 ltlagui
933 4049 1135 4123 imperatoris,
1151 4048 1235 4175 {uod
1249 4050 1342 4122 Aquis
1357 4051 1501 4108 humatus
1516 4058 1581 4110 erat
1595 4054 1660 4126 (99),
1672 4055 1725 4111 sed
1736 4059 1880 4114 vetustate

206 4123 391 4192 obliterantc,
420 4122 615 4193 ignorabatur
636 4121 721 4178 locus
746 4123 854 4191 certus,
877 4120 928 4177 ubi
956 4119 1138 4194 quiescebat.
1180 4125 1189 4176 t
1207 4127 1327 4193 peracto
1343 4121 1481 4180 triduano
1495 4124 1620 4196 jejunio,
1635 4125 1772 4182 inventus
1785 4131 1829 4183 est
1842 4143 1879 4183 eo

204 4194 282 4265 loeo,
297 4210 389 4267 quem
401 4209 454 4266 per
468 4193 567 4250 visum
581 4196 762 4262 cognoverat
778 4190 951 4263 imperator,
976 4191 1083 4248 sedens
1097 4191 1129 4246 iu
1145 4206 1237 4247 aurea
1251 4192 1403 4262 cathedra,
1426 4193 1505 4250 intra
1520 4200 1674 4252 arcuatam
1701 4196 1879 4270 speluncam

205 4266 282 4322 inira
296 4264 450 4322 Basilicam
463 4263 550 4320 llario
564 4267 724 4320 coronatus
743 4263 779 4300 ¹¹¹
794 4278 905 4319 corona
916 4279 953 4319 ex
963 4279 1037 4318 auro
1050 4265 1078 4319 et
1092 4262 1230 4333 gemmis,
1248 4266 1352 4321 teneus
1363 4269 1515 4337 sceptrum
1530 4271 1559 4323 et
1571 4283 1675 4323 ensem
1688 4284 1724 4324 ex
1735 4283 1809 4324 auro
1843 4285 1879 4324 ιι-

204 4337 332 4405 rissimo,
342 4336 477 4409 etipsum
488 4351 598 4408 corpus
611 4335 819 4406 incorruptum
829 4333 984 4390 inventum
993 4337 1045 4391 est.
1058 4333 1144 4400 Quod
1157 4333 1289 4391 levatum
1300 4334 1421 4409 populis
1432 4336 1671 4396 demonstratum
1683 4343 1736 4395 est.
1751 4338 1804 4403 Qui
1829 4356 1879 4396 am

203 4424 274 4465 vcro
280 4407 496 4465 canonicorum
504 4404 706 4478 ejusdemloai
716 4403 904 4475 adalbertus,
916 4405 1108 4461 cumanormi
1119 4408 1148 4461 et
1157 4420 1282 4478 procero
1295 4423 1420 4480 corpore
1430 4412 1519 4476 esset,
1532 4425 1674 4466 coronam
1687 4409 1783 4467 Caroli
1790 4423 1879 4483 quasi

203 4496 258 4554 pro
272 4494 415 4537 mensura
429 4477 518 4552 capiti
527 4493 583 4534 suo
597 4477 837 4550 circumponens,
847 4474 986 4532 inventus
999 4480 1044 4533 est
1053 4475 1189 4534 strictiori
1198 4476 1466 4544 verticc,coronam
1476 4479 1673 4555 amplitudine
1689 4480 1877 4538 suavincen.

853 4624 967 4682 VARlAE
987 4627 1187 4686 LECTIONES.

202 4749 238 4785 ¹¹¹
262 4764 331 4806 cum
357 4764 382 4806 c.
423 4748 459 4783 ¹¹¹
480 4744 678 4804 differendam
690 4760 715 4801 c.
756 4744 793 4780 ¹¹¹
816 4743 968 4800 intactae.
1009 4743 1043 4780 ¹¹¹
1061 4759 1129 4818 quaa
1148 4760 1174 4801 c.
1215 4745 1250 4781 ¹¹¹
1275 4746 1498 4821 baptismatae.
1539 4747 1575 4782 ¹¹³
1598 4746 1693 4802 deoc
1732 4745 1768 4781 ¹¹¹
1790 4759 1876 4803 coro·

166 4823 274 4877 natum
290 4836 316 4876 c.

964 4885 1076 4944 NOTAE.

210 5002 243 5056 88
274 4998 418 5072 london).
1084 4993 1136 5068 (92)
1157 4997 1301 5069 hecquo
1346 4995 1463 5053 evalde
1478 4997 1547 5052 sunt
1562 4993 1749 5054 conturbata.
1778 4993 1874 5068 Galsa,

210 5071 243 5126 99
273 5071 453 5140 Brunonem,
480 5067 603 5124 fratrem
634 5065 760 5123 Heinrici
787 5069 817 5136 u,
842 5081 890 5122 an.
921 5068 988 5121 1007
1043 5081 1095 5122 rex
1104 5069 1302 5136 Ungarorum,
1321 5066 1520 5124 iliumhabuit
1531 5067 1726 5140 Stephanum,
1741 5072 1874 5125 asancto

161 5140 334 5200 ordinatum
347 5146 375 5197 et
386 5141 423 5197 de
433 5137 820 5208 Ungarcrumconversione
832 5137 910 5194 bcne
925 5151 989 5192 me·
1042 5136 1202 5194 adalberto
1214 5137 1399 5211 baptizatum
1416 5139 1536 5212 ;ipsum
1550 5137 1657 5195 eodem
1669 5139 1793 5195 nomine
1821 5154 1840 5195 a
1862 5169 1873 5178 ·

161 5215 251 5270 riturn
273 5227 343 5268 cum
366 5210 458 5268 altero
481 5213 627 5278 lhunoue,
650 5208 708 5281 ipsi
730 5208 810 5280 genti
827 5207 919 5264 misso
939 5206 986 5274 (ci.
1042 5207 1186 5281 pellatum
1201 5209 1293 5265 luisse
1307 5224 1398 5265 nemo
1416 5209 1516 5266 tradit.
1532 5211 1603 5276 Quoe
1618 5208 1656 5266 de
1681 5211 1818 5267 Brunone
1855 5209 1875 5250 '-

159 5283 348 5340 Iurlrtuiclaer
363 5286 386 5338 t.
400 5287 426 5353 3,
442 5298 472 5355 p.
490 5285 562 5352 tce),
575 5279 683 5336 eodem
698 5279 823 5336 sortasse
838 5279 891 5352 qui
903 5281 989 5334 rrus-
1042 5284 1150 5335 cuntur
1164 5279 1240 5336 falsa
1255 5295 1330 5350 esse,
1343 5279 1429 5336 multi
1440 5281 1662 5352 probaverunt;
1682 5279 1718 5337 cl.
1735 5283 1808 5336 heta
1824 5280 1872 5337 SS.

160 5371 263 5413 sorum
277 5352 431 5427 apostolus
441 5370 468 5410 a.
487 5357 554 5410 {009
568 5351 651 5420 obiit,
668 5350 832 5407 confundit.
1041 5351 1108 5406 tun.
1124 5353 1168 5406 Vl.
1177 5366 1215 5476 sp.
1231 5355 1293 5408 lit.
1309 5352 1388 5424 Sept.
1405 5353 1426 5407 l.
1440 5367 1470 5426 p.
1482 5355 1545 5409 482.

196 5427 250 5496 (99)
272 5427 312 5482 lie
327 5428 429 5482 sancto
443 5423 588 5492 Udalrico,
602 5424 668 5494 jam
682 5439 710 5479 a.
722 5427 773 5480 979
789 5423 918 5488 mortuo,
939 5435 987 5476 co·
1089 5425 1122 5477 99
1155 5423 1174 5478 C
1190 5463 1196 5476 .
1213 5421 1333 5494 Lindpr.
1347 5439 1386 5492 rv,
1399 5424 1445 5480 24.

159 5499 270 5568 gitavit.
795 5564 800 5575 ι
1089 5494 1124 5550 et
1155 5491 1445 5574 Cf.·Thietm.vr,5S.

193 5571 248 5643 (91)
269 5565 705 5636 Quidhocnomeusigniticct,
721 5581 831 5622 nasac.
853 5565 986 5620 Fortasse
1086 5567 1120 5620 95
1151 5565 1222 5620 Hurc
1269 5581 1367 5640 acque
1389 5566 1552 5624 narrationi
1589 5564 1707 5624 subulas
1729 5564 1874 5624 admistas

157 5657 210 5713 pro
227 5660 233 5697 :
258 5639 467 5698 Waredoniam
484 5645 498 5696 ?
1040 5647 1107 5691 esse
1121 5633 1207 5692 lacile
1223 5581 1267 5693 aii
1278 5635 1428 5695 intellectu
1442 5657 1448 5708 ;
1466 5637 1503 5696 cl.
1520 5637 1643 5696 Thietm.
1660 5653 1700 5706 1v,
1713 5641 1758 5696 lt.
