3996 6178
127 203 191 264 reor
525 166 527 170 ⁷
939 211 1029 268 vnu.
1770 219 1842 276 reos

13 339 18 346 ·
123 328 238 403 populo
253 328 342 404 quasi
356 328 524 387 infirmatus
547 331 669 402 corruit,
684 335 714 390 et
731 338 954 408 prerumpente
971 338 1092 408 Ateste,
1106 354 1210 396 verum
1224 354 1291 398 essa
1301 340 1453 411 novimus,
1466 341 1538 416 quia
1548 341 1649 416 pluras
1659 343 1839 420 plerumque

10 429 22 501 j
124 418 203 476 illico
215 418 364 488 sanguine
376 435 413 476 ex
427 417 521 475 oeulis
536 422 566 476 et
578 420 713 490 naribus,
729 426 757 480 et
772 423 862 480 eliam
877 425 955 481 auri·
1009 426 1049 482 ad
1071 428 1243 502 sepulcrum
1269 431 1335 502 ejus
1356 447 1427 488 eum
1450 430 1654 490 oblationibus
1672 433 1838 504 gaudentes

7 519 19 594 J
126 507 193 576 bus,
208 513 313 580 aperto
334 507 421 564 oculo
434 507 534 566 visum
556 508 672 584 liquido
686 512 829 586 percepit.
849 514 954 572 llissali
1009 515 1182 588 adveniunt,
1199 519 1252 594 qui
1266 535 1332 578 sese
1356 536 1488 594 suosque
1503 520 1628 580 averiis
1643 520 1838 580 tribulationi-

124 596 254 670 denique
269 595 369 652 officio
383 599 684 674 peracto,episeopus
698 600 801 658 habito
816 616 954 658 sermone
1009 603 1067 660 bus
1081 605 1129 662 vel
1141 607 1365 666 infirmitatibus
1385 607 1472 666 celeri
1487 609 1696 682 subventione,
1712 623 1765 682 per
1779 610 1839 666 vir·-

1 699 14 757 ‘.
125 685 238 742 elerum
250 689 279 742 at
292 685 439 760 populum
455 685 495 743 ad
516 687 622 746 laudes
636 689 753 747 debitas
764 690 825 746 Deo
840 689 954 763 persol-
1008 698 1108 752 tutum
1120 697 1185 768 ejus
1197 699 1302 756 merita
1315 699 1457 758 liberatos
1469 699 1590 774 publice
1603 699 1744 758 referunt.
1753 704 1841 758 Nam-

6 761 15 802 3
127 774 239 833 vendas
251 775 419 846 admonuit,
428 777 594 850 etprolusis
607 779 788 836 unanimiter
799 779 953 853 lacrymis,
1009 800 1069 858 que
1084 789 1115 843 ut
1129 786 1216 844 alicui
1231 788 1346 862 aliquid
1355 789 1621 858 incommoditatis,
1632 789 1681 848 vel
1695 789 1839 848 molestiae

7 855 24 898 ³³
126 866 220 922 heum
242 866 352 938 pariter
374 868 402 922 et
428 864 492 939 ipse
506 865 649 924 laudavit.
666 868 721 934 Qui
743 867 832 926 irater
847 870 955 928 eodem
1009 875 1179 943 occurrerit,
1194 876 1294 934 statim
1317 894 1387 936 euru
1401 879 1441 935 ad
1455 879 1552 938 sancti
1566 879 1658 951 huius
1672 879 1765 938 Patris
1778 895 1840 936 me·

1 944 21 982 ²⁸
126 958 278 1012 momento
294 955 358 1026 iot,
371 954 442 1028 dioj,
454 956 515 1011 Deo
527 956 649 1027 gratias.
659 957 779 1031 penitus
791 959 954 1028 convaluit,
1008 963 1149 1034 moriam,
1164 964 1212 1022 vel
1223 965 1333 1024 absens
1348 967 1508 1026 oblationis
1521 986 1583 1026 sues
1596 973 1700 1027 votum
1715 969 1840 1027 ubicun-

1 1037 17 1076 ”-
125 1049 235 1118 etpost
257 1045 321 1102 hmo
337 1045 367 1102 iu
382 1045 532 1118 promissa
550 1047 736 1121 professione
758 1065 856 1123 usque
877 1049 908 1108 in
922 1051 954 1108 li·
1007 1070 1066 1128 que
1091 1053 1272 1127 promiserit,
1297 1057 1403 1130 procul
1429 1057 1523 1116 dubio
1549 1059 1657 1117 eodem
1684 1063 1840 1116 momento

16 1161 21 1168 ·
124 1149 194 1192 nem
208 1135 335 1193 fideliter
349 1137 525 1209 permansit.
1006 1159 1223 1219 quameunque
1248 1145 1486 1205 consolationem
1500 1147 1532 1204 in
1545 1165 1618 1206 vera
1630 1148 1690 1206 lide
1713 1165 1840 1223 sperans

159 1228 204 1280 :tn
215 1224 534 1298 Plurimaigiturheati
546 1227 676 1301 pastoris
687 1228 781 1286 nostri
791 1230 952 1303 praeconia,
1006 1231 1153 1300 obsecrat,
1170 1233 1294 1290 celerius
1309 1249 1377 1292 eam
1396 1235 1509 1292 meritis
1524 1235 1590 1308 ejus
1604 1236 1839 1306 subrogantibus

1 1342 17 1350 ··
124 1328 160 1370 ea
174 1313 366 1372 solummodo
376 1331 470 1388 quam
484 1316 685 1390 praemisimus
699 1318 824 1388 ratione,
836 1325 954 1393 praeter-
1006 1323 1156 1396 impetrat,
1173 1323 1237 1396 [per
1249 1339 1330 1394 eum,
1346 1323 1399 1398 qui
1418 1325 1522 1382 omnia
1545 1329 1686 1400 operatur
1700 1325 1731 1382 in
1745 1327 1840 1384 omni·

125 1401 214 1472 imus,
221 1418 289 1476 quae
300 1403 498 1476 perdivinam
511 1404 700 1464 elementiam
713 1407 752 1464 ab
761 1407 845 1466 initio
855 1425 952 1483 usque
1006 1411 1077 1480 hus,
1091 1412 1253 1469 hominum
1266 1417 1404 1470 nostrum
1416 1415 1520 1470 lesum
1532 1413 1693 1482 Christum,
1706 1413 1841 1488 quicum

1 1494 20 1518 '⁸
124 1492 224 1549 adhue
239 1492 366 1564 gloriosa
382 1493 446 1551 heri
470 1495 580 1569 saepius
604 1498 759 1554 sentimus.
776 1501 833 1555 Nee
852 1503 953 1556 mman
1006 1503 1090 1558 Patre
1115 1507 1144 1558 et
1159 1501 1269 1576 Spiritu
1284 1502 1477 1560 sanctovivit
1497 1507 1526 1561 et
1548 1506 1656 1576 regnat
1677 1503 1709 1560 in
1731 1503 1842 1562 seacula

1 1587 18 1622 ἐτ’
124 1581 198 1640 illud
218 1583 409 1641 reticebimus
434 1585 528 1658 quod,
544 1589 606 1644 tota
629 1591 734 1646 sancta
758 1587 809 1646 liei
824 1589 953 1646 Ecclesia
1007 1590 1198 1648 saeculorum.
1222 1593 1341 1667 Amen]

404 1839 580 1900 diuscule
603 1841 718 1902 DECEM
737 1843 761 1896 A
782 1845 810 1902 S.
832 1831 1051 1902 Gonenanno
1072 1843 1195 1912 FACTA,
1216 1843 1290 1900 bttll
1308 1841 1429 1902 ADHUC
1450 1843 1557 1901 ESSET

915 1953 1039 2010 ABBAS.

1 2131 18 2170 ι·
125 2125 146 2180 1.
158 2126 758 2199 Deqnodemfcirtcitonte,qoernsurrevit
767 2131 952 2188 inBeeario.
974 2131 1044 2187 Bta.
1061 2153 1075 2181 r
1092 2133 1124 2188 Et
1140 2129 1316 2188 aitsanctus
1330 2128 1547 2186 Godehardus:
1564 2152 1579 2180 e
1591 2133 1623 2187 ln
1636 2129 1760 2188 nomino
1770 2133 1840 2190 iesu

158 2217 201 2268 58.
221 2215 351 2270 loannes
366 2214 491 2288 quidam
510 2215 583 2271 civis
598 2217 780 2274 pataviensis
804 2219 894 2275 febris
906 2219 952 2276 in·
1007 2219 1122 2288 Christi,
1139 2218 1192 2292 qui
1217 2217 1355 2289 graviora
1373 2234 1431 2292 pro
1449 2217 1537 2275 nohis
1562 2218 1712 2286 sustinuit,
1728 2235 1839 2291 surge;

1 2315 15 2353 :
120 2301 283 2358 commodo
307 2303 473 2359 vexabatur
488 2303 647 2378 perlonga
662 2310 807 2382 tempora.
825 2308 954 2380 Contigit
1006 2314 1035 2366 et
1057 2309 1089 2365 in
1110 2309 1236 2366 lratrum
1265 2311 1384 2365 tuorum
1409 2307 1535 2378 collegio
1557 2307 1691 2381 psallens
1712 2307 1841 2366 benedic

121 2395 222 2446 autern
237 2395 270 2447 ut
291 2395 412 2449 sanetus
430 2393 516 2450 Pater
531 2394 727 2452 Godeharrlus
743 2396 844 2453 adhue
858 2397 954 2454 abbas
1006 2413 1086 2466 eum,
1103 2398 1156 2472 qui
1177 2402 1205 2455 te
1230 2413 1287 2454 suo
1302 2396 1450 2468 sauguine
1466 2395 1570 2466 abluit,
1585 2399 1614 2453 et
1626 2395 1762 2454 redemit.
1777 2419 1791 2448 »ι
1808 2399 1842 2456 Et

1 2500 2 2504 ¹
119 2479 151 2536 in
176 2495 233 2536 suo
258 2481 442 2538 monasterio
463 2481 579 2553 attach,
595 2499 651 2556 pro
670 2485 791 2557 negotio
815 2485 886 2543 dicti
908 2486 954 2542 sui
1006 2487 1145 2544 infirmus
1164 2485 1223 2544 ait:
1246 2485 1443 2556 «surgamin
1462 2484 1586 2542 nomine
1599 2487 1667 2542 lesu
1681 2485 1797 2558 Christi,
1811 2491 1842 2546 et

121 2568 296 2626 monasterii
322 2569 476 2626 Pataviam
500 2570 664 2639 adveniret,
685 2577 714 2628 et
735 2572 873 2630 infirmus
893 2573 952 2642 ille,
1006 2575 1058 2632 ibo
1082 2573 1123 2631 ad
1142 2579 1260 2648 patrem
1280 2588 1394 2640 meum,
1411 2571 1462 2646 qui
1482 2577 1511 2629 et
1534 2575 1619 2630 Pater
1640 2573 1758 2630 Domini
1779 2575 1839 2632 mei

120 2655 216 2730 ipsius
238 2656 358 2729 cognita
373 2657 540 2732 praesentia,
558 2657 679 2717 fratrem
704 2677 793 2718 suum
815 2661 896 2718 misit
914 2661 954 2718 ad
1006 2665 1075 2720 lesu
1095 2661 1211 2730 Christi,
1226 2660 1367 2718 etdieam
1390 2659 1436 2718 ei:
1459 2662 1525 2718 iarn
1548 2676 1612 2718 non
1638 2677 1706 2720 sum
1726 2661 1838 2734 dignus

1 2772 3 2781 ·
120 2761 202 2818 eum,
219 2761 341 2817 rogans,
353 2751 386 2803 ut
398 2746 500 2820 ipsum
515 2763 609 2805 eausa
623 2747 674 2805 bei
684 2749 805 2807 visitare
817 2751 956 2822 dignare·
1006 2751 1108 2809 vocari
1122 2751 1201 2809 tilius
1224 2755 1294 2808 tuus
1308 2750 1429 2820 (Merra.
1445 2767 1497 2823 xv,
1512 2751 1567 2819 llil,
1585 2749 1638 2807 sed
1656 2748 1703 2808 iae
1718 2765 1839 2808 mecum

1 2860 8 2899 ς
123 2839 190 2892 tur:
216 2836 300 2909 quod
320 2836 438 2893 etiecit.
457 2836 529 2893 Visis
544 2843 644 2896 autem
668 2839 763 2913 ipsius
786 2839 817 2896 in
840 2841 952 2915 quihus
1006 2839 1244 2898 misericordiam
1265 2838 1463 2914 tuam,quesi
1479 2855 1549 2896 cum
1571 2853 1656 2898 servo
1676 2843 1728 2896 tuo
1743 2839 1837 2912 (Psoi.

121 2923 266 2981 decubuit
295 2924 440 2994 febribus,
470 2925 626 3000 ingemuit,
656 2933 684 2985 et
708 2929 768 2986 ait:
794 2933 844 2988 «0
868 2934 954 3004 pater
1007 2948 1103 2999 cxvnr,
1122 2929 1260 3001 iti)‚sed
1275 2945 1293 2986 a
1307 2928 1356 2988 via
1379 2933 1432 2986 tua
1454 2928 1605 2999 deviante,
1621 2933 1649 2986 et
1670 2929 1711 2986 ad
1734 2933 1761 2986 ie
1784 2929 1840 2988 cle·

119 3013 229 3082 Adam,
245 3014 313 3088 quis
329 3018 355 3071 te
369 3017 431 3071 tam
448 3015 580 3073 celeriter
594 3019 765 3090 excecavit,
783 3023 815 3077 ut
828 3020 954 3078 manda·
1007 3025 1122 3078 menter
1135 3019 1253 3094 suscipe
1269 3022 1502 3077 revertentem.»
1527 3021 1560 3076 Et
1577 3018 1655 3076 inter
1668 3018 1731 3076 haee
1745 3019 1839 3078 verba

119 3103 158 3160 tis
180 3104 231 3160 bei
252 3103 392 3160 creatoris
414 3103 455 3162 tui
480 3105 654 3174 contraires,
671 3112 700 3165 et
722 3111 765 3165 tot
786 3109 875 3167 malis
897 3125 954 3166 nos
1007 3107 1144 3181 surrexit,
1158 3112 1188 3166 et
1202 3108 1241 3165 ad
1256 3107 1382 3165 chorum
1404 3107 1465 3174 ivit,
1481 3111 1510 3164 et
1529 3106 1671 3164 omnibus
1684 3105 1838 3164 admiran-

120 3209 227 3250 omnes
238 3197 361 3267 peccato
378 3199 428 3251 tue
441 3195 623 3268 subjiceres!
639 3201 711 3255 Ecce
722 3203 790 3273 post
801 3199 953 3274 hisemale
1007 3197 1098 3266 tibus,
1115 3214 1185 3254 eum
1210 3195 1379 3254 astantibus
1400 3195 1532 3254 laudans
1548 3198 1644 3253 Deum
1656 3199 1686 3253 et
1698 3199 1837 3264 cantans,

120 3281 326 3356 temporaliter
339 3283 388 3341 hic
398 3285 540 3358 patimur,
552 3287 610 3344 nisi
623 3289 768 3347 mandata
781 3291 846 3362 ejus
857 3307 955 3348 serva·
1006 3286 1169 3346 benedixit.

120 3373 263 3442 serimus,
279 3374 454 3432 internaliter
466 3375 528 3449 pati
544 3375 760 3448 lormidamns;
781 3386 809 3438 ct
828 3380 882 3437 erit
896 3381 953 3439 hoc
1043 3377 1088 3433 lli.
1108 3379 1152 3434 De
1166 3376 1298 3449 qrrudem
1308 3377 1476 3447 juvencula
1490 3391 1509 3432 e
1523 3374 1661 3432 molestie
1671 3373 1802 3444 [ebriare

121 3463 237 3520 malum
254 3463 415 3537 temporale
430 3465 547 3524 initium
563 3467 650 3524 nobis
666 3469 816 3528 malorum
828 3475 953 3528 oelerno·
973 3489 993 3546 c
1353 3466 1491 3524 liberata·

120 3569 199 3611 rum.
214 3577 228 3604 c
253 3553 314 3610 iioc
340 3559 441 3614 autem
465 3573 536 3613 cum
556 3557 689 3625 dixisset,
715 3560 866 3634 accipiens
884 3577 952 3634 scy-
1041 3561 1085 3613 60.
1101 3555 1265 3614 iuvencula
1274 3555 1416 3630 quaedam
1426 3554 1457 3611 in
1466 3553 1580 3628 oppido
1590 3552 1836 3622 teckendorff,in

120 3643 216 3715 phum
231 3643 407 3716 quemdam,
419 3648 448 3701 ei
460 3644 563 3702 vinum
579 3645 608 3702 in
624 3665 693 3704 eum
711 3649 849 3720 lundens,
865 3651 951 3722 signo
1006 3643 1151 3702 territorio
1162 3643 1553 3712 bavariensi,eumlebrium
1564 3641 1700 3702 molestia
1708 3641 1836 3700 nimium

121 3731 216 3788 crucis
232 3733 384 3804 signatum
398 3731 561 3803 benedixit,
573 3739 602 3792 et
615 3735 734 3794 tradidit
750 3739 812 3795 viro
827 3740 950 3797 deenm-
1005 3732 1839 3808 grova1·etur,astabanteiqumrlamhonestoeieminae,rc·

117 3821 211 3896 beati,
237 3823 357 3879 dicens:
384 3847 396 3872 r«
412 3824 491 3892 Bibe,
514 3827 613 3896 trater,
632 3825 660 3882 in
689 3827 810 3884 nornine
835 3829 951 3887 nomini
1004 3821 1837 3916 ferentesciqualiterprrcdietusinPataviameriiisbeatl

118 3911 211 3968 nostri
225 3915 294 3969 lesu
310 3912 424 3982 Christi,
440 3919 469 3971 et
482 3913 513 3970 in
528 3931 564 3971 eo
583 3917 788 3974 confortare.»
807 3921 862 3986 Qui
876 3918 951 3976 bibit
1005 3910 1174 3967 Godehffltli
1188 3915 1256 3984 posi
1270 3911 1414 3968 haustum
1424 3910 1483 3966 vini
1495 3924 1550 3982 pet·
1562 3924 1632 3964 eum
1644 3905 1804 4004 beneditus
1813 3919 1838 4002 ,ἃ

117 4001 274 4059 confidens
299 4002 330 4060 in
355 4003 404 4060 lici
417 4003 576 4062 clementia
590 4010 618 4063 et
633 4006 727 4063 sancti
747 4007 804 4064 viri
818 4007 929 4065 meritis
942 4026 948 4076 ;
988 3999 1133 4068 'febrium
1143 3999 1241 4070 rigori!
1252 3999 1348 4055 suerat
1360 3997 1511 4055 liberatus·
1525 3995 1640 4063 Quibus
1653 3993 1773 4062 ³⁰⁶¹th
1789 3991 1835 4048 dl·

117 4091 197 4149 illiee
218 4093 346 4150 surrexit
360 4093 401 4150 ab
414 4095 498 4150 omni
512 4094 604 4150 febris
621 4095 815 4153 incommodo
830 4096 950 4170 penitus
1004 4088 1047 4144 xil
1060 4087 1181 4143 infirma
1195 4086 1273 4161 palti
1287 4101 1361 4142 8110:
1377 4087 1426 4142 «0
1439 4086 1479 4142 mi
1495 4084 1601 4142 dilecte
1614 4086 1708 4157 paler,
1723 4096 1797 4152 rogo
1809 4085 1836 4140 ie

115 4182 272 4252 liberatus,
287 4188 316 4240 et
327 4183 379 4241 ivit
391 4183 431 4240 ad
446 4183 602 4242 ecclesiam
620 4184 719 4243 Sancti
735 4187 875 4261 Stephani
886 4186 950 4244 lau·
1003 4193 1058 4252 per
1071 4179 1175 4234 lesum
1196 4176 1345 4235 Chrislum
1369 4177 1401 4232 ut
1415 4173 1515 4232 millis
1530 4173 1570 4232 ad
1584 4176 1722 4231 sasseium
1736 4171 1836 4274 virum

117 4272 197 4329 dans
212 4275 316 4330 Deum,
1005 4265 1229 4336 tiodehardum,
1240 4264 1448 4340 petendoeum
1462 4268 1494 4321 ut
1505 4263 1666 4322 benedicet
1676 4279 1786 4338 parum
1795 4279 1837 4322 vr-

154 4381 187 4434 lt.
205 4379 248 4436 De
261 4380 389 4451 quodem
404 4381 560 4448 rnonoclro,
573 4397 657 4452 quem
670 4381 806 4451 precihus
819 4384 880 4439 seis
895 4399 913 4440 a
1003 4358 1034 4415 ¹¹5
1049 4357 1079 4414 1¹¹
1095 4355 1262 4430 ⁰¹¹Ph³²V⁰¹
1276 4354 1391 4456 ⁵⁰lfl'h0
1401 4371 1468 4424 ⁸¹¹⁰*
1479 4357 1508 4412 ⁰²
1520 4354 1618 4456 mittit
1629 4354 1669 4412 ad
1684 4369 1733 4454 ΨΘ
1747 4351 1834 4410 Μ

313 4451 398 4521 seire
412 4454 585 4510 ecolesimo
602 4454 751 4511 liberavit.
1003 4448 1075 4506 bam
1089 4463 1125 4503 ex
1139 4461 1186 4516 eo,
1197 4449 1227 4504 ut
1235 4445 1355 4504 allevier
1367 4459 1386 4502 a
1399 4444 1514 4504 fervore
1527 4444 1656 4503 iebrrum
1670 4443 1782 4518 quibus
1792 4458 1836 4498 rn-

154 4545 198 4598 39.
220 4540 267 4597 Vir
286 4545 407 4597 sanctus
430 4539 626 4598 Godeharrlns
642 4543 827 4600 monachum
841 4559 948 4617 quam·
1004 4540 1156 4595 cessauit?
1167 4534 1285 4607 afflissffl'
1295 4539 1385 4608 at⁴1⁰⁰
1395 4550 1475 4592 ¹³⁰?-
1489 4557 1503 4584 ”
1516 4537 1601 4591 Pater
1611 4536 1712 4589 amem
1723 4531 1771 4587 ὣς
1782 4545 1834 4589 ³¹¹·

3 4681 4 4686 ,
115 4630 192 4688 dnm
206 4631 244 4688 de
258 4630 441 4688 monasterio
463 4647 518 4688 suo
537 4632 640 4690 Altaclr
668 4633 707 4688 ad
732 4633 949 4692 monasterium
1002 4626 1081 4696 (iilis,
1095 4625 1176 4683 misit
1189 4628 1222 4682 ul
1236 4623 1339 4693 voluit,
1355 4629 1384 4680 el
1396 4623 1502 4680 vinum
1513 4620 1706 4678 benedictum
1719 4616 1834 4692 ὃθθθΡῙῑ

120 4719 317 4778 ilerveldense
341 4735 444 4778 seeum
465 4721 569 4790 duxit3
598 4723 650 4797 qui
673 4726 743 4796 post
771 4722 882 4781 ibidem
906 4723 948 4781 ie·
1002 4722 1140 4775 asancto
1154 4715 1343 4785 Godehardo,
1354 4714 1437 4789 quod
1446 4711 1609 4786 juvencula
1622 4708 1699 4766 bibit
1711 4707 1833 4766 infirma

114 4809 219 4866 hrium
230 4809 367 4866 molestia
381 4809 591 4868 decumbebat.
610 4815 691 4869 linae
716 4816 839 4868 sancius
865 4816 949 4871 Pater
967 4803 1034 4898 Diss
1054 4805 1176 4862 nomine
1200 4807 1270 4862 iesu
1293 4803 1409 4873 Christi,
1429 4807 1458 4859 et
1482 4799 1582 4858 subito
1604 4801 1712 4856 sanai&
1729 4799 1788 4864 ’θεὴ
1804 4800 1833 4854 tl

3 4885 4 4894 ¹
117 4898 330 4957 consolationis
363 4900 458 4970 gratia
488 4899 659 4974 frequenter
691 4901 828 4960 visitavit.
868 4905 947 4970 Ouo·
1003 4896 1130 4954 surrexit
1147 4895 1277 4952 laudans
1293 4897 1397 4960 Deum,
1412 4891 1465 4966 (1¹¹5
1487 4889 1599 4948 metifis
1620 4893 1716 4945 ⁵³11ssss
1738 4886 1832 4945 G0d0·

4 5041 5 5044 ,
117 4990 191 5047 dam
212 4994 313 5048 autem
338 4993 471 5064 tempore
493 4991 567 5047 dixit
587 4991 707 5048 infirmo
721 5011 727 5049 :
754 5015 768 5042 a
782 4995 880 5050 frater
894 4993 946 5062 mi,
1001 4984 1088 5042 hardi
1101 5001 1168 5042 eam
1181 4981 1341 5042 elementer
1355 4997 1374 5040 a
1387 4981 1418 5037 vi
1430 4979 1560 5038 lebrium
1573 4977 1719 5080 liberavit.
1775 5068 1780 5080 .

3 5069 5 5074 ’
116 5078 274 5154 quomodo
289 5079 405 5137 habes?
419 5103 433 5130 »
449 5082 483 5136 Et
497 5079 635 5137 infirmus
649 5081 703 5139 ait:
729 5105 742 5132 a
753 5085 837 5152 5000,
851 5086 946 5152 parer,
1001 5077 1045 5131 lv.
1066 5076 1108 5132 De
1122 5073 1273 5147 quondum
1287 5072 1425 5130 scholare
1438 5074 1545 5128 saneto
1561 5083 1580 5126 o
1594 5067 1686 5125 simili
1698 5067 1830 5139 schinum

3 5221 5 5230 ,
118 5167 246 5226 lebrium
269 5167 406 5225 molestia
428 5167 555 5226 nimium
584 5185 631 5224 me
658 5175 757 5237 vexat,
781 5172 821 5230 ita
849 5175 881 5229 ut
907 5172 947 5228 vi·
1345 5162 1490 5220 molestia-

3 5250 7 5326 J
118 5261 148 5314 ta
161 5255 249 5330 quasi
262 5257 345 5314 nulla
360 5256 472 5314 amodo
487 5256 525 5313 sit
538 5256 568 5312 in
582 5273 639 5312 nro.
649 5281 663 5306 s
679 5259 712 5314 Et
723 5258 765 5314 ait
778 5259 805 5315 ei
820 5258 864 5316 vir
877 5275 947 5318 san·
1037 5259 1081 5312 iit.
1103 5255 1211 5312 Servus
1226 5252 1277 5310 liei
1292 5251 1498 5318 Godehardus,
1513 5249 1587 5323 quia
1604 5251 1669 5306 erat
1682 5262 1719 5336 ex
1740 5246 1830 5306 corde

3 5341 4 5346 ’
117 5349 201 5404 etus:
227 5345 398 5403 «hominus
420 5349 521 5402 noster
548 5347 633 5402 iesus
664 5345 798 5403 Christus
830 5349 948 5420 majora
1000 5344 1179 5413 misericors,
1195 5347 1223 5401 et
1238 5357 1329 5416 super
1340 5340 1467 5400 afflictos
1485 5339 1538 5412 pia
1551 5335 1691 5409 gestabat
1701 5337 1828 5406 viscera,

3 5419 5 5442 ³
115 5451 173 5510 pro
197 5435 285 5494 nobis
301 5449 412 5508 passus
426 5437 480 5504 esi,
495 5449 587 5508 quarn
603 5434 668 5490 hare
684 5433 813 5492 lelnium
826 5440 946 5494 tuarum
1000 5433 1188 5491 intirmorum
1201 5432 1261 5490 sive
1272 5428 1528 5498 decumbentium,
1536 5427 1583 5484 vel
1592 5441 1699 5501 perse,
1710 5429 1762 5483 aut
1775 5441 1829 5501 per

3 5555 5 5590 ;
115 5528 246 5599 pessimi
263 5539 330 5580 esse
352 5523 557 5580 incommoda.
570 5547 584 5573 »ι
611 5523 663 5578 Cui
682 5521 869 5580 ileeumhens
886 5524 945 5580 ait:
1002 5522 1077 5580 alios
1107 5537 1226 5594 semper
1249 5518 1378 5578 visitavit
1401 5515 1562 5574 domicilia.
1578 5518 1705 5586 Conhgrt
1727 5520 1828 5574 autem

4 5637 7 5656 ι
116 5637 130 5664 «
144 5611 222 5682 Scio,
246 5615 331 5670 Pater
354 5611 408 5684 mi,
425 5610 488 5668 scio
510 5609 594 5684 quod
615 5611 709 5668 multo
733 5609 871 5682 graviora
891 5627 947 5685 pro
1000 5611 1135 5686 quodam
1150 5615 1295 5686 tempore,
1306 5623 1374 5666 cum
1389 5606 1489 5664 adhuc
1499 5605 1532 5664 in
1545 5604 1668 5664 abbatia
1676 5603 1828 5664 altahensi

4 5767 6 5780 ,
116 5701 205 5762 nobis
220 5718 330 5780 passus
345 5707 391 5760 est
402 5701 442 5760 ad
455 5701 558 5760 mortis
571 5700 803 5760 amaritudinem
815 5705 945 5760 terraen-
1000 5701 1182 5776 praesideret,
1194 5698 1359 5775 quemdem
1374 5695 1541 5756 scholarem
1555 5694 1716 5770 cujusdam
1727 5693 1826 5754 viduas
