3996 6178
103 155 174 212 tm
865 145 1054 208 EPIMLAE.
1749 159 1818 216 md

100 277 281 352 quamdam,
296 295 364 352 ques
376 278 458 336 bona
470 293 524 351 epe
546 275 670 335 easdem
684 275 825 350 reliquias
846 274 886 332 cd
901 290 932 331 se
950 277 974 334 Α
1024 277 1068 332 ec.
1081 273 1132 334 Vir
1143 275 1234 334 etiem
1247 273 1374 350 quidam
1386 287 1526 346 magnus,
1541 277 1630 336 nobb
1644 279 1733 340 valde
1744 295 1819 342 ecn-

101 369 211 430 deterri
226 369 319 442 petiit,
332 371 410 428 neus
422 385 442 428 a
452 366 565 442 duplici
591 367 712 436 morbo,
724 364 893 440 hydropiae
907 369 937 422 et
988 363 1096 420 nanus
1108 365 1246 434 exieune,
1268 377 1339 422 eum
1351 361 1500 438 populum
1514 378 1533 421 c
1545 365 1634 422 nobts
1646 375 1819 442 enecarent

101 457 280 530 podagrico,
294 473 356 530 quo
385 455 437 517 diu
446 455 644 528 laboraverat,
672 454 810 526 ciusdem
825 452 938 510 meritis
989 451 1142 522 nemttum
1157 457 1295 511 nostrum
1319 451 1504 510 omnimodis
1517 451 1664 526 impedire
1678 461 1820 532 studeret,

100 549 240 624 potemm
253 549 345 620 atqm
357 544 510 607 audenter
532 544 679 608 bbererit.
696 547 840 608 Praeterea
854 541 937 602 accis
990 539 1031 597 ite
1043 555 1098 614 per
1109 541 1295 602 lndetionem
1309 543 1438 616 gutturis
1452 545 1482 599 et
1491 541 1581 600 tcttus
1594 543 1698 616 cepitis
1709 550 1821 620 pericli-

100 633 266 691 multcrum
281 633 440 707 applicatis
453 633 493 696 ad
508 634 634 696 easdem
647 631 938 708 reliquias,etcppc-
990 629 1046 686 tari
1060 631 1160 704 coeptt,
1175 636 1207 688 ut
1228 633 1294 704 jem
1308 647 1386 706 pane
1399 629 1527 691 deficere
1549 631 1710 703 ddecetcr,
1726 634 1822 694 donee

103 724 166 782 sitis
190 723 230 781 ad
255 723 393 782 membra
417 723 619 796 intirmorum,
648 727 710 782 mm
746 721 937 782 wentanum
990 719 1021 776 in
1037 735 1068 776 ee
1082 717 1572 797 rediensetccrdcpcenitene,per
1585 720 1824 795 suffragiebeeti

103 828 198 890 quam
210 811 413 870 claustralium
440 813 471 868 in
485 812 648 870 continenti
663 812 823 869 sanitatem
851 827 934 868 rece·
991 807 1160 866 chehardi
1173 809 1214 866 ab
1226 807 1320 884 ipslue
1333 811 1439 869 mortis
1453 811 1592 872 faucibus
1605 811 1761 886 dberetue,
1775 827 1823 870 er-

104 901 184 980 pisse
196 905 381 972 noscuntur;
402 900 536 958 videlicet
550 900 661 958 infirmi
676 901 849 960 laborantes
864 916 939 978 quo·
990 911 1090 956 rorem
1106 913 1193 956 scum
1209 900 1368 958 devotione
1380 906 1409 959 et
1418 901 1583 961 humilitate
1595 903 1731 964 ccrmrit.

102 989 227 1057 tidiana,
240 989 486 1064 tertiana,dolcre
501 987 938 1068 capitis,cculcrum,dentium
1027 992 1070 1046 tte.
1102 988 1246 1055 Quadam
1273 989 1465 1048 muliercum
1491 993 1627 1062 geminos
1654 995 1821 1068 generaret,

103 1081 133 1135 et
144 1083 319 1140 caletorum
333 1078 552 1135 membrorum.
990 1093 1052 1136 unc
1067 1077 1166 1136 soluta
1180 1082 1249 1136 ente
1264 1083 1401 1136 nostrum
1414 1077 1588 1151 adrentum,
1603 1082 1698 1141 tribus
1713 1084 1822 1143 diebus

140 1171 184 1223 54.
206 1169 279 1224 Cum
295 1167 417 1224 faemina
439 1168 582 1242 quaedam
605 1168 681 1225 inter
695 1168 834 1226 concives
855 1183 936 1239 suos,
991 1183 1061 1225 eum
1076 1167 1170 1226 altem
1182 1167 1344 1242 periclitari
1359 1169 1468 1242 eoepit;
1491 1169 1545 1226 sed
1558 1171 1646 1228 noble
1660 1173 1823 1232 advenien-

104 1257 246 1315 dantibns
259 1258 348 1316 nobis
376 1259 649 1316 confraternitatem
676 1273 760 1317 more
775 1259 872 1328 solite,
898 1258 937 1316 ab
990 1257 1081 1328 tibus,
1098 1261 1210 1315 attactu
1223 1273 1307 1315 zcnae
1338 1258 1595 1333 sanctlsreliqulle
1609 1262 1763 1334 appositae,
1791 1261 1823 1318 in

104 1348 171 1420 ipse
183 1363 213 1402 se
229 1347 409 1417 absenterct,
424 1347 538 1404 monita
560 1363 613 1421 per
627 1347 728 1404 risum
743 1363 761 1406 a
774 1348 866 1405 beato
881 1349 939 1404 Gc·
991 1346 1155 1404 continenti
1169 1346 1258 1404 enixa
1268 1346 1467 1420 dignoscitur.

105 1436 240 1493 deherdo
253 1452 308 1492 cur
322 1452 354 1491 se
366 1440 449 1493 tanto
462 1435 609 1493 beneflcio
623 1437 732 1510 privari
746 1436 842 1506 vellet,
852 1440 881 1493 et
895 1451 939 1494 re-
1028 1440 1072 1492 57.
1097 1437 1242 1494 preterea
1265 1451 1336 1492 cum
1355 1435 1454 1508 major
1482 1435 1607 1494 ecclesis
1631 1437 1825 1509 rajocensis

105 1523 259 1598 spondens
270 1523 354 1598 quod
366 1525 440 1581 nihil
454 1523 643 1582 offerendum
662 1525 796 1595 heberet,
812 1524 937 1596 audivit,
992 1523 1190 1598 suspensione
1204 1525 1377 1584 divinornm
1404 1523 1497 1598 longo
1520 1529 1656 1600 tempore
1667 1525 1757 1586 nimie
1768 1531 1827 1583 uir·

107 1617 138 1670 ut
152 1629 241 1670 mane
252 1613 540 1688 surgens,qutdquid
554 1617 636 1688 apud
649 1631 681 1672 se
694 1615 839 1673 inveniret
853 1613 940 1672 offer·
957 1612 1121 1695 „benum
1149 1620 1275 1688 propter
1287 1614 1452 1673 adrentum
1464 1613 1659 1689 reliqnicnrm
1678 1615 1757 1673 besti
1771 1615 1826 1673 tic·

105 1707 167 1758 ret:
184 1702 287 1776 sieque
300 1702 332 1758 in
346 1702 439 1759 bursa
453 1701 531 1760 diros
546 1703 692 1774 gravioris
704 1709 832 1762 monete
847 1719 936 1761 num·
992 1701 1128 1772 debardi,
1155 1701 1258 1760 divim
1285 1705 1447 1776 resumpsit
1460 1702 1547 1776 (tot),
1579 1706 1609 1761 et
1633 1701 1686 1761 toti
1712 1703 1828 1778 pcpulc

105 1789 339 1934 mffielnveqriens
352 1791 468 1860 obtulit,
497 1791 618 1849 etldem
633 1793 745 1851 factum
768 1807 869 1850 coram
883 1807 938 1867 po·
992 1791 1099 1862 ingens
1126 1791 1273 1864 gaudium
1301 1791 1403 1849 tribuit
1416 1792 1447 1849 in
1467 1792 1665 1865 dedicatione,
1690 1791 1829 1850 videlicet

106 1894 128 1952 p
160 1893 180 1934 o
193 1893 331 1952 process
348 1881 404 1938 eet.

374 2190 635 2368 slceu
677 2243 1121 2378 acuculam
1166 2245 1556 2374 celerose.

642 2515 781 2586 (Marma,
796 2515 935 2574 duchat.
951 2530 1022 2574 nos.
1038 2515 1108 2573 edit.
1124 2528 1196 2590 pag.
1208 2517 1285 2584 lit).

371 2801 539 2859 thsTOLA
558 2804 675 2862 ruins.
956 2793 1062 2867 ltculo
1072 2805 1284 2882 liquidissimo,
1311 2807 1501 2866 Gerentnncs
1517 2811 1578 2867 lieo
1593 2807 1710 2886 sibique
1725 2825 1831 2870 mona.

108 2903 252 2940 senensem
282 2903 387 2940 anseris
413 2905 596 2942 nemausensis
627 2908 658 2943 an
690 2907 937 2946 muselenensium.
992 2897 1084 2954 chum
1099 2897 1259 2968 mentiens,
1275 2895 1354 2972 proh
1368 2896 1487 2970 pudor!
1505 2897 1703 2956 Dominictlm.

109 2969 239 3027 mntem
249 2971 395 3041 quomedo
418 2973 716 3043 arepernsecnstecs
729 2982 870 3047 exceptus
889 2979 939 3044 sit,

144 3047 286 3114 optmua
295 3047 328 3097 at
341 3047 447 3100 eruce
453 3058 577 3113 weecm
588 3048 756 3106 amanio
765 3047 846 3106 iuter
860 3055 941 3105 utre

231 3131 282 3188 ee't.

144 3145 335 3262 &mammos
361 3201 468 3271 abbas,
487 3205 630 3278 quemvis
642 3205 800 3278 magna,
826 3210 868 3265 w.
886 3225 941 3266 aa·

108 3289 210 3364 risque
249 3289 403 3360 bembus
441 3291 591 3366 quidquid
632 3294 748 3354 ditsccs
789 3296 868 3366 filiis,
910 3297 941 3356 ic

109 3378 236 3439 Christo.

146 3471 328 3543 Quanqram
339 3474 448 3530 nosue
462 3469 629 3542 bagilitatis
643 3472 742 3544 tegern
755 3473 880 3532 interius
894 3491 943 3534 ex·

109 3558 262 3633 seriusque
275 3558 566 3630 laborandanttturc
578 3567 713 3633 cogente,
728 3565 832 3622 meritc
848 3564 942 3640 patie-

110 3663 198 3718 mur;
212 3652 314 3708 umen
324 3647 356 3708 in
369 3648 428 3706 bec
440 3648 555 3721 itinere,
569 3651 653 3724 quod
663 3652 753 3724 jussu
763 3652 879 3715 domiui
891 3670 944 3712 nc·

112 3735 163 3794 etri
188 3734 275 3796 ducis
294 3736 556 3809 aggrediebamur,
586 3739 686 3798 adbuc
700 3757 758 3798 nos
771 3743 943 3816 prosperari

110 3824 218 3884 veseis
228 3825 416 3886 orationibus
430 3828 626 3899 gratulamur.
644 3831 893 3892 Nauboncritics
907 3832 944 3891 si·

112 3913 236 3988 mulque
248 3915 419 3976 cbantatise
433 3918 581 3979 acuneds
593 3917 734 3980 fratribus
747 3920 879 3993 suscepti
893 3937 944 3978 eu-

112 4020 192 4070 nius,
207 4009 236 4064 et
263 4004 368 4064 devote
382 4005 498 4066 faciunt
509 4023 699 4082 quacunque
711 4008 756 4068 eis
772 4009 945 4082 regulariter

112 4093 317 4170 precipimus.
342 4097 468 4171 insuper
479 4098 571 4158 stiam
584 4115 744 4172 precamur
761 4105 794 4159 ut
809 4100 945 4161 fraum-

113 4185 167 4246 teti
180 4190 348 4259 saeuaque
370 4187 499 4248 orationi
512 4189 655 4263 deinceps
676 4191 894 4260 consociemur,
917 4195 946 4249 et
964 4167 987 4222 ὓ
1002 4141 1198 4248 mimium&
1228 4159 1246 4201 ⁸

113 4291 177 4336 una
197 4291 319 4338 mecum
342 4277 559 4340 commendant
584 4278 670 4338 cobis
692 4279 797 4338 fratres
819 4285 958 4368 nostros,¹

113 4381 194 4440 quos
207 4365 278 4424 huic
289 4365 438 4437 uiuimus,
453 4371 487 4426 ut
509 4368 551 4428 cis
566 4383 690 4428 canuam
704 4369 879 4430 charitatem
895 4371 951 4430 bu·

113 4455 351 4542 manitatamque
365 4456 542 4526 ulmeam,
553 4461 587 4519 ut
597 4457 852 4533 pracipbbcatus
868 4462 951 4520 Pater

114 4549 217 4605 noem
231 4545 416 4606 mnedcus.
437 4547 535 4608 attens
558 4547 648 4608 uobis
662 4548 775 4610 librum
798 4549 909 4610 Horaffi
922 4553 951 4610 ct

115 4635 258 4709 epistolae
271 4635 366 4696 Tullii.

426 4711 594 4770 artsrott
614 4714 646 4768 11.
699 4749 704 4759 .

142 4813 258 4856 mesces
274 4811 430 4859 ccumarcr
445 4815 481 4858 sc
496 4815 660 4858 rmccuccu
675 4801 750 4874 (lot)
764 4815 927 4860 scissorum

115 4885 187 4942 Noc
203 4885 368 4958 cupiditate
379 4903 433 4948 nee
449 4887 674 4962 ambitionesed
687 4889 855 4948 obedientie
867 4894 952 4962 pric-

155 4957 217 5042 cipi
225 4930 401 5028 pressanda
411 4973 441 5017 se
455 4959 496 5016 cd
509 4961 684 5018 monosterii
710 4961 893 5034 regenensis
905 4977 951 5020 re-

154 5043 252 5100 gmen
271 5031 435 5087 cesareae.

156 5119 274 5176 [temno
287 5117 670 5192 feromiapontfdcnliem
685 5123 875 5181 secerdotum
888 5137 953 5197 spe·

156 5261 232 5334 (tot)
246 5260 309 5319 ilco
319 5260 500 5319 miraculum
515 5261 556 5319 ad
568 5261 669 5318 sacculi
684 5278 724 5319 xv
740 5263 857 5324 initium
872 5281 955 5323 revo-

120 5331 254 5388 candum
269 5348 336 5389 esse
350 5333 542 5406 videturque
557 5332 655 5390 abbas
670 5333 776 5390 rnsulae
790 5335 886 5394 beatae¹
899 5339 956 5394 fla·

119 5403 184 5472 ries,
200 5407 273 5461 teste
289 5403 380 5474 lleda,
389 5403 590 5484 trajectenses
605 5404 733 5461 Romani
743 5407 893 5477 pontilicis
905 5423 957 5464 au·

121 5473 540 5544 ctoritateexccmmumeavit‚
566 5472 796 5534 uiSuederume
818 5477 957 5552 iscopum

140 5546 338 5630 ejecerantld
347 5547 388 5605 ad
395 5561 509 5630 annum
520 5492 594 5630 ‚izit
603 5492 851 5632 perduravit.d)uc
866 5564 959 5619 anno,

144 5621 233 5689 gente
246 5616 368 5678 Nreclee
381 5617 527 5678 eudrndr
542 5617 837 5692 eusenqwelrenus
851 5618 962 5678 liudol-

1030 2985 1220 3048 Scintillantis
1232 2989 1510 3059 calami,aestuentis
1521 2991 1832 3067 animi,rituperabilis

992 3076 1159 3134 infectionis
1175 3077 1205 3134 in
1219 3093 1275 3134 nos
1303 3078 1478 3150 excogitate
1495 3079 1617 3138 ulterior
1638 3080 1749 3138 modus
1765 3098 1829 3139 cer-

993 3166 1073 3223 nitur
1087 3181 1152 3222 esse
1166 3182 1260 3240 quam
1289 3165 1497 3224 admirandus.
1525 3168 1575 3226 Sin
1589 3169 1680 3225 unius
1701 3173 1765 3225 tam
1778 3185 1830 3225 ne-

994 3254 1077 3312 farios
1092 3253 1307 3312 criminationis
1332 3270 1426 3312 causa
1440 3270 1490 3313 me
1516 3270 1654 3330 unquam
1672 3257 1832 3329 reprehen-

994 3343 1078 3402 deret
1089 3344 1210 3420 propria
1226 3343 1420 3416 conscientia,
1452 3360 1549 3422 quam
1564 3344 1735 3402 verecundo
1748 3345 1834 3402 vultu

994 3448 1149 3507 quamque
1163 3433 1323 3507 poenitenti
1338 3433 1442 3491 animo
1455 3449 1524 3492 mea
1551 3437 1658 3510 sponte
1672 3431 1834 3492 voluissem

995 3537 1044 3580 mc
1062 3527 1250 3596 sequestrare
1278 3538 1296 3580 a
1327 3522 1418 3581 totius
1447 3521 1675 3582 Christianitatis
1702 3538 1836 3580 commu·

995 3609 1086 3668 nicne
1100 3610 1106 3665 t
1120 3609 1239 3668 absita
1253 3625 1301 3668 me
1328 3609 1480 3686 deceptrix
1504 3611 1667 3688 cupiditas,
1683 3615 1718 3670 ut
1731 3611 1836 3670 aliems

996 3703 1058 3760 tam
1070 3700 1161 3774 impie
1174 3699 1283 3760 vellem
1297 3698 1425 3770 inhiare,
1447 3712 1628 3777 quanquam
1654 3701 1718 3760 sine
1731 3701 1836 3760 restris

995 3788 1187 3847 nullomodo
1203 3789 1303 3848 rivere
1329 3806 1462 3864 possem.
1476 3792 1611 3860 Veneria,
1636 3791 1774 3865 quinimo
1788 3809 1838 3848 cu.

996 3879 1147 3952 pidinaria
1159 3878 1345 3945 fascinatrix,
1358 3879 1399 3936 ita
1414 3879 1536 3952 penitus
1551 3877 1605 3936 fiat
1618 3879 1649 3934 in
1663 3894 1712 3935 me
1727 3879 1837 3952 sopita,

997 3971 1031 4025 ut
1044 3967 1164 4025 alterim
1175 3967 1291 4042 copulae
1301 3968 1440 4040 junctam
1454 3966 1500 4023 vel
1511 3966 1739 4040 concupiscibili
1749 3966 1839 4025 oculo

997 4055 1146 4113 invidiose
1188 4053 1336 4130 inspicere
1377 4067 1572 4130 prasumam.
1615 4057 1728 4112 Nostrae
1771 4071 1841 4130 pos-

1005 4249 1105 4290 ennus
1131 4247 1224 4303 enge:
1255 4231 1384 4290 sednon
1411 4234 1528 4290 tantum
1541 4235 1646 4308 postea
1659 4233 1843 4308 profecimus

1005 4327 1039 4383 ut
1051 4321 1224 4392 debuimus,
1241 4321 1316 4398 quia
1330 4323 1375 4396 (ut
1398 4321 1496 4380 verius
1511 4323 1611 4394 scitur)
1623 4339 1722 4400 neque
1735 4339 1843 4383 omnes

1005 4411 1163 4472 Christiani
1192 4411 1352 4470 christiani
1376 4415 1456 4484 sunt,
1479 4427 1578 4488 neque
1599 4427 1705 4470 omnes
1718 4412 1774 4469 viri
1787 4411 1843 4474 viri

1005 4505 1086 4576 eunt,
1113 4515 1169 4560 nec
1198 4515 1305 4558 omnes
1329 4501 1473 4560 monachi
1498 4501 1640 4560 monachi
1657 4504 1746 4567 sunt;
1764 4499 1843 4556 Chri.

1005 4589 1095 4650 atiani
1117 4596 1221 4649 nmen
1244 4590 1293 4647 isti
1309 4593 1424 4648 suntet
1439 4589 1600 4647 monachi:
1626 4587 1680 4643 sed
1695 4587 1760 4643 haec
1775 4601 1845 4644 con.

1004 4679 1116 4737 versim
1131 4679 1284 4748 volumus,
1303 4679 1356 4736 sed
1371 4693 1432 4735 non
1447 4692 1628 4752 possumus;
1642 4673 1775 4745 nitimur,
1791 4675 1845 4733 sed

1004 4769 1204 4828 infirmamur.
1235 4767 1289 4836 Qui
1313 4767 1415 4840 aliqua
1440 4763 1670 4822 Christianitatis
1698 4763 1845 4822 tinctione

1004 4859 1052 4918 vel
1075 4858 1250 4932 aspersione
1265 4861 1309 4914 est
1324 4855 1495 4926 insignitus,
1520 4854 1544 4910 si
1559 4853 1703 4912 catholice
1723 4863 1847 4912 excusa·

1006 4951 1054 5004 tur
1066 4949 1155 5004 tanta
1180 4941 1409 5018 perniciositatis
1432 4941 1545 5014 flagitia
1567 4956 1629 4999 non
1645 4940 1845 4999 committere’

1006 5035 1132 5110 qnando
1141 5031 1306 5106 qualiterve
1320 5031 1471 5100 laudatun
1481 5031 1584 5106 quitct
1599 5029 1676 5088 vitiis
1691 5030 1846 5088 obnoxius

1007 5137 1075 5180 esse
1089 5119 1289 5178 criminatori
1305 5117 1388 5194 qnod
1401 5135 1450 5177 me
1467 5117 1574 5176 furtive
1588 5117 1620 5176 in
1634 5117 1710 5177 ovila
1725 5117 1848 5176 Domini

1009 5265 1040 5320 fc
1075 5265 1123 5319 ost
1138 5263 1307 5322 Suederum
1322 5261 1416 5320 electo
1430 5261 1528 5320 cessit.

1060 5338 1122 5398 ¹02)
1136 5333 1163 5390 ls
1178 5338 1223 5390 est
1238 5333 1479 5391 Goteschelcuse
1502 5333 1626 5407 isccpus
1638 5332 1849 5416 =frisingensis,

1010 5409 1041 5464 et
1052 5421 1084 5462 rc
1094 5405 1231 5477 catalogo
1242 5405 1456 5534 ffiiscopcrum
1486 5404 1701 5476 risingenstum
1710 5405 1848 5462 occurrit

1013 5476 1247 5537 Gctscctcbesti

1279 5481 1380 5535 omate
1390 5474 1554 5534 theodisco
1564 5489 1666 5534 secus
1679 5475 1743 5546 Dei,
1752 5477 1851 5534 Groece

1015 5542 1185 5612 ostricolor.

1247 4143 1345 4217 bsque
1369 4143 1437 4202 mcc
1465 4143 1664 4202 simulationis
1692 4145 1842 4204 renuntia·
1915 4191 1927 4206 .
