4044 6184
151 167 199 220 153
433 177 435 180 '
676 169 741 226 un.
758 169 810 225 DE
836 164 1022 224 utnnuutts
1052 166 1201 224 SANCTAE
1228 171 1326 228 FlDlS.
1801 178 1852 232 tel

139 290 204 360 iter,
219 287 321 346 diviua
340 288 448 362 pietate
464 289 617 348 muliebris
642 291 820 350 fecundatur
840 295 942 348 venter
958 307 964 357 ;
985 291 1160 348 anostrum
1175 293 1317 352 relatores
1330 310 1464 369 persaepe
1475 294 1658 365 exstiterunt,
1672 311 1852 370 quorumre·

142 377 285 452 sicquein
298 381 419 452 partum
440 379 600 452 resolutus,
625 381 794 440 masculam
825 381 855 438 in
869 380 967 438 lucem
1021 377 1184 438 rationibus
1209 387 1241 438 ut
1254 383 1361 440 divinis
1376 385 1505 442 oraculis
1520 384 1680 442 oredimus.
1697 390 1738 442 tn
1752 389 1850 445 Petra-

140 467 383 541 eliuditprolem.
400 469 455 536 Oui
473 469 554 526 tilius
569 470 710 544 tristare,
740 478 773 529 ut
794 471 968 546 putabatur,
1022 469 1130 538 goricis
1151 472 1288 545 partibus
1311 479 1443 533 castrum
1471 475 1702 546 Montagrerium
1717 477 1852 550 perhibe-

138 556 233 616 lustra
247 571 365 628 gerens,
384 557 486 618 invida
499 565 595 617 morte
610 561 799 637 anticipatur,
825 564 914 634 atque
929 559 968 618 ad
1020 557 1104 629 baut,
1119 559 1172 616 ubi
1184 577 1276 633 eques
1291 563 1428 636 quidam,
1444 564 1567 620 nomine
1582 563 1851 628 Helias‚nobilitate

138 649 307 704 extremum
317 645 384 704 vire
410 649 607 707 moerenuhus
630 650 805 725 parentibus
827 649 966 718 sartitur;
1020 645 1136 718 pollens
1155 648 1294 719 degebat,
1310 650 1442 725 quisine
1459 649 1600 708 sobolum
1616 651 1713 722 gratia
1739 667 1851 708 connu-

137 734 190 808 qui
203 739 237 792 ut
251 734 384 794 defuncti
395 736 458 794 nati
473 739 585 796 exitum
600 739 749 810 viderunt,
770 743 907 798 sanctam
924 737 967 796 ri·
1020 734 1164 793 1)ίαίΠίῒᾶ
1179 741 1269 811 alque
1285 739 1404 811 inarata
1425 739 1565 797 ducebal·
1592 740 1647 807 Qui
1673 741 1797 797 tandem
1812 740 1851 796 ad

137 823 209 880 dem
222 823 313 881 variis
335 829 426 899 atque
453 827 620 886 innumeris
648 829 777 902 querelis
806 829 966 898 lacessunt,
1021 829 1131 881 sancte
1146 828 1288 900 martyris
1303 844 1469 902 properans
1484 827 1599 900 limina,
1629 833 1731 903 optata
1746 829 1851 900 conju-

135 929 266 987 eamque
280 913 337 970 sibi
353 913 499 973 amissum
512 916 624 990 pignus
640 917 765 976 reddere
788 917 966 993 deposcunt:
1022 912 1097 982 galis
1114 915 1189 970 uteri
1202 916 1313 974 meruit
1327 917 1459 990 recipere
1484 917 1611 974 semina.
1633 919 1667 974 Et
1681 917 1760 974 banc
1773 917 1851 989 (pro

136 1024 151 1051 ιι
164 1001 255 1072 Quid,
271 1002 409 1076 inquam,
424 1002 503 1060 illius
516 1005 608 1075 dono,
624 1023 643 1063 o
658 1011 761 1064 sancta
784 1011 813 1064 et
838 1005 968 1078 gloriosa
1020 1000 1090 1074 lem)
1105 1001 1177 1059 bino
1187 1019 1312 1060 munere
1325 1005 1448 1078 contigit
1463 1006 1616 1064 accidisse.
1638 1007 1719 1072 Quos
1741 1021 1851 1078 pueros

135 1090 275 1159 murina,
292 1107 348 1148 nos
362 1092 528 1150 exhilarare
546 1094 678 1169 voluisti,
693 1111 770 1170 quos
783 1095 822 1152 de
834 1096 899 1166 ejus
909 1095 968 1152 im·
1022 1079 1104 1178 tituto
1120 1092 1230 1150 amoris
1255 1093 1409 1166 privilegio
1437 1094 1592 1166 diligebat,
1621 1099 1654 1151 ut
1678 1094 1768 1152 etiam
1789 1109 1851 1151 nou

131 1183 257 1237 matura
272 1184 353 1237 sorta
366 1181 548 1255 {praescieras
574 1183 739 1242 maestiores
761 1184 846 1242 fieri!
872 1187 968 1241 Tuum
1022 1190 1093 1237 suos
1107 1181 1159 1238 sed
1172 1186 1282 1239 sanctie
1298 1182 1375 1240 Fidis
1385 1183 1462 1242 filios
1485 1185 1667 1259 appellabat.
1686 1188 1719 1240 Et
1736 1189 1768 1241 nt
1781 1183 1851 1240 inde

14 1307 16 1310 -
131 1267 189 1326 fuit
200 1269 286 1342 quod
298 1285 368 1326 cum
379 1270 445 1342 jam
459 1270 610 1346 desperati
637 1273 811 1346 habuimus,
826 1289 882 1347 pro
902 1275 968 1346 ejus
1022 1271 1261 1345 experimentum
1276 1271 1370 1342 daret,
1384 1290 1487 1330 coram
1506 1275 1673 1331 astantibus
1695 1277 1723 1330 ei
1737 1274 1850 1330 instan-

130 1356 357 1431 impetratione,
373 1362 425 1416 tua
438 1359 658 1419 sanctatimina
672 1362 881 1436 expetivimus,
899 1367 967 1420 ante
1023 1363 1066 1416 ter
1081 1359 1323 1433 prohibentibus,
1337 1361 1438 1419 media
1465 1361 1495 1418 in
1521 1363 1586 1434 ejus
1613 1362 1705 1436 phala
1724 1376 1851 1418 accenso

131 1451 185 1506 hia
198 1452 399 1507 monumenta
411 1449 587 1524 corporibus
594 1452 680 1510 humi
694 1453 847 1526 prostrati,
857 1454 887 1510 in
899 1455 965 1525 ejns
1021 1465 1107 1522 rogo,
1119 1450 1211 1506 nudis
1224 1451 1361 1508 cruribus
1376 1467 1411 1508 ac
1422 1451 1550 1526 pedibus
1561 1468 1615 1525 per
1637 1452 1754 1508 medios
1766 1451 1851 1508 flam·

129 1537 278 1611 petitione
293 1537 430 1596 exaudiri
444 1539 618 1610 meruimus,
640 1545 837 1616 optatumque
852 1543 963 1600 diutius
1022 1555 1142 1596 marum
1153 1537 1260 1610 globos
1275 1541 1402 1597 hansire
1411 1541 1563 1598 faciebat:
1593 1541 1676 1614 quod
1696 1545 1725 1597 et
1751 1540 1851 1612 (mira-

128 1631 241 1684 votum
255 1631 361 1701 perte,
375 1644 394 1684 o
408 1627 497 1686 beata
516 1633 622 1700 mater,
637 1631 738 1706 adepti
757 1648 874 1690 sumus.
887 1633 964 1700 Quid
984 1645 1003 1698 g
1020 1628 1080 1684 hile
1095 1627 1164 1684 visu
1182 1628 1201 1693 t)
1215 1629 1300 1702 pueri
1311 1629 1374 1685 sine
1387 1630 1489 1704 aliqua
1498 1629 1628 1687 incendii
1642 1629 1763 1688 laesione
1778 1629 1851 1686 cita-

127 1715 288 1790 promito
302 1715 392 1774 beata
405 1721 434 1774 et
448 1717 577 1789 gloriosa
602 1724 707 1790 mater,
724 1721 813 1778 nobis
837 1723 966 1795 quaesita
1022 1720 1052 1773 to
1068 1716 1144 1772 saltu
1156 1715 1281 1790 implere
1297 1718 1487 1775 festinabant.
1513 1721 1627 1776 Interea
1651 1735 1723 1776 vero
1750 1723 1851 1776 mente

128 1805 324 1876 nancisci-si
338 1806 553 1865 detrimentum
577 1808 747 1866 amissionis
779 1826 860 1867 nuuc
884 1811 966 1881 cogi·
1022 1807 1098 1864 sedit
1113 1812 1145 1864 ut
1159 1807 1282 1864 eosdem
1291 1823 1402 1881 pueros
1424 1808 1546 1866 deberet
1565 1809 1715 1866 adducere
1739 1813 1850 1865 sanctae

129 1911 204 1952 mur
216 1895 482 1970 perpetithdcsto
495 1912 576 1954 nunc
591 1897 817 1972 solidapietate‚
833 1915 851 1957 o
867 1901 967 1956 Chris·
1019 1896 1155 1970 martyri,
1180 1896 1270 1954 veluti
1306 1913 1411 1956 eorum
1453 1897 1600 1971 spirituali
1625 1898 1768 1970 genitrici.
1793 1898 1850 1956 Sed

128 1983 255 2054 tivirgo
269 1983 439 2056 benedicta,
469 1984 667 2060 sobolemque
686 1987 774 2045 nobis
788 1988 908 2046 restitue
923 2005 967 2046 ra·
1020 1987 1091 2060 quia
1105 1986 1228 2044 horrida
1241 1987 1338 2044 hiems
1353 1987 1788 2046 fluminacunctaalittoribus
1801 2005 1850 2044 ex·

128 2073 282 2144 divisam,
298 2090 392 2148 qnam
405 2074 529 2148 quidem
554 2091 608 2151 per
639 2080 668 2134 te
696 2078 898 2153 suscepimus,
914 2082 967 2137 tua
1019 2075 1146 2149 pulerat,
1174 2075 1389 2150 immensisque
1417 2077 1644 2152 tempestatibus
1668 2078 1783 2151 passim
1797 2077 1851 2132 de-

127 2162 232 2235 gralia
257 2169 361 2220 nostra
387 2163 568 2224 fecundante
612 2165 737 2224 viscera.
768 2167 965 2226 Nihilominus
1020 2165 1172 2233 seviebat,
1186 2165 1294 2222 mulier
1309 2170 1337 2224 et
1349 2167 1448 2223 crateri
1460 2167 1525 2239 ejus
1546 2167 1709 2224 familiares
1721 2166 1804 2224 aliud
1819 2167 1850 2222 in

127 2251 261 2326 quidem
273 2252 362 2310 nobis
377 2253 511 2312 ablatam
527 2259 612 2328 potes
636 2255 771 2328 reddere,
785 2273 878 2331 quam
903 2274 966 2315 om·
1019 2259 1140 2330 tempus
1155 2255 1372 2314 reservandum
1399 2272 1581 2330 persuasum
1604 2256 1698 2314 ibant.
1716 2259 1850 2323 Quorum

126 2342 207 2398 nino
220 2341 304 2414 [non]
319 2347 434 2412 natam,
449 2347 579 2415 negante
593 2344 711 2401 dudum
726 2346 967 2421 [Domino],prre-
1019 2345 1156 2402 omnium
1164 2345 1361 2402 hortamentis
1372 2345 1491 2419 penitus
1499 2346 1651 2418 resistens,
1660 2345 1849 2421 propositum

126 2429 253 2488 valuisti
267 2430 443 2488 concedere.
459 2435 491 2489 ln
507 2438 634 2507 utroque
652 2433 707 2490 fies
736 2437 965 2510 omnipotentis·
1019 2433 1074 2492 iter
1087 2451 1118 2491 se
1133 2433 1353 2492 celebraturum
1366 2435 1530 2501 asserebat,
1550 2435 1695 2509 nulloque
1715 2439 1797 2492 metu
1807 2435 1849 2490 in-

126 2519 222 2588 sima,
239 2517 269 2574 in
282 2523 409 2592 utroque
423 2521 594 2592 agnosceris
618 2527 733 2596 martyr
745 2521 963 2583 efficacissima.
1020 2524 1152 2596 gruentis
1167 2527 1352 2598 tempestatis
1378 2541 1409 2581 se
1431 2523 1597 2582 desiturum
1622 2525 1751 2582 dicebat.
1772 2525 1850 2590 Quin

126 2609 183 2666 llis
196 2611 227 2665 et
241 2607 351 2666 talibus
364 2610 598 2684 quampluribus
615 2615 758 2687 utrosque
770 2618 910 2686 parentes
926 2613 966 2672 ad
1019 2613 1110 2669 etiam
1125 2612 1323 2686 praesentibus
1345 2612 1447 2686 pneris
1465 2617 1575 2669 sancta
1603 2612 1744 2685 martyris
1765 2613 1850 2669 nulla

127 2697 269 2754 defuncti
281 2697 333 2755 fibi
345 2699 486 2756 feretrum
500 2699 730 2759 irremediabilis
757 2703 892 2760 torrebat
904 2705 967 2776 [do-
1020 2718 1052 2758 se
1062 2701 1222 2772 naufragia
1232 2702 1336 2758 timere
1355 2701 1541 2774 perhibebat,
1569 2701 1622 2758 sed
1641 2717 1747 2758 eorum
1761 2701 1851 2758 comi-

127 2787 199 2860 lor],
214 2787 415 2862 exanimeque
426 2804 535 2862 corpus
560 2790 717 2864 amplexos
744 2793 885 2864 gravibus
899 2810 965 2850 sus·
1018 2794 1083 2847 tatu
1096 2790 1309 2865 fretumparva
1323 2789 1409 2847 lintre
1420 2789 1603 2864 procellosas
1626 2789 1778 2862 gurgitum
1792 2789 1850 2846 ela·
1948 2831 1955 2846 .

126 2877 281 2950 piriorum
295 2875 477 2948 singultibus
490 2876 646 2950 fatigabat.
663 2883 797 2953 Cumque
803 2881 868 2953 jam
878 2882 966 2954 baiu-
1019 2879 1116 2936 tiones
1127 2878 1313 2935 sulcaturum
1329 2895 1361 2934 se
1374 2878 1553 2952 spondebat.
1570 2878 1657 2946 Quod
1677 2883 1705 2936 et
1724 2878 1763 2935 ad
1779 2877 1849 2934 efle-

126 2965 145 3022 li
164 2963 360 3038 sandapilam
374 2966 549 3040 arriperent,
563 2973 595 3024 ut
615 2967 655 3024 ad
665 2968 823 3027 ecclesiam
837 2971 966 3028 human·
979 3001 1000 3057 C
1019 2973 1204 3042 ctumusque
1214 2967 1393 3040 perducens,
1404 2973 1514 3024 sauctae
1522 2967 1646 3038 virginis
1655 2966 1848 3036 adiitlirnina,

126 3055 271 3112 dieausa
286 3053 445 3125 deferrent,
455 3061 595 3129 parentes
606 3056 851 3116 lamentabilibus
867 3059 964 3116 modis
1019 3073 1191 3131 puerosque
1206 3059 1284 3115 votis
1307 3057 1456 3130 obligans,
1486 3056 1580 3114 multa
1606 3057 1644 3114 de
1669 3057 1710 3114 eis
1738 3061 1849 3114 sancta

127 3149 270 3200 sanctam
287 3143 388 3201 Fidem
412 3145 610 3219 proclamant,
638 3151 668 3204 et
694 3152 726 3204 ut
750 3148 793 3205 eis
817 3150 964 3206 amissum
1019 3147 1259 3217 congregationis
1286 3149 1395 3203 nostrae
1423 3146 1564 3203 fratribus
1588 3147 1736 3204 recensuit
1761 3146 1849 3202 valde

126 3233 248 3291 donum
262 3249 368 3291 rursm
384 3235 963 3298 restituatmirisutularibusobsecrsnr.
1018 3234 1222 3300 admiranda:
1252 3235 1441 3309 peractisque
1463 3235 1634 3291 orationum
1658 3234 1849 3292 solemnitati·-

127 3323 247 3390 Quibus
260 3322 303 3380 ita
314 3323 353 3380 ad
368 3324 480 3380 athera
491 3340 588 3398 usque
606 3325 746 3384 funereos
762 3326 910 3385 clamores
922 3329 964 3386 fe·
1018 3322 1087 3396 buS,
1103 3323 1190 3380 laetus
1209 3327 1238 3380 et
1251 3322 1411 3380 incolumis
1423 3321 1560 3380 rediitad
1572 3321 1704 3396 propriu.

125 3411 277 3482 rentibus,
292 3428 361 3469 ecce
375 3412 462 3486 quasi
475 3413 513 3470 de
526 3414 610 3486 gravi
624 3431 733 3474 somno
748 3417 867 3474 rediens
893 3418 965 3475 ado·
1331 3413 1443 3469 CAPUT
1466 3415 1543 3468 ltvll.

126 3499 246 3558 lescens
260 3499 320 3571 ille,
335 3505 428 3574 caput
441 3516 459 3558 a
473 3500 580 3560 feretro
607 3502 709 3573 erexit,
731 3503 900 3579 faciemque
916 3521 963 3563 su·
1017 3505 1061 3560 De
1072 3505 1159 3561 oculo
1170 3505 1240 3576 equi
1249 3519 1306 3574 per
1318 3504 1458 3560 uirtutem
1471 3509 1584 3560 sanctae
1598 3503 1682 3559 Fidis
1698 3502 1846 3558 restituto.

126 3588 215 3646 dario
226 3587 481 3662 jamadopertam
495 3589 679 3660 concutiens,
693 3591 879 3650 adstantium
893 3597 964 3651 stre
1053 3592 1214 3649 Arvernieo
1238 3593 1269 3650 in
1286 3607 1367 3666 pago
1402 3591 1576 3650 Murmontis
1598 3595 1729 3648 castrum
1756 3589 1848 3660 vulgo

126 3677 228 3752 pitum
237 3677 344 3736 mirari
358 3679 457 3753 coepit.
474 3681 569 3746 Quem
583 3685 689 3750 mater,
701 3681 842 3740 irremota
855 3681 963 3740 feretro
1018 3687 1219 3755 nuncupatur,
1234 3683 1265 3738 in
1278 3698 1340 3756 quo
1352 3681 1437 3738 miles
1458 3682 1596 3754 quidam,
1616 3691 1730 3754 equum
1745 3679 1849 3752 magni

128 3767 324 3837 incumbens,
342 3784 415 3826 mox
425 3773 459 3826 ut
471 3768 612 3828 vitalibus
625 3770 706 3827 auris
735 3770 883 3829 fruentem
898 3789 964 3846 per-
1016 3771 1103 3846 pretii
1128 3771 1254 3838 habens,
1282 3772 1320 3827 de
1346 3787 1430 3828 more
1455 3771 1603 3842 sauguine
1627 3770 1743 3842 minuit,
1755 3785 1848 3842 quem

128 3857 233 3930 sensit,
246 3872 376 3932 propere
391 3859 505 3917 vultum
533 3875 703 3934 manusque
727 3861 870 3932 resolvit3
898 3878 963 3918 ver·
1017 3866 1088 3936 post
1100 3859 1410 3934 phlebotomationem
1422 3860 1461 3916 ad
1492 3860 1597 3933 palum
1621 3859 1787 3933 quemdam
1801 3874 1849 3916 aa·

132 3947 234 4020 sisque
248 3947 360 4020 modis,
374 3963 438 4022 prae
451 3949 546 4007 nimio
558 3949 670 4022 gaudio
683 3949 803 4007 fletibus
815 3966 869 4008 ora
883 3951 962 4023 riga·
1016 3951 1112 4026 pistro
1124 3949 1269 4020 religavit.
1292 3949 1396 4015 ouoin
1411 3949 1481 4023 palo
1496 3949 1535 4004 ad
1550 3963 1598 4004 res
1615 3947 1847 4021 suspendendas

132 4035 185 4091 vit.
202 4038 264 4103 Quo
276 4037 345 4094 viso
359 4037 459 4095 omnis
473 4042 577 4095 astans
600 4043 694 4116 caetus
720 4038 851 4110 diriguit,
865 4041 962 4098 calor-
1017 4039 1107 4097 sudes
1122 4039 1300 4097 centesima
1314 4036 1536 4111 prominebant,
1566 4053 1644 4110 quas
1657 4036 1717 4110 ipsi
1731 4051 1847 4092 ramus-

131 4141 193 4200 que
207 4127 347 4184 omnium
362 4143 435 4186 ossa
459 4127 640 4202 relinquens,
669 4127 814 4186 ineffabili
841 4133 963 4204 stupore
1017 4128 1075 4186 culi
1089 4127 1220 4200 praecisae
1236 4125 1352 4182 arboris
1366 4125 1436 4181 olim
1457 4128 1675 4182 concesserant.
1701 4124 1746 4181 hd
1759 4124 1846 4196 cujus

128 4221 286 4273 cernentes
300 4215 467 4291 perterruit.
485 4218 617 4293 Denique
643 4234 713 4275 eum
734 4235 753 4275 a
774 4217 880 4276 mortis
905 4223 963 4276 ter-
1017 4216 1146 4291 stipitem
1161 4215 1323 4289 praedictus
1336 4229 1432 4288 equus
1451 4214 1684 4284 adnexus,dum
1712 4212 1847 4270 instabili

127 4320 202 4378 pore
215 4305 385 4364 resolutum
406 4307 555 4380 genitores
574 4308 640 4380 ejus
654 4308 823 4382 percontari
840 4309 964 4368 studue-
1017 4309 1101 4362 motu
1117 4304 1404 4374 circumvagaretur,
1420 4304 1515 4375 ejecto
1525 4303 1613 4360 altius
1629 4303 1725 4377 capite
1738 4302 1847 4359 sudem

127 4399 200 4451 runt
210 4395 236 4450 si
252 4393 327 4452 forte
356 4395 508 4471 corporeis
532 4397 677 4454 membris
703 4401 810 4454 exutus
826 4398 908 4455 aliud
922 4399 963 4455 ad
1017 4392 1151 4462 offendit,
1162 4409 1230 4467 quae
1247 4392 1331 4464 gravi
1346 4393 1405 4450 ictu
1420 4391 1576 4450 conlestim
1591 4393 1619 4449 ei
1629 4393 1752 4450 oculum
1766 4391 1846 4449 radi-

128 4499 262 4556 regnum
272 4483 433 4542 duceretur
450 4501 457 4553 ;
472 4501 521 4554 an,
536 4486 567 4542 in
579 4486 693 4543 exstasi
706 4486 815 4543 mentis
834 4487 962 4561 positus,
1018 4485 1093 4541 citus
1105 4483 1211 4540 evellit.
1228 4481 1315 4548 Quod
1336 4482 1447 4539 factum
1471 4482 1632 4557 praedictus
1658 4482 1744 4538 miles
1768 4496 1846 4551 egre

129 4573 229 4630 adhuc
245 4573 328 4630 vitali
342 4573 441 4632 calore
459 4573 604 4632 membris
617 4575 767 4648 collapsus
778 4575 962 4648 fungeretur.
1016 4574 1124 4640 ferens,
1140 4571 1263 4630 oculum
1287 4571 1328 4628 ad
1340 4571 1533 4628 mandibulas
1559 4587 1654 4646 usquc
1668 4569 1846 4644 pendudum

128 4661 186 4728 Qui
200 4678 276 4719 mox
292 4677 324 4719 sc
337 4663 379 4720 ab
393 4663 450 4720 hoc
462 4663 716 4737 presenusaeculo
729 4680 853 4738 prorsus
867 4681 965 4738 egres-
1017 4664 1048 4720 in
1061 4661 1183 4736 proprio
1192 4661 1339 4719 foramine
1367 4660 1504 4729 restituit,
1525 4676 1572 4730 ac,
1599 4659 1763 4716 multorum
1791 4655 1845 4711 ibi-

129 4768 209 4822 sum,
224 4750 305 4809 etad
318 4752 478 4810 tenebrosa
489 4752 557 4810 loca
571 4752 735 4810 deductum
752 4771 758 4822 ;
782 4753 862 4810 unde
876 4769 963 4811 sano-
1019 4753 1091 4810 dem
1105 4751 1293 4808 adstantium
1312 4749 1579 4822 cohortationibus,
1600 4752 1711 4806 sanctie
1722 4745 1847 4818 martyri

130 4847 160 4898 ta
175 4841 262 4900 Fides
277 4842 388 4914 cumvi
403 4843 522 4914 exemit,
541 4847 570 4900 et
597 4843 637 4900 ad
662 4843 847 4900 resumenda
872 4843 964 4916 hujus
1018 4841 1081 4898 Fidi
1109 4840 1259 4898 luminare
1283 4840 1323 4896 ad
1345 4839 1482 4911 ejusdem
1495 4838 1564 4911 equi
1586 4837 1692 4893 caude
1720 4833 1847 4905 longitu-

129 4930 382 5004 solisspiramina
396 4931 514 4989 refudit.
532 4934 574 4999 Et,
591 4935 624 4989 ut
636 4931 839 4990 credibiliores
853 4931 885 4989 in
898 4935 965 4989 tan·
1018 4931 1120 4988 dinem
1131 4931 1223 4998 vovit,
1234 4929 1397 5001 lumenque
1413 4928 1556 4984 effossum
1581 4924 1686 4980 insutis
1708 4921 1845 4994 alligans,

128 5019 150 5075 ti
163 5019 305 5076 miraculi
318 5019 462 5078 relatione
476 5021 593 5094 utrique
605 5025 745 5094 parentes
756 5020 872 5092 fierent,
893 5035 964 5078 cum
1018 5021 1058 5078 ad
1070 5022 1229 5095 proprium
1242 5018 1394 5076 stabulum
1406 5019 1528 5074 maestus
1542 5013 1669 5070 reduxit.
1686 5016 1847 5070 Eratnam·

129 5109 267 5166 t'irbium
280 5109 319 5166 ad
334 5113 446 5168 sanctae
472 5109 549 5166 Fidis
576 5108 732 5167 oraculum
761 5109 963 5180 adduxerunt,
1018 5127 1188 5186 queequus
1207 5109 1300 5166 illest
1322 5107 1477 5165 velocitate
1492 5102 1738 5176 incomparabilis
1762 5107 1792 5160 et
1815 5103 1847 5159 in

129 5203 268 5272 testeque
288 5202 349 5257 tota
374 5198 492 5270 vicinia,
516 5197 604 5256 uobis
632 5199 810 5257 mirantibus
840 5215 875 5256 ac
901 5215 963 5273 prae
1019 5200 1102 5257 omni
1117 5199 1267 5257 caballina
1279 5195 1450 5253 strenuitate
1464 5191 1640 5267 probabilis.
1668 5191 1775 5266 sicque
1790 5193 1848 5250 fae

128 5287 244 5359 gaudio
258 5287 380 5346 fletibus
394 5303 448 5347 ora
469 5287 672 5359 madentibus,
696 5289 838 5346 eumdem
859 5287 964 5346 relato·
1018 5293 1082 5345 tum
1102 5295 1146 5344 est
1158 5292 1191 5344 ut
1203 5289 1313 5344 sancte
1331 5284 1406 5342 vidis
1419 5281 1641 5340 medicantibus
1651 5282 1764 5340 meritis
1779 5282 1845 5356 piis,
1877 5311 1880 5320 ι

128 5391 270 5433 ramesse
283 5375 427 5434 fecerunt.
1016 5381 1137 5451 postera
1150 5375 1198 5433 die
1213 5391 1309 5448 equus
1324 5373 1371 5430 ille
1380 5373 1421 5430 ita
1428 5372 1588 5454 incolumis
1603 5374 1768 5441 invenitur,
1778 5371 1847 5429 acsi

445 5468 557 5523 CAPUT
584 5466 651 5521 XVl.
1016 5480 1174 5540 nunquam
1187 5465 1248 5521 ullo
1263 5462 1371 5520 morbo
1386 5461 1506 5533 gravari
1519 5461 1677 5520 videretur.
1691 5461 1847 5534 Cuiusvir·

129 5556 288 5629 Beeoqcra'
299 5557 468 5626 liliossuos,
485 5556 720 5612 uirtutesonctae
747 5555 832 5612 liidie
854 5556 961 5627 fretus,
1016 5555 1130 5613 tutibus
1145 5554 1323 5630 praclarum
1338 5551 1517 5609 miraculum
1543 5551 1639 5608 isdem
1666 5550 1751 5607 miles
1779 5554 1847 5606 ante

307 5647 478 5718 perignem
497 5645 630 5702 transire
639 5645 782 5714 faciebat.
1017 5649 1128 5704 sanctae
1152 5645 1291 5718 martyris
1310 5641 1536 5710 retulit,crmctis
1559 5641 1735 5708 astantibus,
1751 5643 1849 5696 orato-

168 5739 264 5808 nujus
278 5736 320 5796 rei
336 5738 423 5810 cujus
438 5735 642 5796 narrationem
657 5735 851 5807 aggredimur
876 5735 961 5794 madii
1015 5735 1104 5792 rium.
