4044 6184
186 211 218 268 16
425 281 432 292 .
777 207 933 264 annuunt
956 207 983 262 S.
1005 203 1145 262 ClBthll
1164 201 1319 258 honneni
1855 206 1890 260 20

167 398 173 406 ,
218 331 247 404 1)
265 331 358 389 Paris.
373 346 404 387 n.
428 335 497 388 6166
521 332 588 404 (66).
614 331 714 388 Glabri
740 331 888 404 Rodulplii
918 328 1012 386 codici
1031 322 1610 397 66166611666166666161666166166]
1630 325 1740 382 codicis
1762 326 1894 383 Thuanei

183 423 314 493 quatuor
327 419 398 478 16116
411 435 478 476 soeo.
493 436 577 476 xr-xu
603 425 706 477 assuta
726 425 805 488 sunt,
833 436 901 493 quus
930 417 1012 473 varia

183 525 221 566 ex
234 508 383 566 ademaro
398 514 538 583 excerpta
551 509 713 588 continent,
726 514 832 582 postea
855 524 890 564 cx
906 506 1013 564 eodem

182 597 263 654 Ionte
279 601 376 654 66616.
392 598 474 665 Quae,
488 597 571 654 nullo
587 597 691 654 ordine
714 598 834 671 scripta,
860 596 951 652 modo
967 595 1012 668 ip-

184 686 246 742 sius
260 685 354 742 verbe
365 685 502 755 retinent,
516 686 608 744 modo
623 690 738 743 mutato
762 686 838 759 stylo
860 685 947 740 661616
969 683 1012 739 di·

72 823 77 831 ,
182 789 301 832 versam
316 774 460 832 narrandi
469 775 617 832 rationem
632 775 802 845 ostendunt,
819 779 858 843 61,
874 773 1013 847 quamuis

182 881 219 922 ex
234 864 336 922 codice
349 880 412 921 non
426 865 605 939 interpolata
619 866 818 939 descripta,in
829 863 1012 937 quibusdam

183 959 284 1012 tumen
298 971 368 1011 cum
382 959 398 1012 6
414 955 596 1012 conveniunt
607 955 673 1028 (63),
688 955 728 1011 ita
743 959 775 1011 ut
794 954 917 1010 tortasse
939 953 1014 1008 inter

181 1042 276 1117 ipsius
289 1042 348 1100 sint
363 1043 519 1100 referenda
530 1043 636 1101 fontes.

218 1130 359 1189 hdemeri
371 1131 447 1188 liber
461 1132 574 1202 integer
586 1147 744 1205 nunquam
764 1130 883 1204 prodiit.
901 1132 1010 1187 Secun-

182 1220 257 1277 dum
269 1218 381 1277 librum
395 1219 524 1276 Pithoeus
538 1220 590 1276 SS.
608 1221 671 1276 XII
683 1221 825 1276 coaetauci
837 1218 883 1274 ecl.
904 1220 969 1272 Par.
983 1222 1010 1285 6,

181 1324 213 1382 p.
229 1313 256 1377 6,
271 1307 379 1364 Franci
390 1323 421 1381 p.
438 1311 501 1370 636)
517 1307 633 1380 primus
650 1323 687 1363 ex
700 1305 767 1363 cod.
784 1312 793 1363 l
813 1305 915 1374 edidit,
935 1305 1011 1360 hde-

181 1395 259 1454 mari
277 1394 398 1452 nomine
414 1410 596 1468 suppresso;
623 1395 754 1468 indeque
778 1394 891 1451 transiit
913 1393 942 1448 in
957 1395 1012 1447 bu·

182 1483 297 1540 chesnii
310 1483 359 1540 SS.
378 1483 419 1555 (ll,
432 1499 462 1555 p.
480 1483 522 1555 68)
536 1485 565 1539 et
578 1485 627 1540 SS.
644 1482 834 1557 llulpisianos
854 1484 891 1554 (3,
908 1499 937 1554 p.
953 1482 1000 1552 ts)

1066 412 1159 469 verba
1183 413 1323 470 66166666.
1350 419 1391 471 Ex
1409 416 1508 488 primo
1531 415 1607 472 libro
1622 415 1740 471 nonnisi
1755 419 1894 487 excerpta

1065 501 1207 573 qnaedam
1231 502 1321 569 dedit,
1347 504 1514 560 secundum
1540 507 1685 576 tanquam
1712 503 1776 574 jam
1806 507 1894 560 antee

1066 588 1179 646 edilum
1191 592 1388 662 praetermisit,
1417 592 1491 649 tertii
1519 607 1639 665 quoque
1662 591 1745 648 initio
1763 590 1895 665 plurima

1067 693 1103 733 ex
1130 682 1206 736 1166.
1237 681 1479 738 laurissensibus
1502 681 1611 738 hausta
1644 681 1818 754 suppressit.
1854 683 1894 736 Ex

1068 767 1178 824 labbei
1201 772 1231 824 61
1256 771 1415 827 buchesnii
1440 770 1620 827 editionibus
1643 771 1741 841 major
1755 769 1895 826 ademari

1054 857 1201 913 -Gistoriar
1229 874 1299 930 pars
1324 859 1356 915 in
1385 860 1528 933 Bouqueti
1552 859 1756 916 collectionem
1777 863 1895 931 receptu

1068 952 1112 1002 est
1140 949 1182 1018 (11,
1207 963 1236 1019 p.
1267 952 1343 1016 st-t3
1369 952 1400 1017 V,
1430 966 1460 1022 p.
1490 953 1559 1014 t8-t;
1599 951 1641 1016 vt,
1668 963 1699 1020 p.
1726 951 1801 1016 2233
1838 950 1895 1018 Vll,

1064 1052 1094 1109 p.
1126 1041 1198 1103 2253
1234 1040 1301 1105 vlu,
1330 1053 1360 1110 p.
1388 1042 1463 1106 ram
1489 1041 1519 1107 x,
1548 1054 1577 1110 p.
1608 1037 1734 1107 6616)

1065 1124 1218 1181 illustrata.

1102 1214 1195 1270 Etiam
1211 1214 1241 1270 in
1256 1215 1312 1271 666
1326 1231 1419 1288 quam
1432 1215 1546 1273 institui
1569 1230 1649 1271 nova
1678 1213 1807 1271 editione
1833 1229 1895 1270 non

1064 1303 1213 1373 integrum
1230 1320 1306 1377 opus
1321 1303 1379 1360 luci
1394 1304 1530 1360 dandum
1545 1309 1617 1372 erat,
1634 1302 1687 1360 sed
1698 1303 1763 1360 haee
1777 1306 1895 1360 tantum

1065 1393 1187 1448 exhibui
1200 1409 1268 1466 quae
1290 1393 1457 1451 Ademerus
1485 1393 1618 1450 lontibus
1648 1392 1705 1448 illis
1729 1391 1896 1464 majoribus

1066 1481 1174 1553 adjecit
1199 1487 1251 1538 aut
1276 1482 1398 1555 proprio
1425 1485 1512 1540 116616
1541 1481 1726 1554 conscripsit.
1751 1485 1782 1538 ln
1802 1497 1895 1555 quem

1759 1035 1896 1109 notisque

181 1571 263 1628 ldem
276 1571 406 1627 Pithoeus
421 1571 561 1628 Adernari
575 1577 714 1645 excerpta
727 1589 750 1628 s.
766 1576 785 1628 t.
799 1595 812 1621 u
829 1570 1012 1643 Aquitaniam
1065 1571 1157 1628 finem
1172 1571 1306 1628 codicem
1322 1571 1458 1645 l'perlegi
1472 1570 1634 1644 omniaque
1647 1570 1793 1627 memoria
1803 1570 1897 1640 digne

181 1659 311 1717 historice
325 1659 529 1731 fragmentum
546 1683 560 1710 »
584 1677 621 1716 ex
642 1661 744 1717 codiee
764 1664 781 1716 «1
805 1659 916 1735 publici
937 1657 1013 1730 juris
1029 1680 1048 1733 g
1067 1676 1103 1716 cx
1118 1659 1222 1733 primis
1234 1660 1317 1717 libris
1332 1660 1484 1734 exscripsi.
1502 1665 1533 1717 ln
1547 1659 1743 1732 sequentibus
1754 1659 1896 1716 eumdem

182 1749 251 1806 16611
266 1750 330 1817 (SS.
351 1751 415 1806 XII
426 1754 508 1806 court.
525 1749 572 1806 ed.
587 1753 651 1806 Par.
672 1755 698 1818 6,
713 1765 742 1822 p.
759 1753 821 1817 116,
837 1749 1011 1806 66166661.
1067 1747 1200 1806 codicem
1215 1753 1352 1806 accurate
1374 1749 1604 1821 exprImendum
1633 1747 1745 1815 curavi,
1774 1752 1803 1803 et
1826 1762 1896 1820 quae

182 1855 213 1911 p.
227 1843 290 1906 617,
316 1842 344 1894 61
369 1838 420 1895 SS.
443 1839 506 1895 XII
519 1841 662 1896 66616661
678 1855 707 1912 p.
731 1840 788 1911 16),
811 1854 878 1912 quoe
899 1839 1013 1894 [luche-
1067 1838 1181 1896 correxi
1194 1838 1225 1895 in
1237 1839 1315 1896 notis
1329 1855 1448 1913 semper
1459 1839 1545 1895 retuli
1568 1841 1634 1910 (61).
1662 1843 1692 1894 16
1716 1837 1818 1894 codice
1843 1853 1896 1892 sae-

129 1925 132 1932 ’
184 1926 888 1999 6611,·66166166661666661616111616666ᾱί6
914 1930 1012 1996 aucta,
1067 1928 1164 2002 piusa
1178 1928 1421 2002 proescribitnr,
1442 1928 1525 2002 quod
1540 1927 1749 1984 exverborum
1761 1941 1895 2000 pronun·

181 2014 384 2087 repetiverunt
398 2015 459 2088 (SS.
476 2019 508 2085 ll,
524 2033 555 2090 p.
572 2021 641 2085 6323
660 2019 704 2088 lV,
718 2034 747 2091 p.
764 2018 819 2086 86).
837 2018 926 2072 Breve
941 2015 1014 2070 hde-
1067 2017 1244 2074 1161166616
1273 2017 1438 2091 Aquitaniae
1459 2017 1633 2088 regionibus
1660 2017 1768 2073 usitate
1796 2020 1895 2072 ortum
1965 2069 1971 2090 ,

182 2103 259 2160 mari
285 2103 489 2175 fragmentum
517 2111 550 2161 Α.
588 2104 772 2162 buclresnius
811 2105 900 2161 etiam
944 2103 1012 2160 11161.
1068 2105 1321 2174 essevideturte,
1339 2123 1395 2177 gn,
1422 2107 1672 2176 Nicaeensium,
1696 2107 1893 2174 Rotomauu's,

182 2195 282 2250 llorm.
315 2195 363 2250 SS.
395 2193 561 2250 collectioni
587 2195 628 2267 (p.
659 2197 702 2266 16)
727 2193 859 2251 Inseruit.
890 2194 1014 2265 llajores
1068 2195 1232 2263 61666166,
1249 2194 1895 2265 666666116666666616166,6661661161-

181 2280 265 2338 16666
294 2297 407 2354 eosque
433 2298 470 2338 ex
498 2282 613 2355 optImo
635 2282 747 2350 codice,
768 2283 892 2339 tortasse
907 2281 1013 2338 eodem
1067 2299 1157 2353 mam,
1172 2284 1421 2354 amplectebatur,
1438 2299 1603 2354 assumaris,
1617 2289 1782 2350 reuertens,
1809 2283 1894 2340 deco-

180 2385 272 2444 quem
289 2375 313 2426 1.
328 2371 494 2443 nominavi,
510 2371 675 2445 descriptos
692 2373 757 2445 (61),
774 2371 884 2428 Bcslius
899 2371 929 2428 in
946 2386 1013 2444 pro
1067 2372 1498 2445 666,13696166666666(68).
1528 2375 1594 2429 1666
1620 2387 1659 2430 an
1678 2371 1827 2428 hdemero
1849 2371 1896 2428 tri·

180 2459 354 2516 bationibus
382 2460 511 2516 historiae
536 2461 679 2518 comitum
705 2461 923 2517 Pictavensium
954 2461 1010 2532 (66)
1066 2460 1189 2517 buerem
1204 2460 1346 2530 haesitavi,
1363 2461 1494 2534 recipere
1509 2459 1717 2518 tamennolui.
1733 2462 1803 2527 Ouse
1825 2459 1856 2517 in
1880 2465 1896 2516 6

181 2548 325 2605 exhibuit.
339 2549 499 2606 HistorIam
514 2567 549 2606 cx
564 2549 713 2607 Ademero
727 2549 852 2624 aliisque
867 2548 1011 2622 compilet·
1066 2549 1228 2617 adduntur,
1244 2554 1296 2606 aut
1308 2553 1423 2607 mutata
1436 2550 1585 2621 leguntur,
1610 2549 1687 2607 infra
1711 2547 1824 2616 addidi,
1847 2563 1897 2603 ne-

180 2641 243 2696 tem
269 2641 370 2696 Petrus
396 2654 414 2696 a
443 2639 471 2696 S.
495 2638 662 2696 domnaldo
686 2639 745 2695 luci
763 2639 923 2710 (16111166).
941 2637 1012 2694 lab·
1065 2653 1124 2712 que
1139 2643 1240 2696 temen
1253 2655 1358 2697 omues
1372 2657 1483 2713 easque
1496 2655 1576 2712 soepe
1597 2639 1771 2696 falsissimas
1794 2636 1896 2693 lectio-

180 2729 256 2784 beus
270 2727 445 2801 paulopost
465 2727 626 2785 editionem
654 2729 826 2786 absolutam
852 2744 1012 2800 aggressus
1066 2743 1119 2784 nes
1135 2727 1264 2785 enatavi.
1277 2732 1309 2784 ln
1322 2729 1457 2800 margine
1477 2731 1591 2784 certum
1609 2727 1745 2783 ordinem
1770 2725 1897 2786 chrono-

181 2821 235 2889 est,
262 2817 358 2874 tribus
385 2817 540 2874 codicibus
565 2835 657 2890 supra
683 2818 821 2875 indicatis
845 2819 880 2890 (1,
908 2822 946 2881 tr,
971 2817 1011 2888 6.)
1065 2815 1198 2886 logicum
1214 2816 1354 2884 stabilire,
1370 2817 1402 2873 in
1414 2815 1492 2874 notis
1511 2831 1625 2873 errores
1640 2814 1786 2886 corrigere
1809 2817 1838 2869 et
1848 2827 1896 2868 res

180 2923 276 2976 usus;
305 2906 359 2962 sed
380 2906 524 2977 singulari
548 2923 647 2963 errore
674 2907 784 2964 librum
798 2905 1011 2980 interpolatum
1066 2905 1258 2977 Aquitanicus
1272 2905 1406 2979 eliasque
1421 2905 1568 2962 memoria
1582 2903 1690 2975 dignes
1712 2919 1807 2977 quam
1829 2900 1896 2958 bre·

181 2998 309 3062 secutus,
337 2993 485 3066 integrum
511 2995 651 3052 hdemari
677 2995 836 3053 Historiam
872 2993 1009 3066 neglexit,
1066 2993 1186 3050 vissime
1200 2994 1349 3068 explicere
1364 2999 1489 3052 conatus
1504 3009 1583 3050 sum.
1721 2994 1753 3049 G.
1770 2993 1875 3045 Wurz.

984 3119 1096 3175 NOTAE.

217 3219 274 3286 (66)
294 3216 393 3273 Codex
406 3216 477 3272 6166
493 3219 523 3272 E.
542 3216 633 3272 vineti
655 3222 760 3290 postea
783 3216 1011 3288 Tbuaniiuisse
1066 3217 1149 3286 apud
1160 3217 1194 3272 L.
1211 3217 1426 3286 Chumboudru
1454 3219 1532 3285 1666,
1563 3219 1606 3271 16.
1638 3213 1736 3272 Simile
1757 3231 1897 3342 opuseu-

181 3287 369 3356 videmnus.
388 3287 557 3360 Beslyllist.
575 3289 720 3345 comitum
738 3290 859 3358 Pictam,
889 3305 918 3363 p.
947 3293 1007 3345 166.
1064 3291 1121 3342 stat
1134 3288 1164 3342 in
1177 3287 1244 3343 cod.
1260 3289 1325 3343 Par.
1342 3303 1372 3342 n.
1387 3289 1467 3354 6186,
1492 3286 1598 3356 chart,
1627 3305 1650 3342 s.
1667 3302 1750 3343 xvu:
1803 3289 1897 3344 eori-

229 3363 262 3416 63
294 3374 335 3426 111,
351 3362 395 3426 68,
413 3361 457 3415 31.
1063 3359 1133 3428 piac
1154 3359 1343 3414 Francorum
1366 3359 1566 3416 6661666166
1587 3358 1734 3416 uldemari
1753 3358 1895 3430 Eupolis-

230 3433 263 3486 st
293 3446 366 3502 up.
386 3433 445 3486 166.
1063 3430 1170 3484 mensis
1185 3428 1437 3486 monachisoucti
1454 3429 1617 3485 Martialis.

229 3505 262 3557 66
293 3501 425 3556 Histoire
439 3500 490 3556 des
505 3506 611 3557 comtes
624 3502 661 3558 de
673 3501 797 3557 Poictou
817 3507 844 3558 et
867 3500 918 3557 des
936 3499 1009 3557 duos
1100 3500 1156 3571 (67)
1176 3501 1236 3556 1166
1250 3515 1313 3556 666
1326 3516 1397 3556 exce
1421 3504 1461 3565 to,
1477 3499 1560 3573 quod
1572 3499 1603 3557 in
1626 3499 1755 3572 genitivo
1777 3515 1898 3572 semper

182 3570 699 3640 666666666661.1161666616,
714 3575 792 3638 1611,
803 3570 865 3643 Iol,
881 3571 1007 3644 passim.
1063 3586 1088 3626 6
1103 3569 1297 3627 scribendum
1312 3586 1376 3628 esse
1414 3571 1474 3641 uxi,
1488 3586 1558 3628 cum
1579 3571 1674 3628 codex
1693 3571 1749 3628 sibi
1763 3571 1821 3645 ipsi
1833 3586 1896 3627 non

218 3642 275 3712 (66)
293 3641 437 3696 Historia
468 3642 657 3698 Francorum
684 3656 734 3698 seu
760 3643 902 3698 Chronici
933 3643 1010 3699 Adc-
1064 3644 1206 3698 constans
1219 3642 1348 3698 modae·
1363 3641 1483 3699 modoe
1502 3642 1704 3715 (potissimum
1719 3643 1749 3698 in
1773 3641 1896 3698 urbium

182 3713 262 3768 mari
274 3711 509 3781 Eupolismeusis
521 3713 646 3782 epitome
660 3743 694 3752 -
708 3728 775 3769 cum
790 3715 868 3770 uotis
883 3714 1009 3770 aouuul·
1064 3712 1238 3769 nominibus
1252 3714 1434 3796 Eupolisme,
1449 3714 1610 3779 Leruovice,
1625 3715 1693 3785 616.)
1709 3713 1858 3770 exhibeat.

183 3785 277 3854 lisque
300 3783 489 3851 interpolatis
538 3783 695 3840 uibusdom
719 3785 808 3841 61166
849 3785 959 3841 additis
990 3801 1009 3842 a
1100 3783 1157 3856 (68)
1178 3787 1243 3840 11666
1257 3784 1408 3841 interdum
1418 3801 1484 3856 Jam
1498 3785 1529 3840 in
1545 3784 1646 3842 codice
1662 3789 1894 3841 correctasunt:

182 3853 290 3910 domno
308 3853 398 3909 Petro
426 3867 445 3909 a
471 3853 503 3910 S.
518 3797 686 3912 1166661616
711 3855 855 3913 Futieusi.
882 3857 1009 3914 Parisiis
1064 3856 1162 3912 classa
1176 3871 1252 3912 corr.
1267 3857 1369 3924 classe,
1385 3857 1578 3914 Sateseusam
1603 3856 1893 3914 consuluissem.

722 4097 963 4188 LIBER
1027 4097 1354 4188 PRIMUS.

220 4344 245 4396 1.
265 4338 445 4414 Principium
458 4343 542 4414 regni
558 4347 749 4420 truncorum,
772 4355 839 4419 etc,
866 4358 899 4408 ut
924 4351 1012 4410 Gesta
1101 4356 1145 4411 61.
1159 4353 1229 4426 (Aa.
1247 4356 1309 4408 581.
1326 4351 1361 4406 G.
1376 4365 1401 4406 c.
1418 4351 1464 4420 66)
1474 4348 1544 4406 add.
1563 4366 1570 4405 :
1595 4351 1648 4405 Per
1676 4347 1757 4405 idem
1776 4351 1896 4422 tempus

181 4427 381 4485 mmmm·
1066 4446 1187 4498 sanctus
1214 4439 1378 4515 Eperchius
1403 4436 1539 4512 praesul¹
1561 4436 1728 4496 sanctionis
1756 4440 1785 4493 et
1812 4441 1897 4511 peter

220 4521 262 4573 11.
284 4521 373 4586 (Gest.
388 4520 577 4581 1166666666
591 4540 616 4582 6.
631 4528 671 4598 16)
692 4528 756 4586 larcc
770 4529 928 4586 addicatur
946 4547 956 4586 .·
972 4533 1012 4587 Eo
1067 4528 1281 4602 Egolismensis
1293 4527 1433 4600 migravit
1444 4527 1484 4585 ed
1494 4526 1698 4586 Christnmdie
1708 4526 1808 4599 primo
1817 4525 1894 4582 16111.

182 4610 317 4678 tempore
329 4613 450 4664 sanctus
466 4612 631 4683 Eparchius
647 4621 735 4672 natus
751 4623 795 4674 est
806 4624 892 4692 patre
905 4619 1012 4676 comite
1101 4625 1145 4678 66.
1161 4622 1206 4688 (G.
1223 4635 1248 4678 c.
1263 4620 1309 4691 66)
1322 4618 1392 4676 odd.
1409 4636 1415 4674 :
1430 4619 1471 4674 Eo
1486 4622 1619 4691 tempore
1641 4619 1763 4673 sanctus
1787 4618 1896 4686 Grego-

182 4694 376 4765 Petrogorieee
387 4697 510 4755 nomine
526 4700 627 4773 Felice,
641 4705 693 4777 qui
708 4710 814 4778 postea
825 4706 932 4780 plenus
944 4723 1012 4764 sen·
1066 4710 1127 4767 rius
1141 4708 1384 4783 archiepiscopus
1404 4707 1585 4764 Turonensis
1604 4705 1723 4777 mugnis
1737 4704 1896 4763 virtutibus

183 4781 280 4840 ctitete
295 4786 440 4856 patronus
452 4787 607 4858 Egolismae
622 4791 748 4849 civitatis
762 4793 858 4852 Iactus
873 4799 926 4854 est.
1066 4799 1266 4871 iulgebat.Per
1275 4795 1356 4854 idem
1371 4801 1490 4870 tempus
1501 4799 1621 4854 sanctus
1642 4797 1810 4853 Germanus
1821 4793 1898 4850 Peri-

220 4873 275 4926 16¹.
290 4872 359 4943 (Aa.
377 4877 438 4930 508.
455 4875 532 4933 Gest.
547 4892 572 4933 c.
592 4879 635 4950 11)
660 4881 730 4938 add.
747 4899 753 4938 :
768 4887 800 4940 tn
821 4883 888 4958 ipsa
913 4885 1013 4942 civite·
1067 4888 1180 4945 siarum
1196 4887 1366 4961 episcopus,
1378 4885 1594 4956 missusarege
1605 4883 1778 4942 Gheriberto
1788 4883 1899 4954 1166116-

183 4963 211 5016 16
225 4959 265 5033 (1)
279 4977 453 5020 consecrare
467 4963 536 5022 tecit
555 4965 586 5022 in
612 4968 788 5044 episcopatu
810 4974 1011 5032 venerabilem
1066 4992 1150 5034 mum
1163 4975 1323 5045 civitatem,
1336 4971 1898 5046 6666666661166611166666666116666-

180 5048 281 5104 virnm
292 5053 454 5123 Aptonium
470 5053 662 5128 capellanum
677 5075 776 5130 suum,
798 5065 927 5137 expulso
955 5063 1014 5137 pri·
1066 5064 1135 5133 6611,
1151 5063 1205 5122 661
1216 5065 1280 5138 ipse
1290 5079 1387 5139 nuper
1400 5062 1534 5136 sepultus
1545 5062 1642 5118 luerat
1655 5079 1663 5130 3
1677 5061 1772 5118 adfuit
1782 5076 1851 5118 cum
1861 5073 1897 5113 eo

182 5151 234 5193 mo
248 5137 392 5212 episcopo
405 5140 530 5200 Arriano
543 5146 707 5205 Gothorum
718 5148 872 5209 decadem
883 5151 1010 5210 civitate.
1066 5153 1246 5214 venerabilis
1261 5152 1418 5224 Gregorius
1432 5151 1592 5226 episcopus
1609 5149 1797 5216 turonensis,
1824 5145 1897 5203 etin

871 5252 986 5307 VhlllAE
1009 5250 1210 5310 tecrtolttts.

194 5401 199 5412 ι
219 5332 227 5365 ¹
244 5346 269 5386 c.
284 5335 327 5416 16.
346 5333 500 5418 Gestorum
517 5351 554 5407 tc.
569 5345 624 5410 15.)
639 5343 786 5402 culcita
803 5347 948 5417 leguntur
964 5348 1128 5418 :Deinceps
1142 5363 1249 5406 omnes
1264 5346 1405 5405 ecclesiae
1428 5345 1478 5403 bei
1500 5361 1568 5403 cum
1583 5345 1758 5404 auctoritate
1780 5343 1900 5414 aposto-

181 5399 235 5457 ¹¹⁰0
251 5402 315 5527 (116)
330 5406 458 5462 Romam
472 5406 529 5490 hoc
543 5412 715 5498 exemplum
727 5421 849 5498 agentes
862 5434 960 5492 usque
987 5419 1027 5475 ad
1048 5434 1172 5493 presens
1196 5420 1278 5496 ipsas
1300 5417 1436 5476 letanias
1465 5418 1620 5475 triduanas
1641 5416 1753 5488 ubique
1772 5409 1898 5470 celebre

180 5479 617 5548 6666661661666666616666
632 5487 758 5551 Domini,
797 5489 808 5524 ²
826 5505 856 5570 p.
876 5507 900 5546 s.
918 5495 1029 5562 etpost
1041 5506 1129 5549 erasa
1144 5495 1169 5548 l.

213 5639 254 5714 (1)
273 5645 453 5715 Engolisma.
992 5589 1093 5646 ΝΟΜ
