3998 6182
96 192 146 246 833
351 189 383 245 B.
404 173 621 245 GUILLELMUS
640 189 651 242 l
670 185 750 242 ΑΕΒ.
772 186 801 242 S.
822 182 926 240 Grau.
946 181 969 235 Δ
986 177 1120 235 ratris.
1141 209 1176 219 -
1194 179 1334 237 horrui
1353 180 1546 238 historica.
1752 185 1805 240 8³4

94 311 193 370 seculi
206 315 364 386 tyrannus,
379 312 432 386 qui
446 313 516 370 istas
528 327 577 368 res
593 327 685 385 supra
692 310 732 368 ad
745 324 834 366 suum
844 322 921 380 opus
935 307 958 360 Α
1013 306 1078 359 lloec
1091 302 1214 361 donatio
1228 302 1342 377 quippe
1362 302 1441 360 iacta
1464 307 1508 361 est
1526 319 1606 362 anno
1623 305 1689 364 1027
1704 313 1804 367 lacar-

93 402 209 460 mittere
234 419 297 460 non
325 402 464 471 timuerit,
484 407 512 458 et
537 418 591 474 per
613 401 785 458 violentiam
809 397 924 473 aliquid
976 394 1037 448 nat.
1054 393 1151 463 Dom,
1166 396 1312 466 prasente
1325 392 1602 465 Falconi-Gauiridi,
1622 400 1650 452 et
1662 400 1804 456 truncar-

93 491 258 560 abstulerit,
273 491 420 566 imprimis
433 491 509 548 iram
524 489 576 548 Dei
590 488 804 563 omnipotentis
822 487 923 546 incur·
977 482 1017 539 do
1031 481 1166 552 baronis,
1182 482 1358 540 combaudo
1374 483 1506 552 Ostendi,
1522 489 1551 541 et
1562 485 1717 544 Guillelmo
1731 505 1804 562 prae-

91 581 141 650 rit,
157 584 185 637 et
199 597 218 637 a
232 582 382 639 consortio
397 579 632 639 Christianorum
647 584 806 637 extraneus
818 579 881 646 fiat,
896 582 925 634 et
977 570 1086 645 posito,
1102 570 1241 628 Eduardo
1255 576 1285 628 et
1298 571 1438 629 Guibel'to
1451 571 1560 630 milites
1574 577 1602 631 et
1616 574 1711 632 alius:
1731 578 1806 634 assi·

92 686 166 726 cum
189 670 306 727 nathan
329 675 358 727 et
380 670 494 728 Abiron
519 673 598 726 terra
612 669 696 728 vivos
710 668 881 738 absorbeat,
896 671 926 724 et
978 662 1072 716 stente
1087 658 1274 716 monasteriis
1292 659 1473 734 imprimitus
1504 663 1619 718 Sancta
1641 664 1751 734 Crucis,
1780 669 1808 722 et

92 775 254 833 nunquam
269 759 309 817 ad
322 763 459 817 sanctam
478 759 727 816 resurrectionem
746 774 816 815 cum
828 758 925 830 justos
979 748 1008 805 S.
1024 746 1121 805 Mari&
1135 748 1173 804 de
1189 747 1293 806 Solaco
1303 754 1331 806 et
1346 751 1374 806 S.
1390 749 1540 822 Macharii,
1553 755 1582 808 et
1595 751 1727 810 ecclesiis
1742 753 1808 811 aliis

93 853 250 924 appareat,
267 849 364 906 sedin
379 849 497 907 cocheti
523 850 640 923 laqueis
664 864 756 922 poena
781 851 926 921 perpetua
979 835 1089 893 abbate
1112 837 1299 906 Gomhaud0‚
1321 842 1351 895 et
1373 839 1508 896 Ecclesiae
1533 841 1738 912 burdigalensi
1758 859 1807 900 ar-

93 938 252 996 crucietur.
268 942 301 996 Et
315 939 341 995 si
353 938 460 1011 aliquis
484 939 727 996 adversariorum
753 952 926 994 assurrexe-
979 925 1172 1000 chieriscopo
1186 926 1353 984 Godelredo
1365 930 1414 1001 (l).

93 1029 143 1096 rit,
157 1027 182 1084 si
196 1027 346 1086 salvitates
355 1027 603 1098 violaverit,mille
616 1027 709 1084 libras
724 1027 790 1084 auri
805 1030 926 1084 coactus

93 1117 240 1175 tratribus
255 1122 427 1194 componat.

134 1260 171 1332 (l)
191 1262 250 1317 Hoc
262 1259 494 1318 instrumentum
522 1276 540 1318 a
568 1277 599 1316 se
623 1259 721 1316 visum
745 1263 868 1318 testatus
883 1265 927 1318 est
979 1264 1173 1322 concedimus
1186 1268 1214 1321 et
1228 1265 1455 1334 confirmamus,
1467 1268 1692 1342 sieutproedicta
1704 1272 1808 1330 charta

95 1332 239 1414 Henricus
255 1335 298 1400 lli,
310 1348 365 1414 rex
379 1333 502 1403 Angliae,
516 1331 650 1414 illudque
665 1332 753 1414 refert
766 1331 796 1388 in
810 1331 872 1388 suis
885 1332 928 1414 lit-
979 1335 1096 1410 praelati
1110 1335 1205 1402 ducis,
1219 1336 1250 1392 in
1260 1353 1321 1410 qua
1331 1338 1480 1419 praedicta
1495 1342 1701 1398 concessiones
1714 1348 1742 1399 et
1753 1343 1806 1400 do-

96 1408 177 1473 terrs,
206 1419 241 1459 ex
265 1403 377 1485 quihus
401 1403 512 1460 multas
530 1419 628 1460 vanas
651 1402 792 1460 lectiones
806 1403 926 1474 collegr-
980 1407 1116 1464 nationes
1130 1406 1248 1480 plenius
1263 1413 1462 1478 continentur,
1478 1410 1554 1467 sieut
1568 1417 1596 1468 et
1608 1413 1808 1470 confirmatio-

95 1491 176 1531 mus.
195 1477 226 1530 ln
237 1473 297 1532 fine
310 1474 475 1532 htterarum
489 1474 573 1531 addit
583 1489 636 1531 rex
652 1493 658 1530 :
981 1495 1035 1536 nes
1051 1477 1196 1535 Guillelmi
1210 1478 1367 1551 quondam
1383 1480 1468 1536 ducis
1489 1483 1655 1555 Aquitaniae
1679 1490 1707 1540 et
1732 1485 1809 1556 regis

134 1568 149 1596 c
169 1549 228 1602 Nos
243 1561 315 1617 ergo
330 1549 363 1602 ut
376 1546 474 1602 omnis
498 1545 628 1619 suspicio
653 1545 736 1604 lalsae
762 1545 925 1602 Latinitatis
980 1549 1119 1606 Richardi
1144 1549 1285 1606 avunculi
1313 1551 1416 1621 nostri,
1444 1557 1514 1609 tunc
1539 1555 1680 1628 temporis
1694 1555 1810 1612 comitis

96 1616 929 1762 tlttltlititrttmrltthtitillaret&
981 1620 1811 1763 litterisrlrttflrtltuhlttuutrrur

97 1760 139 1816 sit
165 1761 206 1816 ob
234 1760 455 1841 hocpraedioto
485 1731 665 1816 monas’terio
691 1761 805 1817 sancta
827 1759 928 1817 Crucis
982 1762 1105 1820 testibus
1117 1735 1337 1820 venerabilibr’rs
1351 1725 1487 1822 l'atrihus
1502 1770 1558 1840 Ay.
1584 1740 1810 1843 archiepiscopo

95 1831 325 1901 Burdigalensrs
347 1836 375 1888 et
398 1831 501 1888 abbati
524 1836 552 1888 et
566 1830 723 1888 monachis
743 1830 855 1888 ibidem
868 1833 928 1887 Deo
982 1833 1198 1906 Ebredunensi,
1212 1838 1241 1890 et
1255 1837 1285 1890 P.
1306 1837 1509 1894 llerslordensi
1523 1839 1626 1912 episco
1649 1857 1678 1910 o,
1693 1842 1810 1898 Joanne

97 1902 299 1960 servientibus
312 1919 390 1975 quos
405 1903 520 1960 sincera
529 1902 754 1976 complectimur
763 1902 793 1958 in
802 1901 928 1958 Domino
981 1904 1043 1962 tilio
1058 1905 1179 1976 Goiridi,
1194 1904 1267 1962 Phili
1290 1923 1329 1980 po
1345 1909 1454 1976 Basset,
1472 1909 1597 1966 lladulio
1645 1912 1673 1967 io
1687 1913 1800 1968 Nachat

97 1973 255 2056 charitate,
272 1973 479 2046 praeiudicium
488 1978 544 2056 'aut
558 1989 721 2056 gravamen
735 1972 857 2046 aliquod
877 1989 927 2044 ge·
981 1978 1094 2034 Ioanne
1109 1977 1147 2058 de
1162 1923 1342 2046 Lexentsson
1358 1980 1474 2036 loanne
1489 1981 1651 2050 llannilest‚
1676 1953 1810 2040 (luidone

98 2059 211 2112 neren,
222 2060 284 2101 non
297 2044 434 2102 obstante
443 2045 617 2115 hujusmodi
631 2050 712 2108 vitro,
728 2044 862 2101 chartam
878 2060 927 2101 ra·
982 2047 1020 2104 de
1032 2047 1191 2105 Rossdhon
1204 2052 1232 2104 et
1245 2048 1346 2105 multis
1361 2049 1434 2108 aliis.

99 2116 247 2171 titlcantes
262 2115 410 2183 eamdem,
424 2115 582 2190 praedictas
596 2115 804 2171 concessiones
827 2121 855 2172 et
873 2115 927 2172 do·
1018 2141 1032 2169 α
1054 2123 1161 2176 llatum
1167 2134 1227 2201 per
1251 2135 1375 2177 manum
1403 2127 1537 2180 nostram
1562 2125 1644 2198 apud
1663 2125 1811 2197 Burdega-

97 2187 237 2268 nationes
249 2191 330 2242 ratas
344 2191 373 2242 et
384 2192 484 2256 gratas
496 2187 639 2268 hahentes
656 2202 707 2244 eas
721 2201 777 2260 pro
799 2187 888 2244 nohis
901 2192 930 2245 et
982 2190 1044 2246 lam
1059 2207 1130 2246 xxrrr
1144 2189 1192 2246 dre
1211 2191 1323 2247 mensis
1346 2193 1484 2264 Augusti,
1514 2211 1595 2252 anno
1612 2197 1697 2268 regni
1718 2197 1811 2255 nostri

95 2256 268 2313 haeredibus
304 2257 413 2315 nostris
438 2257 582 2331 predicto
617 2258 800 2315 monasterio
836 2259 929 2316 libere
982 2261 1127 2318 vicesimo
1142 2262 1278 2337 septimo.
1300 2287 1314 2314 »ι

100 2395 1812 2440 πω

772 2518 862 2562 ΑΝΝΟ
885 2518 1005 2563 DOMINI
1027 2520 1146 2563 MXXXI.

325 2667 754 2856 BEATUS
802 2669 1509 2862 GUILLELMUS
1558 2677 1593 2860 l

384 2975 619 3096 ABBAS
666 2974 718 3096 S.
769 2975 1105 3096 GERMANI
1156 2980 1202 3095 Α
1251 2979 1531 3103 PRATIS.

523 3328 852 3417 NOTITIA
926 3328 1394 3420 fllsroltlcl.

639 3527 753 3599 (Gallia
768 3527 955 3598 Christiana,
971 3531 1044 3584 tom.
1059 3530 1115 3600 Vll,
1131 3515 1202 3602 pag.
1216 3529 1289 3604 435).

141 3797 171 3851 Β.
188 3791 360 3851 Guillelmus
373 3795 395 3862 l,
411 3806 519 3862 genere
533 3789 653 3863 nobilis,
669 3789 724 3847 sed
750 3789 838 3863 longe
851 3790 936 3848 nobi·
954 3780 974 3834 Β
988 3791 1050 3849 rius
1065 3809 1120 3850 seu
1131 3793 1297 3853 advocatus
1324 3795 1377 3869 qui
1403 3812 1515 3854 nomen
1540 3798 1699 3871 Pipinellus
1719 3802 1818 3858 (larini

103 3885 161 3942 lior
174 3882 326 3954 religione,
340 3880 472 3954 primum
486 3880 542 3937 iuit
562 3879 751 3937 buciacensis
772 3897 825 3938 seu
847 3882 936 3938 Luce·
988 3881 1137 3953 exigebat,
1152 3884 1266 3954 judicio
1281 3885 1399 3940 Roberti
1424 3885 1501 3956 regis
1530 3886 1658 3942 obtinuit
1685 3889 1820 3944 amoveri

103 3973 217 4031 diensis
241 3972 273 4028 in
299 3970 381 4028 ltalia
408 3971 586 4038 monachus,
616 3974 681 4026 tum
719 3969 935 4040 Cluniaeensis,
989 3969 1081 4042 (enac
1098 3973 1186 4045 1027),
1216 3973 1298 4030 ldem
1324 3988 1446 4045 quoque
1464 3973 1674 4030 detunctorum
1694 3974 1849 4032 fratrum.

104 4063 215 4122 deinde
228 4061 310 4136 prior
324 4060 423 4119 Sancti
436 4059 587 4118 Saturnini
599 4059 637 4115 de
652 4063 741 4133 portu
763 4060 802 4116 ad
819 4059 936 4116 Rhoda·
990 4057 1135 4116 sollicitus
1149 4065 1235 4117 vetus
1249 4065 1475 4117 antecessorum
1497 4065 1643 4119 statutum
1665 4065 1820 4122 renovavit

102 4170 181 4212 num
201 4151 338 4209 dioecesis
367 4149 555 4218 Uceticensis,
584 4148 677 4220 vulgo
702 4150 730 4206 le
746 4149 939 4206 Pont-Saint-
989 4147 1027 4204 de
1040 4147 1123 4205 omni
1136 4147 1185 4204 die
1200 4148 1404 4206 anniversaria
1418 4149 1593 4206 nominihus
1608 4167 1714 4210 eorum
1727 4153 1759 4211 in
1773 4169 1820 4214 ca-

104 4245 220 4314 Esprit,
235 4244 341 4315 postea
354 4239 540 4297 Divionensis
566 4238 662 4295 abbas
677 4237 776 4295 Sancti
791 4237 914 4310 Benigni
930 4256 936 4308 ;
990 4237 1084 4312 pitulo
1097 4237 1340 4311 pronuntiandis,
1355 4242 1384 4311 et
1395 4239 1528 4313 quotidie
1540 4240 1665 4314 psalmis
1686 4244 1820 4320 quinque

103 4331 176 4389 inde
190 4331 230 4388 ad
243 4327 454 4387 renovandum
468 4328 607 4403 pluribus
625 4327 656 4384 in
676 4327 750 4384 locis
771 4327 938 4401 disciplina
991 4326 1031 4384 ad
1051 4327 1216 4400 capitulum
1238 4327 1406 4386 finiendum
1433 4328 1649 4404 decantandis;
1676 4333 1820 4410 alterique

102 4420 251 4493 regularis
280 4419 416 4490 vigorem
453 4417 623 4491 frequenter
651 4420 804 4486 evocatus,
843 4416 938 4474 multa
990 4419 1111 4488 statuto,
1125 4421 1158 4474 ut
1171 4416 1281 4474 scilicet
1294 4418 1427 4492 quotidie
1441 4435 1504 4477 una
1517 4423 1682 4494 prebenda
1694 4424 1731 4482 de
1741 4441 1820 4498 pane

103 4509 185 4569 rexit
195 4509 384 4567 monasteria.
399 4508 431 4565 ln
443 4508 491 4564 his
505 4507 560 4563 luit
574 4509 774 4565 Germanense
798 4523 817 4564 a
834 4507 937 4578 Pratis,
991 4511 1020 4563 et
1032 4507 1103 4564 vino
1116 4523 1172 4582 pro
1187 4507 1333 4565 defunctis
1348 4508 1488 4580 daretur;
1503 4510 1612 4582 adjecit
1629 4518 1663 4568 ut
1685 4512 1820 4569 adiehus

104 4599 192 4675 quod
215 4601 301 4672 jussu
326 4597 445 4655 heberti
472 4596 551 4669 regis
578 4600 607 4654 et
628 4596 805 4654 Constantia
828 4595 938 4667 regina
991 4597 1052 4654 suis
1066 4598 1205 4671 usquein
1219 4599 1312 4656 tinem
1326 4599 1425 4656 saeculi
1439 4617 1495 4674 pro
1509 4601 1649 4658 iratribus
1672 4600 1822 4657 morienti-

105 4705 196 4747 suam
207 4688 238 4745 in
250 4704 355 4746 curam
369 4691 544 4760 susceptum
555 4685 753 4743 sanctioribus
766 4685 939 4744 informavit
990 4685 1049 4743 bus
1063 4687 1237 4745 tricenarius
1251 4687 1405 4761 plenarius
1429 4688 1460 4744 in
1485 4687 1609 4745 ecelesia
1633 4692 1779 4758 ageretur,
1794 4692 1823 4745 et

104 4779 259 4838 institutis.
290 4779 355 4846 Qua
382 4777 420 4835 de
442 4793 474 4834 re
502 4776 543 4833 sic
582 4775 713 4833 aimoini
739 4775 938 4846 continuator,
992 4773 1127 4833 similiter
1139 4776 1245 4834 diebus
1258 4792 1362 4834 eorum
1379 4775 1591 4833 anniversariis
1614 4775 1646 4832 in
1666 4775 1822 4834 refectorio

103 4870 158 4928 lib.
175 4886 205 4938 v,
222 4868 383 4943 capiteltz
401 4889 416 4917 α
432 4869 509 4924 llum
529 4864 672 4936 monaehi
689 4863 821 4939 seperari
842 4881 941 4922 coeno
991 4865 1083 4934 fieret,
1111 4869 1140 4922 et
1165 4867 1196 4922 in
1222 4865 1353 4939 capitulo
1380 4865 1653 4939 pronuntiarentur.
1674 4864 1707 4921 ld
1722 4869 1822 4922 actum

104 4961 149 5018 bii
165 4961 232 5029 (suh
246 4961 359 5032 ingone
373 4959 489 5031 abbate)
502 4958 638 5015 seculari
663 4955 755 5015 modo
776 4957 870 5014 vitam
885 4956 940 5014 du·
992 4955 1139 5028 esttenete
1156 4957 1236 5026 1028)
1252 4953 1376 5012 consilio
1390 4958 1419 5010 et
1431 4952 1602 5010 testimonio
1617 4952 1741 5010 Baldriei
1754 4957 1823 5010 Bur-

106 5053 218 5118 cerent,
233 5047 386 5124 piissimus
415 5047 559 5105 liebertus
597 5063 650 5104 rex
679 5062 742 5104 una
779 5063 849 5103 cum
885 5062 940 5103 sua
993 5045 1135 5117 guliensis
1149 5043 1277 5101 abbatis.
1292 5043 1383 5102 Paulo
1397 5047 1465 5116 post
1484 5040 1657 5098 Guillelmus
1680 5043 1822 5115 Adraldo,

104 5153 202 5197 uxore
228 5138 365 5195 videlieet
391 5137 562 5197 Constantia
587 5136 714 5207 regina,
754 5139 866 5207 ingone
892 5135 942 5192 de·
961 5137 1146 5193 Cannuente
1158 5147 1237 5203 rege,
1259 5131 1414 5189 abbatiam
1438 5130 1605 5202 resignasse
1623 5131 1748 5190 videtur.
1775 5135 1822 5205 At,

106 5229 223 5298 functo,
248 5243 406 5286 accersens
441 5227 624 5285 Guliermum
665 5225 806 5282 abbatem
843 5223 940 5282 Divio-
994 5239 1050 5299 pro
1066 5223 1156 5291 certo,
1171 5220 1316 5292 regimine
1330 5221 1418 5277 cessit
1432 5223 1500 5278 ante
1515 5219 1642 5293 obitum,
1665 5222 1718 5297 qui
1734 5223 1826 5282 conti-

106 5319 212 5377 nensis
238 5317 377 5388 emnobii,
402 5317 429 5374 ei
455 5316 611 5374 abbatiam
634 5313 716 5371 dedit
740 5317 770 5371 Β.
792 5313 940 5384 Germani,
996 5311 1039 5383 git
1063 5325 1144 5367 anno
1173 5310 1237 5368 1031
1270 5309 1413 5368 Kalendis
1435 5309 1569 5367 ianuarii
1590 5311 1622 5368 in
1643 5314 1824 5372 monasterio

106 5410 161 5484 qui
177 5423 246 5466 eam
258 5407 432 5480 regulariter
446 5406 603 5465 instituens
631 5419 712 5461 anno
736 5404 854 5461 homini
874 5408 942 5462 {0³0
997 5399 1209 5470 Fiscamnensi,
1240 5399 1293 5458 ubi
1315 5404 1344 5457 et
1364 5400 1498 5475 sepultus
1512 5404 1565 5459 est.
1577 5401 1638 5460 Hac
1657 5405 1704 5461 die
1719 5405 1826 5476 legitur

105 5501 171 5558 vita
198 5497 370 5556 decessit.»
406 5495 462 5556 sed
491 5511 590 5569 neque
613 5494 714 5552 minus
740 5493 884 5568 providus
911 5495 943 5550 in
996 5491 1028 5549 in
1042 5490 1215 5562 Necrologio
1238 5489 1370 5548 Pratensi
1390 5509 1396 5548 :
1415 5492 1563 5550 Kalendis
1586 5495 1730 5551 Janaarii
1754 5494 1825 5552 odiit

106 5586 339 5663 temporalibus,
352 5603 464 5662 pravas
479 5583 549 5643 inde
564 5583 806 5654 consuetudines,
820 5599 897 5656 quas
912 5582 943 5639 in
997 5582 1124 5639 domnus
1137 5580 1228 5638 abbas
1244 5581 1422 5638 Guilletmus
1434 5583 1527 5640 nimia
1542 5584 1735 5655 religiositate
1746 5585 1827 5644 solli·

107 5677 277 5738 antoniaco
288 5676 360 5735 villa
375 5681 404 5735 et
415 5673 634 5751 appendicibus
647 5671 773 5748 quidam
788 5671 854 5744 ejus
865 5669 944 5730 vica·
998 5674 1086 5730 citus.
