3996 6178
235 205 299 266 ιιιι
702 205 730 262 s.
751 170 1476 264 conensemnerseorreunnsununnsis.
1881 201 1935 262 etr

233 331 438 390 tribulationes
475 332 596 386 nostras
621 328 686 401 iam
719 309 942 402 aliquantulum
975 323 1059 383 deci·
1073 323 1099 381 l
1113 327 1173 383 ster
1185 324 1568 400 Bernardusapostolieum
1576 321 1788 382 innocentium
1802 337 1874 380 cum
1886 322 1933 381 suiv

232 416 326 488 derat,
345 417 575 488 redintegratur,
590 421 693 494 etque
722 417 828 475 ordine
854 416 895 474 ad
919 414 1060 474 enectum
1112 413 1317 473 cardinalibus
1330 415 1479 484 convenit,
1494 417 1524 472 et
1537 411 1576 471 da
1591 429 1684 470 causa
1701 411 1832 488 patroni
1858 415 1933 470 nasu

231 509 444 584 perduceretur
458 506 497 563 ab
508 507 651 564 omnibns
665 506 846 566 elaboratur.
1111 503 1376 562 beatiGodehcrdi
1390 519 1488 580 usque
1509 519 1545 560 eo
1573 501 1725 560 induciata
1752 499 1931 558 devotissime

266 601 295 658 8.
308 594 365 652 Sed
381 611 450 652 cum
466 595 611 666 canoniea
622 612 758 668 censura,
773 599 896 670 propter
905 593 1058 652 illusiones
1112 592 1298 652 submonuit.
1315 593 1384 664 Sed,
1396 594 1458 651 Deo
1471 596 1624 650 annuente
1638 595 1667 649 et
1683 589 1713 648 id
1726 589 1870 662 iaciente,
1882 607 1932 646 om·

230 683 415 753 daemonum,
432 701 500 760 quae
515 684 686 760 frequenter
697 687 727 744 in
744 685 873 743 Ecclesia
883 683 935 743 [tei
945 684 977 742 in
991 681 1057 742 tali·
1111 697 1166 739 nes
1179 683 1339 742 unanimes
1352 688 1382 742 et
1396 682 1562 742 concordes
1575 680 1608 739 in
1622 697 1679 743 sua
1697 678 1848 756 petitione
1870 679 1934 736 inve

228 771 288 829 bus
302 773 499 847 contigerunt,
515 778 660 833 statutum
674 775 711 834 sit
721 791 759 833 ne
774 775 842 850 quis
856 775 919 832 sine
938 776 1058 847 aposto
1111 770 1164 842 nit,
1180 775 1213 829 ut
1224 777 1293 846 pest
1306 771 1373 847 ipsa
1388 789 1435 830 res
1447 771 1599 830 indicavit.

228 859 287 919 lica
301 863 487 935 auctoritate,
501 868 530 922 et
544 865 606 922 vita
620 865 715 939 ipsius
734 882 788 940 per
811 865 892 922 viros
919 866 1058 922 auctora·
1147 864 1191 918 to.
1207 865 1282 920 llam
1297 867 1417 937 postera
1440 861 1488 920 die
1512 877 1583 920 eum
1609 859 1640 918 in
1667 859 1794 934 synodo
1818 858 1932 931 genudi

228 950 304 1009 biles
323 953 502 1027 approbata,
531 954 765 1027 canonizaretur,
792 953 876 1029 quod
903 957 1004 1012 nmen
1025 952 1057 1010 in
1110 951 1294 1023 apostolicus
1307 950 1460 1024 resideret,
1475 951 1559 1010 nullo
1585 949 1784 1020 admonente,
1809 949 1861 1006 sed
1885 953 1930 1006 [leo

228 1041 467 1115 procedentibus
493 1046 556 1101 tum
581 1047 704 1118 propter
734 1043 951 1114 difficultatem,
992 1047 1056 1100 tum
1110 1038 1443 1115 faciente,apostclicus
1456 1040 1496 1098 ad
1510 1039 1823 1099 omnesluculentam
1837 1039 1928 1096 oratio·

228 1134 351 1204 propter
364 1129 614 1204 longinquitatem
626 1132 748 1206 itineris,
773 1147 899 1190 causam
922 1134 1056 1190 nostram
1108 1141 1179 1186 nem
1190 1127 1306 1198 babuit,
1321 1129 1353 1187 in
1367 1145 1428 1204 qua
1442 1129 1635 1188 disertissime
1650 1128 1927 1204 petitionemnostre

228 1217 316 1275 valde
334 1218 547 1292 retardaverat,
563 1219 747 1290 factumest,
763 1223 823 1278 Deo
842 1225 1004 1289 annuente,
1024 1223 1057 1277 ut
1110 1217 1247 1276 Ecclesia
1270 1218 1308 1276 de
1336 1223 1466 1294 patrono
1488 1223 1594 1277 nostro
1610 1219 1765 1294 exposuit,
1796 1221 1835 1290 et,
1853 1222 1882 1274 ut
1893 1233 1928 1274 a*

227 1307 311 1383 quod
325 1313 395 1366 ante
410 1308 474 1365 sine
489 1325 601 1380 magna
616 1309 754 1384 impensa
768 1327 804 1368 ec
819 1325 939 1367 summo
953 1309 1056 1368 labore
1109 1321 1231 1364 sensum
1244 1307 1424 1382 preberent,
1440 1307 1633 1366 devotissime
1644 1306 1823 1382 postulavit.
1839 1307 1883 1364 liis
1895 1308 1925 1364 ita

226 1412 289 1454 non
303 1401 420 1471 poterat
434 1397 474 1454 ad
487 1397 626 1456 affectum
640 1399 775 1474 perduci,
796 1399 828 1457 id
851 1399 940 1458 nobis
968 1398 1057 1474 quasi
1109 1394 1209 1467 gestis,
1223 1396 1383 1471 episcopus
1394 1397 1687 1469 Tarraconensistlt)
1716 1395 1765 1454 vir
1778 1396 1924 1468 religiosus,

227 1490 296 1543 ante
310 1487 419 1544 ostium
434 1485 589 1559 inopinate
605 1487 779 1545 deterretur.
793 1492 868 1545 Nam
891 1488 923 1546 in
952 1485 1056 1546 leodi·
1108 1489 1137 1542 et
1150 1484 1268 1544 litterali
1282 1487 1405 1545 scientia
1417 1487 1564 1558 eruditus,
1579 1486 1663 1563 qnod
1682 1485 1795 1546 ordine
1817 1487 1923 1544 transtu·

226 1589 348 1633 oensem
363 1573 514 1633 civitatem
529 1575 612 1632 curia
624 1576 738 1633 indicta
752 1581 806 1648 est,
833 1575 887 1634 ubi
910 1581 1055 1635 lnnocen·
1108 1573 1149 1631 tio
1163 1573 1227 1633 fieri
1239 1575 1371 1649 deberet,
1387 1577 1527 1651 esposuit
1540 1594 1548 1634 ι
1563 1575 1713 1635 scilicetsi
1728 1593 1767 1636 ea
1781 1593 1847 1652 quc
1859 1577 1922 1634 dice·

225 1661 284 1720 tius
297 1678 379 1737 papa
394 1680 464 1722 cum
479 1667 616 1723 Romana
631 1664 771 1732 Ecclesia,
787 1670 816 1723 et
831 1681 943 1738 magna
971 1668 1055 1740 parte
1070 1685 1091 1742 g
1108 1662 1220 1722 bantur
1231 1665 1269 1723 de
1283 1670 1413 1740 patrono
1423 1671 1536 1736 nostro,
1553 1666 1685 1724 Ecclesia
1699 1670 1808 1724 nostre
1819 1683 1869 1741 per
1889 1665 1919 1723 ie·

227 1751 337 1822 Gallim,
354 1769 424 1810 cum
441 1754 578 1812 lothario
588 1769 658 1828 rege
674 1759 703 1812 et
720 1755 781 1813 iere
801 1755 950 1814 universis
975 1756 1054 1830 epis·
1109 1753 1230 1826 gitimos
1257 1759 1349 1812 metes
1377 1770 1414 1812 ac
1437 1756 1612 1827 juramento
1635 1755 1857 1831 comprobaret.
1880 1756 1919 1810 llis

225 1841 310 1914 copis
324 1842 491 1899 'teutonicus
506 1843 638 1914 regionis
658 1849 873 1916 convenerunt,
884 1849 918 1903 ut
942 1845 980 1902 de
992 1845 1054 1903 vio·
1107 1842 1290 1902 veroverhis
1306 1843 1493 1918 apostolicus
1505 1861 1538 1901 se
1549 1843 1741 1919 interposuit,
1757 1848 1816 1902 eta
1833 1843 1919 1918 prinei

223 1927 315 1987 lentie
329 1933 470 1988 Romanae
484 1931 620 1990 Ecclesiae
636 1951 690 2008 per
704 1935 1055 2010 Petrumleonisperpe·
1107 1931 1198 2006 pibus
1212 1937 1297 1991 terre
1310 1939 1422 1992 nostres
1446 1933 1524 1992 adeo
1548 1936 1580 1992 in
1602 1933 1783 1992 leodicensi
1809 1933 1919 1992 Ecclesia

223 2020 310 2088 trata,
324 2019 454 2094 quitum
482 2022 627 2097 temporis
650 2028 797 2098 papatum
825 2023 882 2082 sibi
910 2023 1054 2083 violenter
1106 2021 1304 2082 certificatum
1319 2022 1410 2082 fuisse
1425 2025 1561 2094 asseruit,
1576 2028 1610 2082 ut
1626 2039 1688 2082 non
1712 2039 1795 2099 opus
1808 2021 1916 2082 essetid

224 2107 389 2182 usurpavit,
406 2113 629 2183 pertractarent,
643 2115 672 2169 et
694 2113 822 2186 qualiter
848 2113 924 2172 illud
938 2113 1052 2172 idolum
1107 2113 1240 2171 seeundo
1254 2113 1416 2182 testificari,
1427 2113 1511 2188 quod
1523 2113 1652 2172 lucidius
1666 2113 1735 2172 sole
1745 2119 1841 2190 posset
1851 2129 1915 2170 com·

224 2195 256 2254 in
271 2197 383 2273 templo
396 2199 514 2257 Domini
528 2201 662 2275 positum
686 2202 884 2274 destruerent,
914 2203 1052 2262 elabora-
1106 2201 1238 2275 probari.
1253 2201 1368 2261 luditis
1383 2208 1485 2261 auum
1509 2219 1578 2277 quoe
1606 2203 1647 2261 ab
1669 2203 1835 2278 apostolico
1853 2203 1913 2260 dice

223 2290 299 2346 rent.
315 2289 437 2345 Paetum
450 2287 540 2361 igitur
554 2295 599 2348 est
619 2298 652 2349 ut
667 2292 707 2350 ad
734 2293 922 2352 Dominicam
935 2295 1054 2352 Latere
1104 2289 1344 2361 hantur,omnes
1364 2291 1547 2352 unanimiter
1559 2296 1594 2351 ut
1614 2293 1808 2352 eanoniretur
1831 2307 1910 2350 msen·

222 2377 391 2434 Jerusalem
407 2377 447 2434 ad
461 2379 637 2452 predictam
650 2380 799 2439 civitatem
813 2383 899 2440 multi
913 2381 1052 2441 catholici
1105 2395 1173 2438 sum
1191 2381 1337 2456 prebent,
1352 2387 1382 2440 et
1399 2387 1433 2440 ut
1442 2381 1547 2440 nudes
1562 2381 1689 2440 [lomim
1717 2382 1906 2458 persolvantur,

222 2463 288 2534 viri,
303 2467 366 2524 tam
379 2481 449 2523 cum
459 2467 627 2542 apostolico
638 2485 733 2543 quam
747 2487 817 2529 cum
829 2488 899 2544 rege
909 2472 1051 2530 conveni·
1105 2470 1271 2530 admonent
1283 2473 1338 2547 qui
1351 2473 1610 2546 dignatur'servos
1625 2489 1698 2530 snos
1713 2473 1756 2533 ab
1766 2473 1906 2532 infirmitate

222 2555 299 2624 rent,
316 2554 391 2612 etde
406 2558 560 2613 communi
576 2561 654 2615 statu
674 2559 811 2619 Ecclesiae
825 2565 1049 2636 pertractarent.
1103 2559 1196 2633 hujus
1210 2561 1308 2618 carnis
1327 2562 1451 2637 eripere,
1478 2567 1507 2620 et
1533 2563 1610 2620 inter
1628 2567 1754 2622 sanctos
1780 2569 1808 2620 et
1821 2562 1903 2620 necte

223 2643 302 2701 inter
315 2657 393 2718 quos
407 2659 519 2718 praeses
533 2650 635 2703 noster
648 2649 816 2706 Bernartius
834 2665 904 2707 cum
931 2650 1052 2724 majori·
1104 2665 1175 2706 snos
1188 2651 1346 2710 collocare.
1358 2651 1505 2710 contnuo
1525 2654 1564 2710 Te
1572 2654 1667 2710 Deum
1698 2654 1850 2711 laudamus
1870 2667 1903 2707 ra·

221 2732 398 2810 busnostrae
413 2733 550 2791 Ecclesia
568 2736 721 2808 assistens,
744 2738 851 2795 videns
868 2741 1050 2814 opportuni·
1102 2738 1202 2809 nitur,
1217 2739 1284 2813 laus
1298 2741 1494 2814 omnipotenti
1508 2743 1569 2799 ileo
1583 2741 1771 2816 persolvitur,
1785 2747 1812 2799 et
1822 2740 1902 2798 sie'de

221 2825 313 2880 tatem
326 2820 404 2879 ultro
419 2822 475 2879 sibi
491 2822 642 2894 collatam,
654 2825 755 2900 ipsum
768 2828 968 2903 apostolicum
978 2847 1049 2888 eum
1102 2846 1187 2888 mum
1202 2830 1375 2890 coadunata
1390 2832 1527 2906 synodus
1548 2833 1737 2890 terminatur.
1763 2833 1832 2890 Tum
1849 2847 1900 2888 rem

219 2909 305 2968 omni
322 2910 406 2967 curia
434 2915 570 2970 Romana
594 2915 776 2989 aggreditur,
801 2919 923 2994 vitaque
948 2927 1050 2996 pasto
1100 2919 1225 2978 antistes
1249 2925 1360 2990 noster,
1390 2922 1523 2980 munitus
1548 2922 1722 2997 apostolicis
1746 2922 1850 2993 lteris,
1871 2919 1901 2977 ed

218 2995 261 3052 ris
271 2998 366 3057 nostri
380 3014 483 3057 coram
496 3000 570 3075 ipsis
579 3003 730 3076 recitatur,
745 3011 775 3066 et
794 3013 827 3067 ut
854 3025 908 3084 per
930 3027 1001 3070 cum
1017 3012 1048 3072 in
1063 3045 1083 3103 C
1101 3023 1157 3066 nos
1186 3025 1281 3084 usque
1309 3011 1487 3083 regreditur,
1516 3017 1545 3070 et
1567 3013 1680 3070 aclero
1694 3019 1725 3070 et
1742 3011 1841 3087 populo
1861 3011 1900 3066 be

219 3083 351 3146 Ecclesia
364 3087 416 3147 liei
429 3089 632 3162 canonizetur,
647 3093 840 3158 devotissime
853 3115 958 3173 preces
983 3101 1049 3160 iun·
1101 3097 1193 3171 nigne
1212 3099 1383 3175 suscipitur,
1409 3099 1574 3176 litteraeque
1599 3102 1768 3176 apostoliea
1792 3113 1899 3158 reseram

218 3173 341 3235 duntur.
913 3189 920 3199 ‘
1101 3192 1158 3246 tur.
1185 3189 1300 3257 Quibus
1325 3189 1467 3258 recitatis,
1491 3193 1552 3249 lieo
1578 3190 1686 3249 laudes
1710 3191 1897 3266 persolvuntur.

253 3265 437 3326 aseneum
459 3273 646 3330 consuetudo
675 3273 714 3333 sit
741 3279 882 3336 Romanae
910 3280 1047 3339 Ecclesia
1099 3281 1195 3336 Tener
1218 3295 1290 3339 vero
1319 3279 1492 3355 apostolice
1520 3281 1721 3340 concessionis
1735 3281 1850 3356 sequitur
1871 3277 1896 3334 in

217 3353 249 3412 in
261 3357 394 3429 generali
406 3360 532 3418 concilio
548 3367 669 3422 sanctos
682 3365 733 3423 liei
747 3367 934 3439 canonizare,
961 3370 1048 3444 quod
1099 3368 1166 3426 haec
1180 3368 1273 3428 verba
1290 3386 1297 3426 :

216 3446 288 3502 tunc
316 3449 461 3522 temporis
481 3450 512 3507 in
536 3451 714 3512 Remensem
741 3455 892 3516 civitatem
916 3458 948 3516 in
971 3460 1046 3517 testo
1137 3463 1179 3515 Η.
1193 3459 1373 3518 innocentius
1389 3459 1560 3537 episcopus,
1574 3477 1676 3520 servus
1689 3475 1822 3518 servornm
1836 3457 1886 3520 liei,

216 3533 313 3630 sancti
326 3536 411 3592 Lucae
425 3535 571 3594 indictum
586 3539 693 3610 iuerat,
710 3551 834 3619 accepto
844 3547 980 3618 consilio,
995 3563 1046 3622 pe-
1097 3547 1212 3604 dilectis
1227 3548 1307 3623 filiis,
1320 3548 1400 3607 clero
1414 3554 1444 3607 et
1454 3551 1570 3625 populo
1586 3545 1831 3610 llildenesbeimensi
1843 3559 1881 3601 sa·

214 3619 350 3678 fluoncm
366 3623 501 3682 Ecclesia
515 3631 625 3684 nostrre
637 3633 779 3704 usquein
797 3635 973 3707 praedictum
999 3638 1044 3695 lo-
1097 3635 1190 3694 lutem
1203 3642 1231 3694 ct
1243 3639 1441 3712 apostolicam
1454 3640 1698 3700 benedictionem.

215 3723 287 3765 cum
300 3707 425 3783 distulit,
440 3711 543 3788 ibique
558 3714 758 3777 diffinitarum
784 3723 949 3784 certissime
973 3741 1044 3800 pro·
1133 3727 1260 3786 Veniens
1274 3730 1314 3786 ad
1327 3746 1385 3788 nos
1397 3730 1578 3790 venerahilis
1589 3732 1678 3790 nater
1688 3735 1774 3790 noster
1786 3731 1887 3786 berner·

213 3795 305 3901 mirit.
317 3797 369 3858 His
381 3799 422 3859 ita
434 3803 536 3878 gestis,
552 3805 674 3864 antistes
687 3814 789 3870 noster
800 3814 1044 3891 apostolica-pro·
1096 3817 1156 3874 dus
1168 3817 1331 3894 episcopus
1356 3825 1464 3892 vester,
1487 3821 1519 3880 in
1540 3821 1676 3898 plenaria
1703 3819 1815 3898 syuodo,
1834 3833 1890 3891 que

214 3904 361 3952 ffl1⁸⁵¹0110
376 3892 541 3963 1111111118,
554 3896 639 3954 tetus
653 3900 830 3972 regreditur,
845 3907 874 3962 et
883 3905 923 3964 ah
948 3909 1044 3967 omni·
1097 3907 1195 3965 nemis
1205 3924 1259 3983 per
1271 3909 1323 3967 Dei
1333 3911 1461 3981 gratiam
1475 3911 1572 3970 iuerat
1584 3915 1771 3986 congregate,
1795 3909 1892 3966 attesta-

212 3975 272 4036 bus
291 3977 398 4039 devote
410 3983 582 4058 suscipitur,
597 3989 627 4043 et
641 4003 710 4062 quae
725 3989 782 4048 sibi
800 4007 947 4068 responsa
973 3996 1041 4069 siut,
1095 3994 1175 4052 tione
1188 3997 1313 4054 benum
1333 4003 1506 4059 nostrorum
1531 4000 1752 4077 episcoporum,
1772 4006 1798 4057 et
1820 3995 1894 4054 abba·

213 4073 401 4126 enarrantur.
413 4073 496 4130 Tunc
510 4087 617 4132 omnes
635 4078 875 4157 audientesque
904 4101 958 4160 per
972 4101 1044 4160 apo·
1096 4089 1170 4156 tum,
1187 4090 1216 4144 et
1227 4086 1355 4145 aliorum
1370 4089 1423 4162 qui
1435 4105 1539 4148 secum
1552 4097 1709 4162 venerant,
1731 4093 1828 4148 sancte
1848 4099 1895 4142 me·

212 4155 336 4214 leticum
350 4161 502 4233 promisse
514 4169 595 4234 sunt,
617 4169 800 4228 unanimiter
812 4171 960 4246 laetantur,
977 4191 1043 4250 pre·
1095 4175 1198 4234 moriae
1213 4175 1426 4236 Godehardum
1441 4179 1619 4255 episcopum
1633 4186 1763 4239 vestrum
1785 4173 1894 4236 leudam·

211 4259 322 4318 aesque
334 4247 417 4321 apud
431 4250 605 4324 pontificem
619 4261 758 4318 nostrum
768 4259 961 4322 devotissime
974 4266 1042 4323 iun·
1093 4263 1160 4322 liter
1173 4264 1281 4323 vixisse
1296 4265 1327 4324 in
1341 4267 1467 4336 mundo.
1484 4271 1631 4328 ettamin
1658 4271 1722 4329 vita
1738 4285 1822 4346 quam
1842 4267 1895 4340 poet

211 4333 334 4408 duntur,
349 4351 387 4392 ne
407 4354 439 4395 ee
458 4343 549 4398 lenm
573 4345 766 4417 promissioni
794 4351 960 4424 subtrahat,
988 4355 1042 4414 scd
1094 4357 1221 4411 mortem
1232 4354 1334 4412 multis
1349 4355 1502 4414 miraculis
1513 4374 1689 4417 coruscasse
1701 4351 1895 4416 asseruittlnde

210 4421 279 4525 licet
291 4422 477 4527 laboriosum
493 4427 539 4502 sit,
552 4429 616 4506 ipse
629 4451 661 4492 ss
675 4441 776 4496 nmen
790 4457 852 4498 una
866 4459 936 4501 curu
946 4446 1040 4518 majo·
1056 4397 1079 4455 n
1093 4457 1150 4499 nos
1160 4458 1231 4502 cum
1244 4443 1385 4502 fratribus
1399 4445 1509 4504 nostris
1524 4447 1725 4522 omnipotenti
1739 4451 1794 4506 boo
1807 4441 1896 4516 gratu

210 4511 294 4570 ribus
306 4513 443 4574 Ecclesiae
453 4522 563 4576 nosue
578 4521 618 4578 ad
641 4523 788 4585 indictam
813 4532 966 4603 synodum
993 4550 1040 4592 re·
1093 4531 1264 4604 referentes,
1279 4534 1383 4592 habito
1393 4551 1499 4594 eorum
1511 4537 1637 4595 consilio
1649 4543 1678 4596 et
1691 4533 1896 4598 collaudatione,

210 4607 382 4677 praesentet·
397 4606 464 4663 lam
484 4607 550 4666 dies
572 4610 733 4672 advenerat
759 4615 791 4674 in
813 4633 876 4691 que
903 4623 1039 4696 synodus
1093 4621 1320 4696 quiaeumdem
1334 4623 1365 4681 in
1380 4625 1464 4684 coetis
1478 4642 1548 4684 cum
1559 4627 1670 4685 sanetis
1692 4627 1836 4686 eredimus
1859 4635 1896 4677 eo·

209 4690 357 4750 nniverse
372 4694 510 4754 Ecclesiae
534 4697 762 4760 citramontana
786 4705 899 4768 indicta
914 4737 918 4748 =
931 4710 1037 4770 iuerat.
1091 4711 1202 4782 reneri,
1215 4713 1317 4786 ipsum
1329 4713 1406 4773 inter
1418 4720 1537 4775 sanctos
1547 4717 1690 4776 honorari
1703 4717 1895 4793 precipimus:
1951 4699 1952 4729 ¹

208 4781 283 4838 τιιιιι
297 4797 369 4841 vero
383 4785 526 4858 praetatus
537 4789 659 4848 andstes
668 4797 771 4852 noster
784 4797 963 4871 bernardus,
976 4817 1039 4860 una
1091 4801 1273 4860 mandantes
1282 4804 1370 4862 vobis
1383 4809 1451 4862 utet
1462 4805 1560 4864 eidem
1571 4805 1661 4864 beato
1671 4807 1738 4866 viro
1753 4801 1896 4864 solemnita-

208 4884 279 4927 cum
293 4873 525 4948 metropolitano
539 4878 794 4954 magdeburgense
807 4886 952 4946 Norberto
969 4891 1037 4966 (80),
1091 4895 1152 4949 tem
1164 4892 1195 4951 in
1209 4897 1307 4951 vestra
1322 4893 1451 4952 Ecclesia
1462 4897 1610 4970 statuatis,
1623 4899 1704 4956 etad
1716 4913 1782 4956 eam
1800 4909 1895 4954 annut-
1950 4939 1951 4966 ,

207 4959 260 5033 qui
276 4963 346 5019 tune
361 4965 503 5038 temporis
515 4965 546 5024 in
561 4968 693 5029 Ecclesia
706 4973 756 5031 bei
779 4977 884 5048 magni
906 4981 1039 5039 nominis
1089 4979 1156 5038 liter
1169 4979 1328 5039 convenire
1343 4983 1463 5042 curctis.

207 5049 313 5120 tuerat,
327 5054 356 5109 et
369 5054 536 5154 majoribus
552 5057 685 5118 Ecclesiae
700 5068 820 5136 nostrae,
831 5066 872 5126 ad
880 5069 1037 5142 prefatam
1100 5087 1107 5098 ·
1128 5072 1202 5128 bate
1216 5071 1315 5128 Remis
1329 5087 1358 5128 ιι
1367 5072 1518 5131 Kalendas
1532 5075 1719 5134 Novembris.

207 5139 360 5212 amodum
370 5145 426 5200 tter
443 5143 577 5218 instituit,
590 5152 627 5219 et,
644 5151 704 5209 lieo
718 5161 880 5229 annuente,
893 5175 962 5216 cnm
973 5176 1038 5218 ma·
1094 5181 1111 5202 ··
1127 5161 1170 5215 tn.
1183 5159 1241 5218 Sed
1254 5160 1327 5234 quia
1339 5165 1410 5220 tunc
1423 5161 1585 5221 hibernum
1598 5170 1719 5240 tempus
1732 5161 1891 5224 muneret

207 5243 268 5299 gna
281 5232 477 5307 prosperitate
491 5240 521 5295 et
540 5241 764 5314 opportunitate
791 5245 831 5303 ad
858 5250 1035 5310 lismensem
1089 5248 1192 5306 necad
1203 5253 1318 5308 tantum
1328 5250 1483 5323 negotium
1494 5269 1526 5309 se
1536 5254 1677 5328 expettiro
1688 5253 1891 5326 valebat,risun

207 5316 307 5377 locum
322 5323 465 5394 pervenit.
482 5326 537 5385 Ubi
548 5328 714 5390 honorifice
727 5336 867 5412 suscepti,
882 5338 957 5398 dum
969 5341 1035 5414 J'am
1088 5343 1134 5397 est
1146 5355 1325 5412 congruere,
1335 5357 1403 5416 quae
1413 5357 1467 5417 per
1476 5343 1677 5417 apostolicum
1692 5359 1829 5404 concessa
1841 5341 1891 5396 sunt
1948 5349 1949 5370 ³

207 5407 344 5480 synodus
358 5409 472 5484 aliquot
485 5413 550 5473 dies
565 5421 642 5478 esset
656 5419 814 5498 celebrata,
830 5426 952 5487 antistes
978 5445 1034 5489 no·
1087 5429 1240 5488 catholicis
1251 5433 1279 5488 et
1289 5431 1436 5504 religiosis
1446 5431 1668 5506 virisnuntiari,
1679 5435 1810 5511 etipsnm
1820 5439 1890 5490 baur

242 5585 303 5669 (⁸9).
312 5587 364 5672 llic
374 5593 419 5674 est
428 5591 554 5654 celebris
566 5569 728 5660 Narbertus
742 5603 1033 5672 Premonstratensis
1122 5611 1178 5686 (st)
1192 5611 1363 5672 llichaelem
1374 5613 1506 5690 appellat
1516 5616 1719 5678 tlenselrenius
1733 5617 1763 5676 in
1784 5613 1849 5674 uotis
1859 5605 1889 5666 td

206 5655 321 5718 ordinis
334 5664 494 5728 institutor.
1086 5682 1292 5751 hunclocunr.
1633 5751 1639 5758 .
