3998 6176
123 141 178 198 m
880 130 1074 192 EPlSl'OLAE.
1694 135 1699 156 ¹
1781 145 1833 200 tic

121 263 160 320 ait
175 261 383 335 Hieronymus,
396 261 576 334 potestatem
594 260 687 318 habet
697 263 873 334 peccantem
885 273 948 314 mo·
964 261 989 314 Α
1003 259 1097 316 Deum
1115 259 1229 324 timere,
1244 264 1366 319 sanctos
1379 261 1539 331 honorare,
1554 264 1717 323 Ecclesiam
1730 266 1832 324 delen·

118 349 382 410 nachumtradere
397 351 514 407 Satanas
529 349 725 408 ininteritum
751 349 858 406 carnis.
892 345 949 404 Sed
1002 347 1084 418 dere,
1098 350 1265 406 contemnis
1273 351 1379 418 Deum,
1394 355 1514 408 sanctos
1529 353 1702 420 inhonores,
1718 371 1765 412 res
1782 359 1832 413 Ec·

117 453 265 515 neparva
278 439 453 496 auctoritate
466 438 558 496 fretus
572 439 637 496 hrec
651 439 751 496 dicere
765 437 878 510 videar,
891 441 948 494 tes-
1002 435 1101 494 clesiae
1111 437 1230 496 invadis
1240 443 1269 496 et
1282 438 1382 496 aulers
1399 456 1405 496 :
1422 439 1590 514 periclitari,
1606 444 1752 517 quoniam
1778 445 1831 518 qui

116 534 178 588 tom
192 528 269 586 mihi
283 527 380 598 allego
394 542 540 599 magnam
560 529 714 602 synodum
728 527 948 586 chalcedonen-
1001 525 1073 584 talia
1098 531 1203 598 agunt,
1232 544 1296 586 non
1322 528 1435 587 habent
1457 533 1574 604 partem
1599 532 1631 588 in
1651 548 1744 606 regno
1769 534 1828 592 liei.

116 636 182 676 sem
195 617 423 690 duodetriginta
438 617 652 692 episcoporum
667 619 724 676 sub
748 632 831 693 papa
851 620 947 674 Leone
1001 617 1123 690 Propter
1134 615 1199 674 haec
1210 621 1336 692 peccata
1350 617 1468 676 monuit
1474 619 1719 696 archiepiscopus
1737 622 1830 680 Turo-

115 709 176 766 sub
188 708 334 768 liertiano
347 707 483 782 principe
498 708 691 780 celebratam,
715 708 747 766 iu
769 724 832 781 qua
860 710 947 780 Euty·
1000 704 1103 761 nensis
1114 720 1220 764 omnes
1233 706 1391 781 episcopos
1405 711 1535 779 nostros,
1559 714 1588 767 et
1599 709 1675 768 inter
1689 711 1765 769 alios
1779 729 1828 770 me

114 801 186 856 chae
216 798 314 856 abbas
355 797 702 872 consuminopolitcnus
728 798 947 856 condemnatus
1000 791 1154 866 pusillum,
1169 796 1593 855 uttaexeommunicaremus.
1609 799 1666 856 Sed
1692 815 1828 872 egocen·

113 894 168 946 est
188 891 221 945 in
235 903 298 963 qua
309 887 401 945 etiam
413 887 450 945 dc
473 887 652 961 supradictis
675 887 775 946 causis
798 887 947 944 sancitum
1001 883 1047 939 sui
1060 882 1146 956 pium
1158 899 1233 954 esse,
1250 889 1282 942 ut
1296 891 1323 942 te
1338 885 1423 959 prius
1435 902 1592 944 monerem
1608 905 1615 943 ι
1632 892 1660 945 ιι
1671 887 1827 965 deprecor,

113 984 180 1035 est:
206 977 322 1036 Placuit
344 977 496 1034 neminem
520 981 571 1034 aut
591 977 748 1047 aedificare,
776 981 828 1035 aut
840 975 946 1032 consti·
999 975 1033 1028 ut
1050 971 1165 1030 habeas
1179 974 1416 1032 misericordiam
1428 976 1466 1032 de
1484 975 1588 1034 anima
1613 980 1675 1044 tua,
1701 977 1828 1052 placans

111 1073 196 1125 tuere
209 1067 386 1124 monasterii
398 1067 526 1124 domum
541 1065 794 1128 sineconscientia
803 1066 898 1140 ipsius
908 1063 947 1122 ci·
1000 1061 1104 1118 ileum.
1113 1063 1180 1118 iem
1194 1061 1275 1120 enim
1287 1079 1381 1138 prope
1395 1068 1440 1121 cst
1453 1068 1522 1121 tuus
1541 1064 1619 1124 finis.
1644 1066 1764 1124 Festina
1775 1067 1828 1138 igi-

111 1157 214 1216 vitntis
228 1156 362 1231 episcopi
378 1171 385 1210 :
401 1171 454 1213 eos
469 1171 541 1213 vero
556 1157 610 1230 qui
627 1157 827 1232 persingulas
845 1155 945 1213 civita·
999 1153 1057 1220 tur,
1071 1167 1186 1224 quasso,
1201 1152 1385 1211 reconciliari
1403 1153 1517 1212 Christo
1531 1153 1676 1212 salvatori
1699 1160 1801 1214 nostro
1819 1174 1825 1226 ;

111 1252 155 1304 tes
165 1263 223 1304 seu
233 1246 442 1322 possessiones
454 1245 486 1302 in
500 1247 690 1304 monasteriis
706 1251 785 1318 sunt,
794 1245 945 1318 subiectos
999 1240 1146 1314 quianon
1158 1241 1422 1300 estselushomini
1435 1242 1493 1300 nisi
1507 1244 1685 1318 peripsum.
1702 1245 1782 1303 Tene
1796 1246 1828 1304 in

109 1353 176 1393 essa
190 1336 304 1394 debere
319 1336 474 1409 episcopo,
488 1339 517 1392 ιι
534 1334 628 1409 quieti
646 1351 771 1409 operam
797 1335 882 1404 dare,
906 1338 946 1391 at·
998 1329 1146 1388 memoria
1160 1331 1286 1388 verbum
1300 1333 1378 1390 hoc:
1404 1331 1460 1400 Qui
1481 1313 1651 1391 condendo
1679 1337 1708 1392 et
1729 1335 1827 1408 poeni·

109 1441 170 1499 que
183 1424 475 1497 observarejejunia
493 1424 680 1482 etorationss
694 1425 725 1482 in
740 1424 813 1482 locis
828 1423 859 1481 in
881 1422 946 1496 qui·
998 1417 1089 1476 tendo
1103 1417 1195 1476 finem
1215 1419 1431 1495 iacitpeecatis
1445 1420 1517 1490 suis,
1540 1425 1705 1496 antequam
1718 1423 1827 1480 moria·

109 1513 169 1570 bus
177 1512 276 1572 semei
290 1515 351 1570 lieo
364 1528 397 1570 se
409 1511 596 1570 devoverunt
608 1517 820 1586 permanentes
834 1530 840 1570 :
856 1515 886 1570 ιι
896 1527 946 1570 ne·
998 1509 1056 1576 tur,
1070 1505 1163 1566 finem
1177 1508 1300 1568 habebit
1310 1509 1341 1566 in
1362 1509 1456 1567 altero
1470 1509 1580 1568 saecum
1592 1526 1685 1585 poene
1710 1511 1805 1586 ipsius
1818 1531 1825 1582 ;

108 1619 169 1676 que
183 1603 423 1672 communicare,
434 1601 650 1668 ecclesiasticas
662 1602 945 1676 saeeuleresaliquas
962 1615 982 1670 B
999 1599 1028 1653 et
1040 1595 1094 1670 qui
1105 1598 1235 1671 peccatis
1249 1598 1427 1656 mortalibus
1438 1599 1612 1674 poenitendo
1628 1615 1690 1657 non
1704 1599 1776 1660 iacit
1792 1601 1828 1660 ii-

108 1697 271 1751 attreotare
290 1693 434 1764 cotiones,
454 1691 656 1766 relinquentes
684 1694 807 1768 propria
825 1709 945 1752 monas·
997 1699 1079 1754 nem,
1094 1701 1186 1760 poena
1199 1687 1295 1761 ipsius
1320 1687 1375 1746 erit
1400 1686 1464 1746 tine
1489 1687 1560 1748 fine·
1590 1687 1714 1761 Evigilia
1737 1690 1827 1763 igitur

108 1784 195 1853 teria,
211 1784 272 1842 nisi
286 1783 362 1842 forts
373 1783 537 1856 jubeamur
549 1789 671 1858 propter
691 1789 831 1856 urgentes
841 1800 943 1842 nm.
997 1777 1120 1849 propter
1134 1776 1337 1852 temetipsum,
1348 1777 1426 1835 sicut
1439 1777 1532 1836 horno
1545 1777 1577 1834 in
1585 1778 1724 1852 proximo
1737 1780 1827 1838 mori-

109 1872 217 1930 sitates
230 1871 271 1930 ab
283 1873 381 1946 ipsius
396 1871 524 1929 civitatis
535 1871 772 1946 episcopatum
785 1873 815 1930 in
825 1871 941 1930 eadem:
997 1867 1084 1920 turus
1098 1881 1106 1920 ε
1122 1869 1150 1922 ct
1163 1866 1356 1924 reconciliare
1365 1867 1490 1938 Christo,
1504 1883 1542 1926 ne
1554 1867 1693 1925 moriaris
1707 1873 1845 1943 aposto·

106 1961 256 2018 iuhemus
267 1960 459 2020 monasteriis
474 1965 528 2018 aut
553 1960 705 2034 martyriis
720 1961 898 2030 constitutis,
912 1963 945 2018 ut
997 1953 1055 2011 lica
1074 1954 1248 2014 auctoritate
1264 1956 1437 2016 damnatus.
1450 1956 1519 2016 Vale
1534 1961 1564 2014 at
1582 1958 1730 2016 remanda
1751 1958 1828 2018 mihi

106 2051 139 2107 in
152 2055 302 2124 potestate
311 2051 372 2109 sint
384 2050 449 2122 elus
462 2049 516 2124 qui
527 2049 559 2108 in
571 2066 609 2108 ea
620 2055 665 2108 est
690 2050 808 2110 civitme
827 2049 944 2126 episeo-
996 2043 1138 2102 velociter
1148 2049 1239 2120 atque
1254 2045 1399 2104 voraciter
1412 2047 1598 2106 voluntatem
1610 2049 1704 2106 tuam.

106 2155 165 2215 pus
179 2139 352 2197 meandum
367 2137 558 2197 raditionem
577 2144 751 2198 sanctorum
761 2143 893 2209 Petrum,
904 2155 943 2198 ne
1210 2139 1381 2196 EPlSTOLtl
1392 2139 1459 2196 xcv
1471 2139 1555 2209 [oiim
1568 2137 1611 2210 C].

105 2246 160 2304 per
167 2228 439 2304 praesumptionem
454 2227 596 2286 recedent
610 2245 696 2288 usuc
708 2229 860 2304 episcopo.
886 2232 943 2288 ilos
1265 2207 1362 2282 (circa
1376 2223 1426 2266 ⁸¹1·
1443 2209 1559 2282 eumd.)

105 2331 179 2373 vero
191 2317 249 2391 qui
263 2317 329 2374 susi
342 2317 452 2375 luerint
476 2317 653 2376 rescendere
671 2318 849 2390 hujusmodi
863 2317 943 2376 insti·
996 2296 1159 2356 Ffflffiffls
1171 2297 1227 2355 Dei
1239 2299 1342 2370 dimisi
1358 2299 1588 2356 omimium
1603 2299 1757 2371 Wlfflin&
1781 2315 1826 2358 0⁰·

107 2407 269 2474 tutionem,
284 2423 468 2482 quocunque
486 2408 588 2477 modo,
605 2407 653 2464 vel
668 2408 692 2463 si
706 2407 856 2466 noluerint
868 2407 942 2465 sub-
1102 2374 1168 2426 ”²²²²
1187 2369 1309 2426 ΜΘΝ
1329 2375 1587 2427 ⁰⁰mm⁰⁷¹²²⁰rmm
1600 2371 1716 2430 mum·

103 2495 206 2566 jacere
218 2496 344 2571 proprio
361 2497 503 2571 episcopo
520 2495 698 2572 :siquidem
720 2495 830 2554 luerint
843 2495 941 2554 clenni
1016 2543 1022 2557 .

104 2599 311 2658 personarum
337 2585 526 2644 ordinatione
552 2586 729 2660 subjrsceant
754 2586 939 2646 ‹condemna-

105 2675 242 2732 tionibus
258 2691 412 2734 canonum
428 2694 435 2745 ;
456 2677 481 2734 si
495 2691 566 2734 vero
578 2676 648 2735 laici
661 2676 709 2734 vel
722 2677 865 2735 monaehi
877 2676 939 2734 iue-

102 2763 173 2832 rint,
189 2765 578 2841 communionapriventur.
592 2769 728 2826 Poteram
758 2765 817 2824 ulio
842 2766 939 2824 multe

102 2854 140 2911 de
153 2853 278 2925 legibus
293 2854 402 2914 divinis
415 2855 486 2914 huic
498 2855 607 2916 rationi
619 2855 811 2914 firmamento
826 2856 937 2914 subna-

102 2950 193 3013 etere,
206 2943 262 3002 sed
275 2944 399 3004 brevem
413 2961 462 3004 me
477 2945 608 3006 scribme
617 2945 740 3006 nemini.
770 2949 812 3015 Et,
838 2950 871 3004 ut
896 2945 970 3030 aitc

101 3034 252 3102 isidorus,
280 3035 356 3093 uout
378 3035 464 3094 militi
495 3035 547 3094 illa
574 3051 660 3094 arma
686 3034 847 3104 sufficiunt,
866 3052 936 3110 quae

101 3123 180 3181 terra
194 3123 236 3181 ad
247 3127 367 3198 tempus
379 3128 578 3196 coagmentet
603 3129 709 3199 potest,
740 3125 782 3182 sic
794 3125 883 3184 nobis
897 3126 935 3186 de

98 3213 206 3271 multis
220 3214 374 3273 mntentiis
392 3231 508 3288 pauco,
532 3219 623 3289 prout
648 3220 767 3290 tempus
793 3217 934 3287 exegerit.

100 3307 187 3362 liano
198 3304 287 3361 vobis
300 3304 476 3362 chantative
493 3305 563 3364 volo
577 3303 704 3364 suadere
732 3308 765 3364 ut
778 3321 854 3365 sano
866 3320 935 3366 con·

101 3393 171 3450 sitio
184 3393 345 3466 prebeatis
356 3409 516 3452 assensum
532 3413 539 3464 ς
555 3393 596 3452 sd
617 3393 836 3467 subiectionem
858 3394 935 3468 epis-

100 3483 171 3556 copi
183 3483 273 3540 sestri
287 3482 460 3557 simpliciter
469 3482 608 3542 redeatis.
629 3486 670 3540 lte
684 3483 832 3558 praeterite
842 3483 932 3558 culpa

99 3571 261 3645 requiratis
276 3571 396 3629 veniam
413 3589 419 3642 ;
434 3571 471 3630 de
480 3571 580 3632 lutura
594 3571 757 3630 assumatis
772 3573 931 3642 canutam,

100 3665 135 3717 ut
156 3667 187 3717 et
209 3677 267 3718 vos
293 3659 347 3718 liat
369 3663 456 3735 quies
484 3660 715 3721 ds-obedientia
743 3665 772 3720 et
796 3661 933 3720 nobisde

100 3754 204 3807 vestra
231 3749 332 3823 quieta
361 3749 473 3808 latitia.
501 3749 641 3824 Alioquin
665 3765 721 3825 pro
750 3755 831 3810 certo
855 3751 931 3810 scia·

101 3839 140 3896 tis
173 3838 247 3912 qnia
274 3839 309 3908 si,
328 3839 413 3914 quod
439 3839 544 3900 obsiti
573 3839 604 3898 in
644 3840 836 3900 contumacia
864 3855 933 3898 eon·

100 3933 154 3984 tra
188 3927 271 3986 iilum
301 3928 482 3998 manseritis,
527 3928 559 3986 in
605 3929 744 4002 proximo
782 3932 932 3990 conventu

101 4014 315 4090 episcoporum
325 4033 416 4089 grave
432 4017 625 4092 dispendium
639 4017 806 4076 incurretis.
821 4017 930 4076 valete.

264 4107 441 4168 EPlSTOlut
461 4111 527 4168 iiiiii
568 4109 662 4180 [otim.
678 4108 768 4179 llclll.

404 4201 503 4267 (Anno
537 4199 628 4264 loti.)

99 4289 174 4360 Regi
185 4289 338 4359 somna,
355 4289 476 4346 dominc
488 4287 598 4358 tidelis,
613 4289 744 4346 Ronnnro
759 4289 929 4346 Fusacnrus.

135 4381 169 4436 Ut
182 4377 275 4436 vobis
287 4377 425 4450 proxim
441 4376 572 4438 sabbato
587 4376 712 4434 Turonis
730 4393 929 4450 occurrerem,

99 4468 249 4542 quiewro
272 4465 535 4526 commonitorium
562 4466 675 4540 accepi,
704 4481 766 4524 non
786 4467 884 4541 parui.
902 4467 932 4526 Si

98 4571 167 4632 qum
181 4557 250 4615 aliae
267 4571 365 4614 causae
380 4561 451 4614 sunt
464 4560 600 4614 tacentur
620 4554 661 4612 ad
686 4571 829 4629 pressam,
857 4556 931 4630 quia

97 4649 269 4705 minusros
292 4646 389 4704 metim
417 4661 512 4720 quam
538 4644 681 4720 exposita
710 4645 833 4707 laedunt.
860 4647 930 4707 Vale

97 4743 359 4811 nuncetsempcr.

277 4825 543 4886 liPls'iolntliClll
562 4827 646 4898 [alirn
655 4827 755 4900 xcvii.

351 4917 447 4990 (dirce
461 4931 578 4976 annum
590 4919 679 4990 tuac.)

97 5009 338 5068 ocenocomiro
364 5006 578 5066 odlioicrtum
603 5007 793 5068 Francorum
819 5024 927 5081 regem.

279 5097 362 5170 (Vide
374 5095 455 5154 inira
466 5096 499 5154 in
512 5098 645 5157 Ronmso
659 5099 752 5171 rege.)

262 5183 436 5246 EPtS'lolll
465 5185 546 5244 licit
568 5186 651 5256 [olim
669 5188 768 5260 ffli-

350 5275 446 5350 (Circe
457 5289 573 5334 annum
590 5278 681 5350 tuit.)

97 5369 263 5425 &usuros
278 5365 508 5426 cameleontem
534 5363 656 5424 inmitis
679 5370 843 5442 opesopes,
858 5373 929 5428 Pna-

351 5453 416 5496 coru
430 5436 532 5494 comiti
542 5437 679 5496 satutem.

135 5520 229 5578 Doleo
245 5535 336 5594 super
354 5522 393 5589 te,
409 5515 519 5573 nobilis
537 5516 640 5588 homo,
655 5536 725 5577 cum
739 5525 767 5578 ιι
782 5521 873 5580 audio
886 5539 931 5580 er-

1031 2455 1107 2513 Tam
1120 2456 1272 2514 horrendo
1287 2457 1421 2516 facinore
1440 2459 1632 2532 presentiam
1649 2458 1764 2518 domini
1777 2475 1824 2518 rc-

994 2557 1039 2618 grs
1054 2545 1107 2620 qui
1121 2545 1340 2605 dedecoravere
1351 2547 1501 2617 satellites,
1520 2551 1555 2604 ut
1574 2546 1723 2605 mundani
1745 2549 1824 2621 judi-

994 2649 1044 2691 ces
1058 2637 1194 2694 asserant
1207 2634 1335 2709 capitale
1350 2639 1377 2694 te
1390 2651 1513 2710 quoque
1531 2651 1617 2693 reum
1643 2635 1822 2709 majestatis,

992 2725 1045 2799 qui
1058 2725 1099 2782 eis
1114 2729 1219 2800 postea
1249 2725 1451 2802 patrocinium
1473 2729 1559 2785 tuum
1581 2730 1610 2784 et
1634 2725 1824 2800 receptacula

991 2813 1158 2887 praebuisti.
1171 2815 1298 2874 Proinde
1317 2816 1484 2889 rogabatur
1499 2813 1642 2886 amultis,
1655 2820 1689 2873 ut
1707 2815 1755 2874 die
1776 2831 1823 2874 sa·

991 2917 1042 2962 cro
1057 2905 1244 2964 Pentecostes
1259 2910 1289 2964 et
1302 2909 1329 2964 tc
1343 2910 1372 2963 et
1385 2905 1452 2964 iilos
1478 2905 1820 2964 excommunicaremus.

991 2993 1049 3051 Sed
1063 3010 1119 3052 nos
1133 2999 1191 3052 tum
1206 2996 1399 3071 providentes
1413 2993 1511 3066 saluti,
1537 2995 1626 3054 trium
1656 2995 1822 3066 hebdoma-

989 3177 1017 3232 te
1025 3175 1185 3233 convenire
1197 3191 1367 3251 possemus.
1380 3173 1483 3232 Talem
1495 3175 1586 3233 etiam
1599 3191 1617 3234 a
1631 3191 1701 3249 rege
1715 3177 1819 3234 condi·

988 3263 1101 3323 tionem
1113 3263 1352 3340 impetravimus,
1367 3263 1391 3322 si
1405 3264 1525 3323 veneris
1548 3265 1579 3322 in
1603 3263 1762 3338 judicium,
1787 3269 1820 3324 ut

988 3367 1051 3410 non
1066 3353 1254 3428 supervitas,
1271 3357 1323 3411 eut
1335 3369 1426 3428 super
1439 3353 1587 3423 membro,
1609 3353 1662 3410 sed
1673 3353 1787 3427 superi
1805 3385 1817 3396 -

988 3441 1114 3500 cultates
1126 3441 1199 3500 ultio
1218 3441 1396 3500 reflectatur.
1411 3442 1494 3500 Unde
1521 3445 1549 3500 te
1577 3458 1817 3516 commonemus,

989 3535 1022 3589 ut
1033 3535 1101 3590 ania
1115 3531 1325 3606 praescriptum
1340 3529 1502 3589 terminum
1517 3535 1654 3588 auctores
1668 3531 1742 3589 tanti
1754 3546 1818 3588 sce-

986 3619 1056 3680 leris
1067 3626 1120 3680 aut
1132 3621 1163 3678 in
1172 3621 1321 3695 judicium
1335 3621 1480 3694 adduces,
1496 3623 1548 3680 aut
1577 3624 1700 3697 propter
1724 3621 1819 3679 hono-

987 3729 1052 3771 rem
1065 3711 1144 3784 regis
1158 3712 1298 3787 repudias
1318 3730 1325 3768 ι
1340 3711 1532 3787 temetipsum
1542 3709 1659 3782 deinde,
1676 3709 1753 3770 sicut
1763 3728 1817 3788 per

988 3801 1131 3861 abbatem
1141 3801 1237 3859 sancti
1248 3799 1347 3858 Albini
1356 3799 1530 3877 promisisti,
1544 3817 1702 3875 expurges,
1719 3807 1748 3860 et
1758 3803 1815 3861 hu-

986 3891 1049 3949 mili
1065 3890 1358 3962 satisiactioneregis
1383 3890 1520 3948 animum
1545 3890 1655 3965 places.
1681 3891 1769 3960 Quod
1791 3893 1815 3950 si

985 3996 1053 4041 reos
1063 3981 1145 4056 ipsos
1159 3995 1216 4038 nee
1230 3979 1270 4038 ad
1294 3979 1440 4053 justitium
1469 3980 1589 4051 ducere,
1610 3996 1667 4038 nec
1692 3985 1815 4058 propter

986 4069 1135 4126 seniorem
1150 4071 1237 4127 tuum
1262 4067 1421 4143 repudiare
1447 4069 1588 4142 volueris,
1615 4063 1814 4130 Christianam

986 4157 1233 4216 communionem
1252 4155 1412 4217 nobiscum
1442 4157 1566 4217 ulterius
1591 4174 1655 4218 non
1673 4159 1811 4220 habebis.

985 4245 1081 4320 Vigila
1096 4247 1254 4319 ergosicut
1271 4263 1327 4324 pro
1348 4248 1518 4324 temetipso,
1545 4253 1575 4306 et
1597 4247 1671 4325 quid
1699 4249 1814 4310 habeas

948 4333 969 4390 u
985 4335 1079 4394 animi
1093 4335 1151 4394 eito
1163 4335 1238 4394 mihi
1251 4337 1407 4396 remanda.
1422 4331 1573 4412 Optimam
1584 4341 1703 4414 partem
1719 4339 1814 4399 consi-

984 4425 1017 4484 lii
1026 4424 1077 4483 det
1088 4423 1141 4482 tibi
1153 4423 1231 4482 iteus
1246 4425 1365 4498 eligere.

1182 4517 1614 4592 crisromxavrprqu,

1232 4587 1329 4660 (Circa
1343 4601 1459 4646 annum
1476 4591 1567 4662 loru.)

991 4660 1165 4718 Venerando
1178 4660 1368 4717 Parisiorum
1378 4661 1510 4718 soterici
1521 4661 1673 4732 inincoru,
1686 4661 1810 4719 ιιιιιιι·

1019 4747 1071 4790 rus
1099 4733 1156 4788 Dei
1180 4732 1284 4803 pretio
1317 4731 1509 4790 cornotensis
1533 4734 1698 4806 epsicopus,
1720 4734 1811 4790 ratior

984 4851 990 4866 .
1015 4801 1227 4876 prosperitatis
1246 4818 1365 4862 munus.
1756 4815 1781 4824 ·’

1019 4891 1250 4950 laudunensem
1274 4889 1358 4950 iilam
1390 4890 1578 4962 sacrilegam,
1607 4907 1655 4949 res
1674 4891 1811 4959 Ecclesiae

983 4985 1089 5040 vestrae
1103 4981 1304 5056 diripientem,
1331 4985 1454 5057 propter
1478 4980 1535 5039 has
1563 4996 1671 5040 causas
1690 4999 1812 5048 excom·

982 5071 1138 5132 municare
1166 5071 1359 5130 distulimus:
1388 5070 1499 5142 Primo,
1533 5071 1606 5145 quia
1632 5073 1725 5134 defuit
1757 5077 1810 5150 qui

983 5162 1042 5238 ipsi
1055 5163 1131 5220 ferre
1157 5161 1281 5220 auderet
1298 5165 1434 5219 nostram
1455 5163 1808 5228 excommunicationem.

984 5250 1096 5309 Deinde
1123 5251 1197 5326 quia
1227 5265 1338 5326 parum
1370 5249 1458 5310 vohis
1493 5255 1546 5310 aut
1575 5252 1650 5312 nibil
1676 5255 1810 5318 tossen

983 5339 1149 5416 prodesset,
1181 5339 1206 5396 si
1235 5339 1288 5397 illa
1319 5339 1458 5398 nesciens
1500 5344 1811 5406 excommunicaretur

983 5431 1015 5488 in
1039 5427 1172 5491 Ecclesia
1197 5433 1309 5488 nostra.
1343 5429 1448 5501 rouo,
1472 5432 1544 5506 quia
1569 5437 1810 5508 exspectavimus

984 5524 1018 5578 ut
1047 5519 1079 5578 in
1115 5524 1263 5580 conventu
1295 5525 1467 5578 nostrorum
1512 5526 1810 5602 comprovincialium

100 5628 167 5670 rare
183 5616 212 5670 et
221 5611 392 5689 periclitari.
408 5609 513 5668 Errare
535 5609 614 5682 dico,
627 5611 711 5690 quod
723 5629 792 5676 eum
820 5613 934 5674 debeam
987 5612 1199 5688 episcoporum
1222 5609 1322 5670 utilius
1346 5611 1405 5670 hoe
1419 5611 1511 5672 tieret.
1535 5615 1621 5684 Quod
1649 5609 1738 5674 etiam
1759 5616 1812 5706 ad·
