3996 6178
168 96 235 188 lidi
637 92 667 149 S.
688 89 895 150 consulant
912 91 1070 168 EPISCQPI
1089 91 1413 150 HlLDESHElblENSlS.
1824 83 1889 152 lm

165 217 348 280 monitiones
372 217 529 276 consuetas
553 215 846 298 excommunicaret;
862 233 993 291 quorum
1012 219 1036 274 A
1053 221 1090 290 te,
1105 216 1230 275 rebelles
1244 221 1274 276 at
1285 213 1441 288 increduli,
1456 216 1485 272 et
1498 212 1595 274 videte
1605 214 1720 288 justum
1740 213 1800 274 Dei
1812 213 1889 288 judi-

166 307 259 385 aliqui
270 307 388 366 malitiae
404 307 465 361 s'uie
476 320 593 361 veneno
603 305 730 373 excitati,
740 305 805 382 ipso
815 307 995 380 celebrante,
1051 307 1131 364 cium
1147 312 1252 366 contra
1266 324 1328 364 vos.
1346 295 1419 364 Ecce
1434 303 1544 362 mortui
1566 303 1617 362 Ilei
1638 303 1670 362 in
1693 297 1755 362 suo'
1778 305 1889 362 vicario

166 398 323 457 aeclesiam
336 395 522 452 intraverunt
536 399 711 466 arroganter
725 401 754 453 et
767 401 914 471 proterve.
931 400 996 465 Quo
1051 395 1263 471 obediiiut,vos
1277 399 1378 454 autem
1393 396 1524 470 superbo
1534 394 1634 452 referti
1647 393 1756 468 spiritu
1766 393 1889 450 obedire

167 487 296 560 cognito,
312 499 343 540 sa
358 483 476 540 divertit
499 483 538 540 ab
562 483 659 554 altari,
684 485 786 542 diceris
803 504 810 542 ε
825 509 839 536 «
856 487 997 562 Praecipio
1052 485 1282 564 contempsistis,
1293 488 1419 556 surgent
1432 483 1521 556 igitur
1535 481 1646 540 mortui
1660 482 1706 540 isti
1713 488 1828 540 contra
1841 500 1889 540 vos

166 575 250 634 vobis
264 571 416 644 omnibus,
428 572 480 646 qui
494 573 566 630 estis
580 574 843 648 excommunicati,
851 575 881 632 in
891 577 997 633 virtute
1052 575 1210 648 iniudicio
1233 579 1262 633 et
1286 573 1466 632 sententiam
1486 571 1690 630 damnationis
1710 571 1890 643 allegabunt

106 680 109 686 ’
167 663 292 740 Spiritus
306 663 401 721 sancti
415 669 569 722 etsanctae
583 664 758 722 obedientiae
774 670 806 722 ut
825 667 935 724 exeatis
960 666 998 723 de
1052 669 1156 723 contra
1167 664 1293 734 vcs,nisi
1307 665 1429 740 plenam
1441 667 1471 721 et
1483 661 1666 732 condignam
1676 661 1889 735 paenitentiam
1952 677 1953 738 3

166 754 303 814 ecclesia.
319 778 333 806 >2
355 753 487 812 flebelles
501 759 602 812 autem
616 759 645 812 et
671 756 922 818 excommunicati
940 755 999 814 hoc
1053 754 1181 828 egeritis.
1199 779 1213 807 »
1229 759 1271 825 Et,
1287 755 1334 811 his
1350 753 1446 824 dictis,
1460 752 1605 811 convertit
1620 769 1652 810 sc
1676 751 1715 810 ad
1742 756 1889 818 mortuos,
1952 749 1953 756 ’

165 848 351 920 praeceptum
365 860 427 900 non
442 850 580 902 curantes
592 845 793 918 perstiterunt,
809 849 997 903 remanentes
1053 845 1157 904 diceris
1173 863 1180 903 :
1198 868 1212 896 u
1229 849 1288 916 Ego
1301 861 1367 914 vos,
1380 843 1494 914 iratres,
1510 841 1684 900 auctoritate
1700 840 1827 900 Domini
1839 857 1888 898 no·
1952 837 1953 916 l

167 935 197 994 iii
215 933 351 993 ccclesia.
370 933 426 992 Sed
444 933 572 1008 quidam
593 934 630 992 de
654 935 791 1008 mortuis,
818 935 871 1010 qui
898 936 999 992 multis
1054 935 1106 993 stri
1115 939 1185 994 iesu
1201 935 1305 994 Christi
1321 933 1445 992 absolvo
1458 949 1476 990 a
1487 931 1632 990 sententia
1645 931 1889 989 excommunica·

169 1025 257 1083 annis
283 1025 459 1098 quieverant
485 1023 517 1080 in
538 1011 752 1093 monumentis,
774 1024 826 1100 qui
845 1024 999 1096 etlcrsaii,
1053 1024 1152 1093 tionis,
1168 1041 1229 1099 qua
1243 1023 1303 1081 huc
1313 1039 1409 1098 usque
1423 1022 1544 1081 fueratis
1554 1021 1701 1090 innodati,
1716 1022 1752 1078 in
1767 1020 1885 1078 nomine

168 1113 378 1188 ignorantibus
391 1113 433 1169 eis
447 1113 498 1187 qui
515 1130 567 1170 eos
584 1113 774 1188 sepelierunt,
787 1114 817 1171 in
828 1131 1001 1172 excommu·
1053 1114 1147 1172 Patris
1159 1119 1188 1172 et
1201 1113 1261 1172 Filii
1276 1117 1304 1170 et
1319 1112 1443 1188 Spiritus
1459 1112 1564 1170 sancti.
1577 1116 1682 1168 Amen.
1700 1115 1755 1178 lte,
1772 1110 1887 1166 reverti·

169 1202 390 1274 nicatione(75)
410 1201 516 1277 sepulti
539 1202 668 1270 lucrant,
693 1208 885 1261 surrexerunt
908 1207 937 1261 et
963 1203 1000 1262 de
1054 1203 1267 1274 miniadloca,
1293 1207 1322 1260 et
1347 1202 1378 1260 in
1407 1217 1481 1276 pace
1508 1199 1885 1275 requiescite-adventurn

170 1290 295 1350 ecclesia
310 1290 453 1348 exierunt.
470 1291 556 1356 Quod
569 1290 704 1348 videntes
717 1291 758 1348 illi
782 1291 907 1350 rebelles
933 1309 1001 1351 eru·
1053 1293 1164 1352 iudicis
1191 1293 1407 1368 praestolantes.
1434 1313 1449 1342 a
1478 1290 1582 1348 llortui
1607 1295 1722 1361 autem,
1746 1289 1887 1346 inclinatis

171 1379 311 1451 buerunt,
327 1383 356 1437 ct
369 1381 437 1455 post
451 1385 586 1437 mortuos
598 1381 740 1438 exierunt.
759 1381 884 1439 Sanctus
900 1386 1001 1440 autern
1055 1382 1203 1457 capitibus
1217 1385 1245 1439 et
1257 1381 1368 1454 junctis
1382 1379 1536 1452 manibus,
1560 1379 1647 1454 quasi
1671 1378 1791 1450 gratias
1804 1393 1886 1450 agen-

171 1470 291 1546 priesnl,
305 1469 389 1528 linita
401 1471 504 1541 missa,
520 1471 560 1529 ad
571 1486 623 1528 eos
637 1471 747 1542 exiens,
763 1471 838 1530 dixit
854 1489 861 1529 z
883 1495 896 1524 ii
912 1472 1002 1532 dudi·
1055 1477 1099 1532 tes
1115 1471 1155 1530 ad
1168 1472 1307 1530 locasua
1318 1473 1528 1530 remeaverunt
1540 1472 1568 1526 et
1581 1468 1777 1545 quieverunt.

374 1874 732 1964 CANONIZATIO
771 1877 836 1964 ET
873 1875 1215 1966 TRilNSLiiTlO
1252 1876 1296 1964 S.
1340 1872 1687 1980 GODEHARDI.

151 2069 153 2072 ⁵
270 2073 442 2148 Qttomodo
458 2073 571 2144 deutris
589 2075 811 2145 Godclriirdas
825 2079 862 2146 iii
876 2082 1072 2146 sanctorum
1085 2097 1268 2145 statuerunt
1289 2075 1332 2144 sit
1354 2075 1493 2159 relatus,
1518 2081 1549 2142 et
1567 2071 1607 2142 de
1624 2070 1807 2142 miraculis
1839 2159 1847 2170 Ι

892 2219 1179 2311 subsequentibus.

216 2437 240 2490 1.
261 2433 358 2492 Gloria
373 2451 494 2492 summo
514 2435 654 2507 Creatori,
684 2439 713 2492 et
738 2434 865 2492 humani
891 2434 1008 2507 generis
1026 2435 1156 2504 Bratns,
1173 2433 1321 2491 cathedrae
1333 2437 1443 2491 nostrie
1456 2433 1587 2490 ccclesiae
1599 2431 1792 2506 praesidebat,
1803 2447 1879 2506 quani

178 2525 354 2599 reparatori,
369 2524 422 2599 qui
434 2540 496 2582 non
508 2525 620 2582 nostris
644 2524 768 2592 meritis,
798 2525 851 2581 sed
875 2540 933 2581 sira
952 2523 1009 2581 im·
1063 2517 1191 2581 discrete
1207 2521 1415 2594 gubernando,
1432 2527 1461 2578 et
1473 2522 1629 2594 religiosos
1654 2521 1739 2578 viros
1764 2521 1877 2594 undique

178 2629 284 2671 mensa
298 2611 431 2670 bonitate
452 2613 595 2684 dignatus
623 2617 667 2670 cst
693 2612 895 2670 confessorem
920 2629 1009 2670 suum
1064 2628 1099 2669 eir
1116 2612 1239 2669 diversis
1254 2611 1385 2670 ecclesiis
1401 2612 1441 2669 ad
1456 2627 1489 2668 se
1504 2611 1684 2683 colligendo,
1701 2612 1779 2669 adeo
1803 2609 1878 2666 subli-

177 2700 303 2758 beatum
315 2701 528 2758 Godehardum
543 2701 716 2774 pontificem
738 2701 778 2758 ad
799 2701 926 2758 salutem
944 2717 1009 2758 om·
1064 2702 1159 2760 mavit
1169 2705 1201 2759 ut
1213 2702 1349 2759 diversas
1360 2701 1449 2760 cellas
1475 2702 1536 2758 suis
1557 2701 1746 2776 temporibus
1766 2701 1877 2757 redifica-

178 2790 264 2846 nium
279 2789 464 2846 credentium
478 2788 653 2846 hominibus
666 2789 759 2846 nostri
775 2789 918 2863 temporis
933 2805 1012 2846 reve·
1064 2795 1118 2860 ret,
1134 2796 1164 2849 et
1177 2792 1206 2848 iu
1222 2791 1346 2866 spiritali
1358 2790 1584 2849 conversatione
1597 2790 1679 2848 dulci
1690 2791 1876 2848 adhortatione

177 2878 250 2946 lare,
262 2868 296 2934 'et
309 2893 380 2934 eum
394 2877 447 2950 qui
459 2893 514 2949 pro
536 2877 753 2950 longinquitate
771 2877 927 2951 temporie,
945 2877 1011 2950 Jam
1065 2881 1265 2938 confirmaret.
1283 2883 1348 2947 Quo
1368 2881 1518 2938 residente
1532 2881 1563 2938 ia
1578 2881 1735 2940 communi
1749 2883 1876 2938 conventu

179 2965 314 3039 quadam
328 2965 409 3021 nube
424 2965 583 3021 oblivionis
597 2964 772 3023 obfuscatus
788 2967 893 3035 iuerat,
905 2971 1011 3025 uttan·
1065 2970 1135 3027 cleri
1150 2970 1206 3028 sibi
1222 2970 1385 3038 commissi,
1401 2975 1429 3027 et
1443 2971 1481 3027 de
1495 2969 1600 3046 populi
1626 2971 1760 3028 Ecclesiae
1784 2973 1875 3026 nostra

179 3053 252 3112 dein
267 3052 306 3112 ab
320 3053 426 3112 incolis
439 3059 548 3112 nostrae
558 3055 695 3113 Ecclesiae
705 3063 906 3127 veneraretur,
919 3057 1012 3116 voluit
1064 3059 1199 3130 utilitato,
1221 3060 1263 3118 uti
1275 3076 1341 3118 mos
1356 3061 1422 3133 ejus
1443 3064 1516 3132 erat,
1541 3076 1661 3134 semper
1689 3061 1875 3134 pertractante,

178 3143 354 3202 nationibus
373 3143 560 3203 diversarum
581 3149 729 3204 terrarum
754 3148 955 3217 manifestare,
980 3151 1013 3205 ut
1066 3150 1272 3220 Deolacicnte,
1288 3150 1330 3207 uti
1345 3154 1413 3226 post
1428 3150 1550 3209 cliectus
1562 3149 1712 3218 indicarit,
1727 3167 1760 3207 ex
1781 3150 1875 3222 impro

180 3236 275 3309 gloria
304 3236 399 3311 ipsius
432 3253 495 3294 non
530 3240 647 3295 tantum
677 3238 716 3295 ad
742 3238 923 3296 domesticos
941 3237 1012 3295 fidei
1065 3239 1129 3298 viso
1145 3255 1244 3297 sermo
1259 3239 1297 3297 de
1307 3243 1435 3314 patrono
1445 3243 1548 3298 nostro
1569 3239 1658 3298 beato
1673 3239 1774 3297 scilicet
1794 3236 1873 3294 Goda-

181 3325 349 3397 attingeret‚
364 3325 418 3382 sed
430 3327 521 3383 etiam
531 3326 561 3383 in
572 3331 688 3383 exteras
702 3327 839 3384 nationes
861 3344 892 3385 se
906 3327 1012 3385 dilata·
1065 3329 1162 3386 haido
1175 3328 1325 3397 exoritur;
1342 3329 1413 3385 item
1427 3333 1518 3403 atquo
1532 3328 1603 3386 item
1618 3345 1636 3386 a
1657 3329 1779 3404 pluribus
1791 3323 1869 3398 repli·

180 3419 233 3472 ret
248 3414 378 3478 Qualiter
391 3419 493 3471 autem
508 3419 537 3471 et
555 3432 616 3488 quc
641 3414 745 3472 ordine
770 3416 924 3473 translatio
938 3432 1014 3490 prae·
1067 3422 1162 3490 catur,
1191 3417 1444 3491 conquerentibus
1464 3422 1493 3476 et
1520 3415 1734 3475 condolentibus
1758 3429 1787 3470 se
1809 3417 1862 3466 tam

182 3502 446 3560 dicticonfessoris
469 3504 562 3560 nostri
588 3505 667 3562 lacta
694 3503 1013 3578 inerit‚1ionturgido
1067 3504 1292 3563 misericordem
1313 3505 1425 3563 babere
1454 3510 1623 3581 patronum,
1648 3508 1673 3562 et
1697 3501 1856 3570 condignum

182 3591 302 3664 eloquio
312 3590 360 3646 vel
378 3590 476 3648 nitens
491 3591 599 3664 grandi
622 3593 779 3664 cothurno,
805 3594 859 3650 sed
887 3593 1014 3667 simplici
1068 3594 1125 3652 sibi
1140 3595 1170 3652 in
1182 3595 1311 3652 Ecclesia
1327 3593 1376 3652 Dei
1391 3612 1453 3653 non
1475 3596 1617 3654 exhibere
1635 3595 1775 3652 honoiem.
1795 3591 1862 3646 iani

183 3680 260 3754 stylo
275 3678 438 3751 aggredior
451 3679 621 3738 describere
637 3697 720 3738 :noa
745 3683 878 3740 conlisus
903 3682 1015 3756 ingenii
1067 3690 1214 3759 quantam
1227 3683 1464 3741 miscricordiam
1479 3689 1508 3742 et
1522 3701 1615 3760 quani
1630 3682 1804 3741 manilestam
1813 3693 1869 3749 gra·

182 3769 242 3828 mei
256 3769 398 3841 igniculo,
414 3769 467 3827 sed
478 3768 530 3826 illo
544 3770 717 3842 evangelico
731 3771 811 3829 dicto
826 3791 832 3830 :
850 3773 964 3848 «Aperi
979 3789 1013 3829 os
1034 3774 1141 3856 ctiam
1166 3771 1327 3847 praedictus
1352 3773 1507 3830 confessor
1534 3773 1676 3830 iratribus
1701 3769 1798 3828 nostris
1820 3764 1874 3821 suis

183 3865 279 3928 tuum,
296 3863 325 3917 et
338 3873 395 3931 ego
411 3859 584 3933 adimplebo
605 3860 679 3917 illiid
704 3863 797 3929 (Parit.
815 3869 921 3935 ixxxj;
946 3885 961 3913 »
987 3867 1015 3920 et
1068 3863 1180 3920 meritis
1195 3863 1278 3938 apud
1292 3866 1386 3919 Deum
1398 3862 1568 3938 obtinuerit,
1582 3863 1621 3920 ab
1634 3861 1706 3937 ipsis
1716 3861 1780 3918 viris
1791 3859 1876 3914 aucte

183 3949 310 4009 iterum:
324 3972 338 4000 u
353 3953 418 4007 Non
432 3967 485 4006 vos
496 3949 575 4018 estis,
591 3951 644 4025 qui
658 3951 834 4026 loquimini;
855 3952 907 4010 sed
924 3951 1015 4028 Spiri-
1068 3951 1224 4023 rabilibus,
1240 3951 1271 4008 in
1285 3951 1428 4026 priedicto
1443 3957 1592 4011 conventu
1606 3951 1793 4010 existentibus
1800 3944 1878 4003 omni-

183 4044 232 4098 tus
241 4040 334 4098 Patris
348 4039 418 4108 inei,
434 4039 487 4114 qui
507 4039 640 4114 loquitur
653 4041 684 4098 iii
703 4042 789 4099 vobis
801 4041 921 4114 (diutili.
937 4044 977 4116 x).
1000 4065 1014 4094 a
1068 4041 1126 4098 bus
1142 4041 1368 4099 manifestatur:
1384 4058 1439 4116 per
1453 4042 1546 4116 quod,
1575 4046 1692 4099 mantes
1706 4039 1878 4098 assidentium

184 4131 238 4188 Per
251 4129 413 4202 scripturas
427 4128 508 4186 enim
531 4144 578 4186 res
602 4129 767 4202 praeteritae,
794 4135 822 4188 ct
843 4131 1015 4189 brevitcm·
1069 4131 1206 4188 omnium
1234 4146 1296 4187 non
1320 4130 1419 4188 solum
1447 4130 1661 4198 exhilarantur,
1693 4129 1746 4187 sed
1771 4125 1881 4202 qualiter

184 4235 259 4295 pore
271 4218 303 4276 in
316 4218 499 4276 oblivionem
512 4220 667 4277 tradendae
682 4219 721 4277 ad
737 4221 915 4279 memoriam
928 4237 1015 4279 revo-
1068 4220 1175 4278 laudes
1185 4219 1281 4295 ipsius
1293 4219 1323 4277 in
1339 4219 1469 4278 Ecclesia
1484 4219 1534 4277 lici
1555 4218 1795 4294 multiplicentur,
1819 4229 1881 4270 una·

185 4312 308 4378 cantur;
324 4312 353 4366 et
366 4323 420 4382 pei·
430 4324 478 4365 res
492 4308 625 4366 virtuose
639 4308 669 4367 in
686 4309 816 4368 Ecclesia
825 4316 937 4383 gestas,
946 4327 1017 4368 cum
1069 4309 1189 4366 nimiter
1203 4323 1309 4366 cinnes
1320 4308 1535 4366 accenduntur.

184 4398 335 4471 leguntur,
349 4397 454 4454 fideles
467 4399 715 4469 accenduntur‚et
723 4403 858 4474 torpores
870 4400 1016 4458 mentium
1105 4403 1132 4456 3.
1149 4397 1308 4455 praedictus
1317 4398 1397 4456 enim
1408 4397 1528 4456 antistes
1538 4402 1640 4456 noster
1650 4396 1821 4455 bertholdus
1835 4389 1884 4466 pii·

186 4487 394 4546 discutiuntur.
1070 4493 1173 4546 vatam
1189 4487 1326 4560 gratiam,
1338 4487 1394 4546 sibi
1408 4505 1425 4545 a
1439 4492 1568 4562 patrono
1591 4493 1696 4546 nostro
1719 4498 1884 4546 concessant,

222 4583 249 4636 2.
269 4581 356 4636 huno
372 4577 532 4636 ltcminicae
547 4579 762 4636 incarnationis
778 4583 846 4637 1118
862 4580 927 4652 (16),
956 4579 1018 4636 obi·
1072 4577 1212 4635 omnibus
1225 4577 1426 4635 assidentibus
1445 4578 1595 4647 indicavit,
1614 4579 1651 4635 'ct
1678 4577 1805 4652 qualiter
1828 4587 1885 4630 euri

188 4673 236 4726 tus
258 4683 330 4725 vcro
350 4667 440 4726 beato
464 4669 634 4726 Godehardi
654 4669 864 4738 nonagesimo,
886 4669 1018 4727 Barthol-
1071 4663 1886 4742 piamintercessorcmapudDeumcssoccgnovciitaon

187 4759 247 4816 diis
263 4759 318 4832 (ir)
334 4758 379 4815 vir
392 4758 594 4828 venerandus,
618 4763 646 4817 et
668 4759 699 4816 in
723 4759 806 4816 omni
821 4759 1019 4817 ecclesiastica
1072 4757 1135 4814 sine
1144 4754 1318 4813 contritione
1327 4755 1425 4812 cordis
1434 4755 1575 4813 fratribus
1590 4755 1702 4813 nostris
1710 4749 1885 4814 enumeravit

187 4848 331 4921 religione
343 4847 532 4922 perspicuus,
560 4849 662 4921 utpote
683 4847 813 4905 selemia
834 4847 952 4906 litterali
965 4848 1018 4907 ad·
1072 4849 1298 4920 Nam,tcmpore
1310 4845 1475 4918 juventutis
1490 4861 1639 4915 suiacum
1654 4846 1722 4922 ipsc
1735 4845 1808 4902 inter
1820 4843 1888 4898 catc-

189 4937 317 4996 moduni
330 4935 475 5008 eruditus,
486 4940 515 4993 et
528 4951 650 4994 morum
663 4936 819 4994 honestate
831 4937 920 4995 valdo
933 4938 1020 4996 decc-
1072 4953 1122 4995 ros
1137 4935 1340 4994 adolescentes
1350 4935 1472 4993 ludicris
1486 4935 1576 4993 robus
1593 4939 1674 4994 essct
1683 4935 1823 5006 intentus,
1833 4946 1887 4988 coii-

225 5097 282 5182 iffi)
303 5096 434 5154 Similem
447 5097 602 5155 historiam
613 5097 702 5180 relcrt
712 5099 740 5180 S,
751 5097 977 5180 Gregoriuslib.
989 5115 1019 5156 ii.
1076 5097 1206 5154 harduin
1222 5112 1303 5180 anno
1316 5101 1384 5154 11138
1394 5096 1514 5154 obiisse.
1529 5095 1559 5153 Si
1572 5096 1653 5154 enim
1666 5113 1767 5180 anuos
1787 5098 1819 5150 90
1837 5087 1888 5172 aliis

189 5169 397 5251 Dialoporum,
414 5184 479 5242 cap.
496 5173 554 5252 23,
570 5168 622 5225 ubi
647 5169 889 5252 sanctimoniales
912 5173 973 5227 alt.
988 5172 1018 5226 P.
1040 5160 1062 5215 ὓ
1079 5172 1147 5226 1038
1162 5167 1323 5251 addideris,
1333 5183 1448 5226 annum
1463 5171 1541 5240 1118,
1549 5185 1641 5243 quem
1655 5169 1706 5227 hic
1718 5172 1819 5227 auctor
1829 5177 1887 5220 assi·

191 5241 349 5299 benedicto
363 5245 641 5323 excommunicatae,
655 5240 694 5322 ab
710 5241 834 5324 ecclesia
853 5257 884 5298 in
898 5257 960 5323 qua
976 5257 1021 5298 se·
1076 5245 1158 5313 girat,
1172 5255 1311 5314 reperies.
1871 5299 1876 5310 ,

190 5311 1023 5442 1111111111131Ῥὲ1’“111ἐὲ1’1111111111
1076 5311 1363 5440 ...titilaliia
1378 5310 1888 5440 btaattialihttballl

191 5399 672 5513 iligcitp'plssrgecdatigigdem.oblaqssone
702 5457 730 5514 S.
755 5455 849 5513 Patris
875 5427 1022 5512 absiilutae
1076 5399 1353 5511 bertholdirodeiise
1403 5470 1435 5510 ro
1462 5426 1615 5512 canonicis
1634 5425 1822 5526 regularibus
1839 5457 1886 5502 non
1952 5463 1953 5484 i

192 5526 320 5584 luerunt.
542 5597 548 5609 Ι
622 5597 624 5602 Ι
1075 5526 1164 5608 longe
1179 5525 1219 5583 ab
1232 5525 1310 5608 urbe·
1327 5471 1536 5600 aiiiiisliemio,
1564 5525 1649 5602 quod
1673 5530 1779 5602 postea
1803 5520 1886 5578 Cister-

227 5597 285 5672 (76)
304 5600 346 5654 Ex
359 5597 416 5656 hoc
430 5595 497 5657 loco
511 5601 601 5657 etiam
615 5597 760 5683 probatur
783 5598 906 5657 beatum
931 5596 1023 5658 Godc·
1076 5596 1226 5658 aiensibus
1236 5600 1333 5654 cessit.
