3996 6186
189 152 240 204 655
443 188 448 198 .
669 141 825 199 nunonis
844 139 974 198 DECth
994 139 1023 195 S.
1043 135 1203 203 QUINTlNl
1222 137 1416 196 VIROHAND.
1841 141 1898 196 σω

186 274 288 344 Puppe
303 270 360 326 sub
376 269 483 339 exigue
494 282 548 342 per
561 265 705 337 confraga
716 269 886 323 murmurat
899 279 1011 339 aequor,
1030 270 1054 324 A
1067 259 1244 333 Fluctivagae
1259 278 1415 336 aequoreos
1429 261 1537 318 mentis
1551 275 1708 334 compesce
1723 262 1859 318 tumores

187 359 335 417 Fluctibus
347 356 460 414 infestis
472 356 572 430 pelagi
586 360 746 430 spumante
763 355 904 428 procella,
1067 351 1165 423 Syrtes
1179 349 1335 423 pestiferas
1349 351 1447 408 cordis
1460 350 1614 423 disrumpe
1626 349 1772 420 vagantis,

184 453 314 522 AEquora
325 447 390 519 jam
403 446 543 504 lambunt
556 445 677 503 inimica
690 461 764 519 pace
777 444 921 514 carinam,
1065 442 1161 512 Atque
1174 437 1332 511 procellosi
1345 439 1457 512 ingenii
1470 437 1592 496 sustolle
1605 437 1739 494 carinam
1751 454 1759 506 ;

184 535 322 592 Pestilero
337 533 479 610 amplexu
493 533 651 591 horrendis
665 533 769 590 flabris
784 533 930 589 nocitura.
1067 531 1102 586 Ut
1114 528 1337 599 gubernaculis,
1350 530 1511 604 remisque,
1523 527 1657 602 velisque
1670 525 1796 599 relectis,

184 624 300 681 Viribus
312 624 393 683 iratis
408 628 510 681 teneor
526 623 618 680 maris
634 639 705 680 ursa
718 622 834 696 rapina,
1067 617 1189 690 ingenii,
1203 633 1319 689 sensus,
1334 618 1558 692 intellectusque
1572 616 1683 691 pusilli,

184 712 329 788 Undaque
344 718 483 771 curvatos
498 712 617 770 sublata
633 712 715 768 sinus
731 711 827 784 quatit
843 726 921 767 acre.
1064 699 1191 781 Jamque
1205 707 1296 779 hujus
1308 709 1407 781 operis
1416 708 1525 782 pelago
1537 707 1668 764 fervente
1683 710 1793 776 meato,

184 806 287 860 liereo
298 819 379 860 nuno
392 802 526 860 tremulis
539 801 715 860 temerarius
728 801 838 858 arbiter
852 798 941 856 undis
1065 795 1269 871 Tranquillum
1284 797 1398 870 possim
1412 797 1615 855 conscendere
1635 796 1737 853 navita
1751 802 1878 870 portum

76 950 77 954 ,
184 892 242 950 Sed
252 897 294 964 tu,
300 908 392 967 quem
401 895 513 949 statum
523 889 677 960 mobilem,
686 893 802 946 motum
814 887 1012 961 stabilemque
1065 886 1215 958 Sanguine
1230 887 1365 960 martyrii
1377 887 1515 956 fluidum,
1531 886 1693 962 palmaque
1706 886 1864 956 decorum,

182 981 306 1038 veridici
320 979 488 1056 perbibent,
499 996 570 1037 oum
585 979 623 1036 sit
634 983 735 1036 motus
749 992 871 1052 quoquc
887 980 991 1046 status,
1064 974 1223 1034 Profusum
1236 979 1265 1032 et
1276 975 1405 1033 nitidum
1419 980 1595 1034 cunctorum
1611 975 1684 1033 flore
1697 975 1863 1033 bonorum.

631 1407 921 1528 LIBER
1005 1406 1446 1528 TERTIUS.

882 1679 1191 1768 causamn.

179 2052 256 2111 Olim
270 2049 433 2123 discipulos
446 2048 636 2123 omnipotens
651 2049 740 2119 Deus,

178 2144 268 2199 Sacra
281 2139 399 2211 Virgine
413 2137 516 2195 matris
531 2136 629 2194 editus
642 2142 673 2193 et
687 2142 780 2204 satus,

178 2234 250 2288 Vere
262 2233 366 2288 nostra
377 2227 452 2285 fides
465 2226 648 2297 sarcalogon
662 2243 754 2299 quem
767 2227 817 2294 ait,

177 2317 305 2393 Puppim
320 2317 466 2375 scandere
481 2315 633 2390 precepit,
649 2314 792 2387 abireque

179 2408 258 2465 Ultra
271 2405 431 2464 velivolum
446 2410 475 2462 et
489 2404 682 2476 fluctivagum
697 2418 790 2460 mara.

177 2495 280 2554 Flebes
291 2495 465 2552 innumeras
476 2493 578 2550 sedere
592 2508 665 2550 mox
676 2492 773 2563 jubet,

178 2589 211 2643 Et
223 2584 334 2642 montis
350 2583 474 2640 subiens
489 2582 549 2639 elta
561 2581 730 2646 cacumina,

177 2677 293 2732 Numen
306 2671 413 2729 siderei
427 2669 559 2744 postulat
572 2669 611 2725 ad
626 2669 728 2725 Patris.

176 2763 274 2821 Noctis
288 2759 421 2818 ceruleae
436 2775 508 2816 mcx
522 2772 642 2830 erepere
656 2757 756 2824 obvio,

176 2853 242 2909 Dira
258 2850 431 2907 ferbuerant
444 2863 568 2921 equora
580 2846 682 2914 livida,

177 2943 262 2997 laevo
276 2937 455 3012 praetumido
470 2935 592 2993 flamine
605 2935 741 3005 gurgitis,

176 3026 368 3086 Conclamata
379 3024 473 3093 salus,
489 3038 618 3098 spesque
632 3022 753 3090 fiducia,

175 3117 294 3174 Cunctis
308 3113 464 3188 discipulis
478 3111 673 3188 perstrepidis
685 3110 775 3168 nimis

173 3207 256 3264 Aeris
269 3204 409 3280 pestifera
420 3203 525 3261 mortis
539 3201 680 3273 imagine.

174 3299 290 3364 Quartae
305 3309 377 3352 nam
395 3291 530 3351 stationis
545 3291 662 3348 tumido
677 3291 734 3347 situ

174 3386 305 3444 Christus
322 3398 354 3439 se
368 3381 477 3455 pelago
491 3379 651 3449 fluctivago
673 3377 771 3434 intulit

164 3472 257 3530 Sicco
271 3469 407 3540 vestigio,
424 3483 516 3541 seque
529 3482 584 3540 per
598 3482 722 3538 aequora

173 3565 237 3618 Fert
249 3560 341 3616 tluctu
355 3555 469 3628 liquido
484 3553 636 3628 passibilis
651 3556 753 3621 maris,

121 3667 125 3673 ·
173 3647 263 3707 Offert
276 3643 429 3718 discipulis
444 3657 536 3716 seque
551 3641 755 3698 trementibus.
820 3701 827 3713 ,

171 3736 252 3792 Tunc
266 3737 349 3791 artus
363 3731 505 3788 tremulos
519 3735 648 3804 occupet
661 3735 689 3786 et
704 3746 806 3803 pavor,

172 3823 290 3880 Haerent
303 3820 483 3895 discipulum
501 3818 592 3877 corda
607 3819 765 3892 stupentia.

171 3899 313 3985 ignor'ant
324 3910 398 3985 quid
410 3913 502 3981 agani
513 3908 574 3966 tine
589 3909 646 3965 suh
661 3907 775 3966 ultimo.

170 4005 274 4060 Terror
288 4005 410 4076 pectora
425 4004 471 4056 sat
485 3997 620 4056 verberat
638 3997 765 4070 algidus,

171 4089 290 4149 Clamor
301 4088 399 4146 sidera
414 4087 513 4161 pulsat
527 4087 638 4145 nimius
651 4086 723 4161 poli.

169 4183 331 4252 Postquam
346 4193 378 4234 se
392 4177 521 4233 innotuit
534 4175 688 4250 discipulis
703 4178 790 4244 Deus,

169 4267 318 4326 Praesiccis
331 4265 460 4341 pedibus
475 4271 558 4322 stans
573 4264 667 4322 iluido
680 4265 757 4322 mari

168 4360 271 4414 Petrus
286 4371 358 4413 mox
369 4353 496 4411 nomino
509 4353 602 4412 verba
616 4354 755 4410 sonantia

170 4445 301 4520 Sumptis
315 4443 430 4502 viribus
444 4448 473 4500 et
486 4443 594 4499 robore
608 4442 746 4516 praetulit.

169 4536 191 4593 0
203 4539 236 4592 tu
251 4532 365 4591 Christe
379 4535 487 4606 potens
500 4531 618 4588 aetheris
632 4536 661 4588 et
672 4531 764 4589 maris

168 4624 198 4683 si
211 4639 268 4680 nos
282 4626 385 4680 sancte
401 4621 474 4678 adiit
488 4635 568 4676 nunc
582 4620 678 4695 pietas
690 4625 752 4687 tua,

167 4714 275 4786 Estque
290 4715 353 4767 tuta
365 4710 442 4767 fines
453 4709 607 4781 omnibus,
622 4715 650 4766 et
662 4710 768 4783 probe,

165 4804 275 4860 Tecum
289 4815 413 4874 pergere
425 4814 474 4856 me
486 4798 615 4872 praecipe
630 4815 684 4873 per
696 4815 789 4857 mare.

165 4889 308 4963 Praecepti
322 4887 448 4962 imperio
460 4902 542 4944 nunc
553 4887 727 4958 vegetabilis

165 4979 326 5050 indulgens
340 4977 420 5035 iavet
433 4975 490 5043 his,
506 4980 535 5033 et
547 4975 663 5033 retulit:
681 4977 759 5034 Veni.

165 5065 271 5122 Fidens
285 5066 315 5122 in
330 5065 465 5134 Domino,
479 5065 532 5139 qui
546 5064 624 5138 potis
637 5068 682 5121 est
695 5065 787 5122 maris

163 5153 266 5210 Petrus
280 5169 411 5228 moxque
423 5159 518 5211 ratem
533 5153 642 5211 deserit
655 5154 749 5225 ocius,

163 5241 198 5297 Et
211 5239 263 5296 dat
274 5239 434 5310 vestigium
447 5241 588 5298 fluctibus
601 5242 740 5315 aequoris.

161 5329 284 5386 Mentem
297 5327 464 5402 perculerat
477 5345 525 5386 res
538 5327 698 5386 tremulam
711 5345 801 5402 nova,

161 5420 235 5476 Cum
249 5415 423 5474 discrimina
437 5422 547 5490 pontus
562 5417 655 5475 movit
672 5417 772 5486 effera,

160 5507 311 5572 Quamdiu
323 5520 384 5561 non
397 5505 555 5562 dubitavit.
568 5507 577 5528 ·

159 5595 276 5650 Petrum
292 5591 473 5649 sustulerant
485 5608 609 5665 aequora
623 5593 753 5664 turgida,

1022 2049 1042 2102 B
1063 2044 1264 2119 diffidensque
1277 2045 1324 2102 sui
1338 2044 1477 2118 paenituit
1487 2043 1587 2112 nimis,

1060 2139 1170 2193 Mersus
1185 2150 1310 2209 corpore
1325 2137 1426 2191 Petrus
1440 2133 1540 2190 medio
1557 2133 1622 2190 salo

1061 2222 1193 2282 Clamat:
1207 2223 1344 2296 Deripere
1358 2222 1499 2280 fluctibus
1513 2222 1570 2292 his,
1586 2225 1673 2280 Deus.

1061 2311 1167 2370 Christi
1182 2312 1303 2370 dextera
1317 2328 1388 2369 mox
1405 2328 1497 2386 quem
1511 2313 1610 2386 rapuit
1623 2329 1719 2381 sacra,

1060 2400 1153 2458 Dixit:
1171 2423 1185 2452 «
1200 2401 1245 2457 Fu
1256 2401 1384 2458 modicae
1397 2417 1450 2459 cur
1463 2399 1533 2458 fidei
1546 2403 1639 2458 modo

1058 2489 1196 2548 Nutando
1211 2491 1322 2548 titubas
1338 2495 1366 2547 et
1380 2490 1502 2547 dubitas
1516 2490 1610 2547 freto?
1624 2515 1639 2542 n

1059 2580 1273 2638 Conscendunt
1284 2580 1395 2654 pariter
1407 2596 1481 2638 mox
1496 2583 1572 2638 Deus
1586 2586 1616 2637 et
1626 2583 1727 2638 Petrus

1058 2669 1176 2740 Navim,
1189 2668 1344 2743 discipulis
1357 2668 1474 2726 turbine
1489 2668 1633 2727 tristibus.

1057 2757 1173 2816 cedunt
1186 2758 1330 2816 continuo
1342 2758 1433 2816 noxia
1447 2758 1583 2816 flamine.

1090 2846 1212 2904 Dudum
1225 2863 1282 2905 nos
1295 2845 1422 2920 pelagus
1435 2846 1650 2921 praetumidum
1664 2848 1756 2906 nimis

1058 2936 1174 2993 Summi
1187 2936 1311 2993 numina
1325 2935 1433 2992 Christi
1444 2937 1680 3010 penetravimus.

1055 3024 1167 3081 cursus
1178 3025 1243 3096 jam
1257 3023 1375 3084 medios
1390 3024 1570 3095 contigimus
1582 3025 1653 3082 tere.

1056 3113 1234 3187 obpansum
1247 3114 1381 3186 undique
1397 3113 1507 3171 coelum
1521 3113 1655 3189 undique
1668 3115 1795 3172 cernitur

1055 3201 1128 3258 ilinc
1140 3201 1221 3274 hino,
1235 3207 1324 3276 atque
1339 3201 1442 3259 minax
1456 3201 1601 3260 ceruleus
1614 3203 1725 3277 liquor.

1055 3290 1157 3347 Haurit
1168 3291 1294 3366 jamque
1306 3305 1402 3364 pavor
1413 3295 1535 3364 pectora
1547 3292 1670 3360 tristiam,

1015 3395 1035 3452 g
1055 3377 1171 3436 Tollunt
1184 3395 1308 3453 aequora
1322 3379 1434 3437 molem
1448 3379 1571 3437 inscitiae
1583 3397 1677 3438 mete:

942 3468 947 3478 ’
1054 3468 1148 3542 coepti
1162 3469 1295 3542 poeuitet,
1312 3475 1340 3528 et
1352 3470 1450 3538 taedet,
1464 3475 1493 3527 et
1506 3470 1564 3528 hoc
1578 3472 1669 3545 piget.

1055 3557 1198 3613 Summus
1213 3558 1325 3616 Christe
1341 3560 1429 3630 Deus,
1445 3575 1526 3616 nunc
1539 3559 1646 3618 taciem
1661 3563 1741 3618 tuam

1054 3642 1133 3700 Felix
1147 3644 1310 3718 poplitibus
1325 3647 1521 3720 pandeamini
1533 3654 1613 3722 peto.

1053 3733 1165 3804 Lapsae
1177 3733 1291 3808 respice
1305 3750 1374 3809 spes
1389 3735 1491 3793 fomite
1505 3737 1648 3794 numinis.

1053 3823 1193 3880 Sanctam
1208 3823 1326 3896 porrige
1339 3840 1464 3882 manum
1477 3841 1558 3884 nunc
1570 3828 1687 3903 trepido
1702 3827 1786 3898 mihi,

1052 3909 1167 3967 Possim
1182 3912 1327 3969 scandere
1340 3929 1403 3988 quo
1417 3918 1501 3984 gesta
1516 3915 1668 3990 micantia,

1053 4000 1178 4058 Summo
1192 4005 1219 4059 te
1233 4001 1321 4074 duce,
1337 4002 1380 4060 sic
1395 4007 1421 4060 te
1436 4003 1513 4061 duce
1528 4006 1648 4078 praevio,

1052 4091 1085 4145 Et
1097 4094 1171 4163 quot
1186 4095 1257 4148 sunt
1269 4091 1407 4148 mihimet
1418 4097 1504 4150 torva
1518 4094 1659 4167 pericula.

1051 4181 1176 4236 Mentem
1191 4179 1319 4254 septiiidi
1331 4186 1451 4239 nectere
1465 4182 1600 4256 Spiritus,

1051 4269 1085 4325 Ei
1097 4284 1149 4325 cor
1162 4269 1300 4326 rethorici
1314 4270 1416 4328 fomite
1430 4272 1564 4342 gurgitis,

1050 4359 1084 4414 Et
1097 4357 1232 4428 linguam
1246 4359 1376 4417 trimodo
1390 4361 1551 4436 proloquio
1565 4366 1694 4438 struens,

1049 4449 1196 4519 hsperges
1210 4445 1338 4504 salubris
1351 4448 1432 4505 fonte
1447 4449 1576 4508 seientiae
1588 4469 1595 4520 3

1049 4535 1192 4591 Narratus
1201 4534 1301 4594 brevis
1315 4541 1348 4594 ut
1360 4538 1456 4612 sitque
1468 4541 1645 4614 probabilis,

1048 4625 1143 4696 Atque
1158 4623 1228 4680 hine
1240 4629 1333 4682 exstet
1345 4631 1466 4700 apertus
1478 4627 1594 4686 homini
1606 4631 1668 4687 scio

1005 4752 1027 4806 D
1049 4712 1142 4783 liuJus
1153 4711 1295 4784 historice,
1311 4731 1406 4790 quam
1419 4717 1632 4776 reserabimus.

1047 4799 1172 4857 Partitus
1184 4801 1314 4859 brevitas
1328 4803 1440 4862 famine
1453 4804 1609 4880 splendeat

1047 4892 1079 4945 ln
1094 4893 1156 4947 toto
1170 4890 1262 4949 niteat
1274 4909 1402 4967 quaeque
1417 4894 1545 4952 solutio:

1046 4979 1185 5036 Nectatur
1197 4981 1298 5050 generi
1314 4981 1355 5039 sic
1367 4997 1489 5057 quoque
1505 4984 1643 5057 paucitas

1045 5066 1193 5139 Persona,
1208 5084 1304 5143 exque
1317 5069 1405 5140 datia,
1419 5077 1509 5146 atque
1522 5073 1642 5145 negotio

1046 5157 1187 5213 Sumatur
1199 5159 1274 5216 ratio
1289 5159 1505 5218 rhetoricabilis

1044 5243 1163 5316 Septem
1172 5260 1254 5303 nunc
1266 5246 1419 5306 elementis
1431 5250 1507 5308 bene
1522 5251 1662 5322 cognitis,

1042 5333 1231 5408 Decretisque
1245 5335 1445 5396 simultatibus
1458 5341 1612 5411 omnibus,

1041 5417 1083 5475 'Fe
1097 5420 1228 5480 donante
1244 5426 1320 5482 Deus
1332 5426 1450 5498 Virgine
1464 5445 1526 5502 qua
1544 5437 1637 5501 satus,

1039 5507 1114 5564 curn
1129 5511 1213 5566 Patre
1225 5511 1366 5584 ingenito,
1381 5519 1410 5572 et
1423 5515 1553 5573 Flamina
1567 5534 1637 5574 cum
1652 5534 1750 5591 sacro,

1038 5596 1180 5669 Regnem
1195 5605 1358 5675 perpetuus
1373 5609 1481 5664 cuncta
1495 5605 1600 5664 videns
1618 5609 1704 5665 Deus.
