3996 6186
246 201 300 257 rae
732 175 886 253 nunonis
904 173 1036 252 occasu
1054 194 1084 252 s.
1103 193 1259 260 aursruu
1276 193 1469 257 vraouasu.
1903 201 1948 253 ns

247 323 370 382 sevitie
395 323 484 377 tanta
510 317 717 390 multitudinis,
747 335 845 394 usque
873 319 992 393 placare
1004 335 1074 374 eam
1090 321 1114 378 Α
1133 318 1215 378 omni
1230 318 1404 392 supellectili
1416 324 1449 376 ut
1456 319 1577 391 iussum
1591 317 1867 389 erategredientes,
1880 320 1950 378 mise

248 415 389 481 congesto
404 408 498 481 pretio
512 408 602 465 totius
615 409 709 480 regni,
725 409 782 465 nisi
794 425 848 483 per
867 415 894 466 te
915 409 969 482 qui
982 409 1076 481 impe·
1131 409 1250 466 runtad
1262 409 1371 466 ducem
1396 409 1577 469 bichardum
1593 412 1626 469 ut
1639 424 1708 470 eam
1727 409 1886 482 reciperet.
1902 415 1950 482 lpse

248 506 327 558 rator
341 515 373 554 ss
386 498 476 570 bujus
489 498 539 554 rei.
561 502 699 557 precatus
730 499 814 556 llcxis
830 498 957 568 genibus
972 513 1076 571 corpo
1131 502 1232 556 autem
1256 513 1324 558 eam
1347 499 1494 573 iucipiens
1517 497 1722 556 abrmdantius
1734 498 1885 556 militibus
1895 515 1950 572 pre

246 588 286 644 ris
299 593 330 644 ct
343 587 447 657 animi,
463 592 496 644 ut
509 586 667 657 indulgeas
682 593 880 644 sacrosancta
902 585 1035 644 aeclesia
1049 589 1078 642 et
1130 587 1267 656 munivit,
1298 588 1496 662 omniumque
1518 589 1670 646 bonorum
1693 587 1855 648 abluenda
1876 589 1950 649 boue

246 676 387 734 desolata
401 675 491 751 plebi,
503 681 533 734 st
546 676 661 733 babeas
672 693 703 733 se
716 676 836 734 fidelem
849 674 997 732 famulum
1012 673 1076 745 tibi,
1130 680 1213 734 stans
1228 677 1409 736 fecundavit.

245 781 441 840 compescens
452 765 609 840 pestilerae
637 764 776 822 incursus
800 765 956 836 llacigenas
976 764 1077 820 feroci-
1445 781 1637 826 irosrnorna.

244 856 322 912 tatis.
340 877 354 907 ιι
371 855 535 912 llicbardus
547 871 617 912 vero
630 855 693 912 dux
717 855 764 910 bis
781 853 901 920 auditis,
928 853 1017 909 tacito
1031 852 1076 909 ai-
1715 854 1831 928 [stylus
1847 861 1926 914 ornet

243 943 322 1000 iectu
344 944 451 1001 mentis
477 947 537 1000 llao
564 948 662 1014 gratas
688 943 758 1015 egit,
785 942 937 999 monaobo
953 957 1077 1015 quoque
1130 942 1266 1000 Rusticus
1283 943 1384 1004 inscie
1398 945 1465 1015 [pro
1486 943 1620 1015 macilis]
1646 959 1843 1017 quamquam
1858 950 1949 1002 nostre

244 1033 423 1092 subintulit:
440 1055 455 1085 ι
472 1033 502 1090 si
523 1049 592 1106 quae
618 1033 748 1106 loquaris
776 1047 885 1088 verane
911 1047 977 1088 asse
1006 1047 1077 1104 pos-
1131 1031 1243 1090 Diversi
1255 1031 1344 1092 variis
1359 1031 1477 1103 generis
1493 1031 1595 1090 metris
1609 1048 1686 1106 opus
1700 1031 1792 1100 istud,

243 1124 341 1180 sunt?
355 1145 369 1174 ιι
393 1123 577 1196 Respondit:
608 1145 622 1173 ιι
636 1125 720 1192 Vere,
749 1125 778 1178 et
804 1136 866 1178 non
885 1121 972 1192 gestit
994 1119 1077 1178 alind
1850 1123 1925 1196 [quq

244 1208 423 1273 beneficium
439 1211 613 1285 promereri,
626 1211 755 1266 reddens
770 1209 1016 1266 Ebroicacensem
1029 1223 1077 1265 ur·
1130 1213 1321 1270 Praeuacunm
1337 1211 1436 1280 nimis,
1451 1211 1671 1284 indignumque
1681 1210 1756 1284 opis,
1773 1211 1853 1270 artis
1867 1211 1950 1286 inops

244 1301 315 1359 bem
329 1300 392 1372 tibi,
404 1300 461 1356 nisi
476 1316 671 1374 perseverans
681 1299 870 1374 propositum
884 1305 942 1356 tus
952 1299 1075 1359 barne
1129 1299 1335 1374 Rhetoricique
1350 1300 1410 1358 lavi
1425 1301 1584 1361 redolentis
1599 1300 1709 1363 nectari
1725 1316 1848 1371 exsors,

244 1390 410 1448 dilectionis
425 1408 432 1458 ;
447 1396 479 1447 ut
493 1407 554 1464 pes
568 1395 597 1446 et
610 1389 772 1447 concordia
796 1387 1011 1446 indissolubilis
1025 1388 1076 1444 irs·
1130 1389 1253 1446 Heroieo
1269 1390 1368 1463 potius
1382 1395 1478 1448 metro
1491 1390 1603 1464 pollere
1615 1389 1753 1458 deceret3

243 1480 323 1536 deris
356 1485 478 1535 maneat
505 1479 663 1535 vobiscum
685 1478 802 1534 cunctis
830 1477 938 1533 diebus
964 1477 1075 1550 quibus
1130 1481 1189 1536 lieo
1202 1479 1364 1550 lugubrata
1375 1479 1561 1553 vigentquia
1575 1478 1749 1538 lectalecta
1764 1479 1909 1538 virorum.

246 1568 384 1624 vixeritis.
409 1567 572 1641 venietque
600 1572 691 1624 noctu
715 1583 785 1622 cum
809 1565 973 1624 secretariis
1000 1565 1073 1632 suis,
1129 1570 1180 1626 llic
1192 1584 1264 1628 nam
1277 1567 1428 1639 sirlortis,
1442 1573 1596 1638 constans,
1609 1567 1751 1629 robustus
1765 1566 1799 1628 iu
1814 1569 1912 1629 arma

241 1657 367 1731 quando
392 1657 446 1713 tibi
471 1656 624 1730 placuerit,
651 1671 743 1712 causa
769 1655 859 1724 bujus
888 1654 1010 1726 negotii,
1034 1653 1111 1726 adp
1800 1655 1920 1727 [destun

243 1745 356 1802 moenia
382 1744 630 1815 liotbomagensis
655 1744 748 1812 urbis,
777 1743 950 1820 llrmaturus
974 1757 1074 1799 sacre-
1128 1744 1281 1812 Pscilious,
1308 1743 1418 1816 bonus,
1441 1749 1531 1819 atque
1555 1745 1681 1818 probus,
1702 1745 1784 1818 pius,
1810 1745 1876 1818 ipse
1900 1760 1947 1800 mo

243 1838 345 1890 mento
358 1849 435 1890 verse
449 1832 597 1907 fideique
611 1832 664 1890 tibi
672 1831 819 1903 suggessi.
833 1853 847 1882 »
860 1834 940 1888 Tunc
954 1831 1074 1888 llicbar·
1129 1833 1311 1905 llagniflous,
1327 1834 1462 1908 meritas,
1476 1834 1646 1907 precelsus,
1660 1833 1783 1904 nobilis,
1800 1833 1905 1894 almus.

242 1923 300 1980 dus
317 1939 323 1978 :
339 1945 347 1973 ι
363 1922 413 1979 liei
425 1922 485 1978 fide
496 1937 559 1995 qua
573 1921 701 1978 vivimus
724 1925 754 1977 et
764 1925 950 1990 vegetamur,
963 1920 1074 1977 tenaci·
1129 1923 1270 1995 lnclytus,
1286 1924 1433 1994 egregius,
1451 1923 1607 1993 mirabilis,
1623 1927 1714 1997 atqua
1726 1923 1868 1984 decorus.

241 2012 526 2086 quanostriteuoris
541 2011 732 2068 firmamento
760 2010 970 2067 collaudamus
981 2016 1014 2067 ut
1028 2025 1075 2066 ve·
1128 2012 1284 2082 humus,
1307 2012 1446 2084 eximius,
1470 2012 1654 2086 praecellens,
1671 2011 1942 2083 magnanimusque.

242 2102 306 2158 nist
316 2101 355 2158 ad
370 2117 435 2169 uos,
454 2101 478 2157 si
492 2100 610 2156 libitum
636 2101 732 2166 luerit,
749 2099 795 2156 bis
809 2099 903 2156 tribus
917 2099 1074 2156 transactis
1128 2100 1307 2172 Praecipuus,
1319 2102 1431 2172 justus,
1446 2105 1578 2168 sanctus,
1593 2100 1791 2174 humilisque,
1807 2104 1942 2158 venustus.

242 2190 359 2258 diebus,
375 2195 404 2246 et
416 2195 630 2246 connectamus
645 2189 758 2246 loedera
773 2187 856 2244 nullo
875 2205 949 2244 casu
964 2187 1075 2247 solubi-
1128 2188 1285 2262 Propitius,
1299 2189 1387 2254 bnis,
1402 2193 1590 2258 mensuetus,
1605 2189 1695 2258 cifis,
1711 2188 1853 2246 acerbus.

242 2279 281 2336 lia
298 2297 304 2347 ;
320 2279 374 2335 sed
386 2279 537 2352 perpetuis
552 2283 580 2334 et
592 2277 848 2335 inextricabilibus
872 2277 991 2349 legibus
1004 2293 1073 2334 con·
1128 2277 1331 2349 maganus,
1346 2277 1481 2346 celebris,
1498 2277 1652 2350 solemnis,
1668 2277 1822 2347 amabilis,
1836 2282 1916 2350 atque

243 2368 402 2425 servanda.
418 2387 432 2418 r
446 2369 608 2426 llonacbus
622 2383 755 2440 namque
784 2383 852 2440 quoe
876 2367 990 2424 audivit
1014 2370 1075 2424 Tet-
1843 2366 1914 2438 [que.

242 2457 334 2515 boldo
349 2457 449 2514 comiti
474 2457 664 2515 renuntiavit.
681 2458 745 2531 lpse
764 2461 866 2513 auam
887 2456 972 2513 laetus
987 2461 1018 2512 et
1030 2456 1074 2512 bl·
1128 2455 1274 2524 Clemens,
1289 2455 1460 2528 indulgens,
1482 2455 1639 2524 miserens,
1650 2455 1800 2514 scelerum
1819 2453 1940 2528 puniens

242 2546 312 2603 laris
343 2561 433 2620 super
457 2546 665 2618 hujuscemodi
693 2545 879 2612 renuntiatis,
901 2543 1074 2610 diebuster
1128 2545 1288 2615 Probator,
1301 2561 1420 2614 censor,
1436 2549 1524 2608 tutor,
1540 2545 1663 2616 largitor
1676 2544 1841 2600 bonorum.

240 2636 363 2693 duobus
389 2635 579 2706 transuectis,
605 2635 686 2692 venit
712 2637 872 2691 ilotomum
895 2638 987 2690 noctu
1003 2649 1074 2691 cum
1128 2634 1260 2692 Prudens
1270 2639 1300 2692 et
1317 2635 1449 2707 sapiens,
1464 2633 1618 2704 industris,
1634 2649 1759 2705 gnarus,
1780 2630 1912 2690 enormis

245 2725 308 2780 suis
324 2724 498 2781 secretariis.
523 2728 649 2797 Uterque
663 2725 773 2780 borum
787 2727 820 2780 ut
838 2723 964 2780 alterum
988 2738 1074 2780 cons·
1128 2723 1321 2792 linguarum,
1335 2723 1585 2797 diversarumque
1601 2721 1698 2780 sciens
1709 2723 1875 2793 mgiouum.

242 2813 333 2886 pexit,
347 2813 455 2869 obvius
480 2813 610 2886 quisque
642 2812 780 2881 cucurrit,
806 2811 1073 2885 amplexantesque
1127 2814 1271 2879 attentus,
1286 2810 1402 2882 docilis,
1413 2811 1551 2884 cupidus,
1567 2809 1731 2882 sitiensque
1742 2809 1895 2866 bonorum

244 2916 276 2956 se
289 2901 418 2956 invicem
431 2900 536 2956 oscula
549 2900 690 2968 libarunt,
703 2915 879 2973 sessumque
895 2901 1071 2973 petiverunt.
1128 2899 1274 2965 Uirilicus,
1285 2899 1410 2968 stabilis,
1427 2899 1538 2964 suavis,
1549 2898 1700 2972 fidusque,
1715 2897 1823 2956 fidelis.

243 2992 324 3050 luno
336 2988 417 3061 prior
431 2989 591 3044 Tetboldas
606 3007 613 3044 ι
630 3011 643 3039 ιι
658 2989 701 3044 ad
714 2992 799 3045 tuom
811 2989 994 3046 ineffabilem
1014 2989 1073 3062 pie·
1088 3027 1108 3083 C
1127 2987 1327 3061 tranquillus,
1341 2987 1488 3060 placidus,
1498 2987 1675 3058 laetus-sine
1687 2987 1780 3060 nube,
1793 3001 1914 3044 saeuus.

242 3079 334 3132 mmm
349 3075 475 3150 supplex
489 3077 588 3148 venio,
615 3077 686 3150 quia
700 3081 752 3134 tua
764 3077 953 3134 miseratione
978 3081 1009 3134 et
1024 3076 1073 3134 llei
1127 3077 1291 3145 locandus,
1305 3077 1412 3148 dulcis,
1425 3077 1627 3151 blandusque,
1643 3075 1773 3134 affabilis
1790 3073 1874 3134 omui.

242 3163 452 3239 propitiatione
467 3165 604 3222 omniurn
617 3165 747 3237 indigeo.
764 3167 898 3222 listsrlata
920 3170 991 3222 sunt
1009 3165 1073 3222 ubi-
1127 3170 1260 3234 Pacatus,
1276 3165 1354 3233 lalix,
1369 3165 1503 3237 frugalis,
1514 3165 1735 3238 iuridiousque.

241 3271 372 3330 cumque
387 3260 534 3313 terrarum
544 3273 611 3329 ques
622 3255 773 3328 possideo,
785 3255 971 3329 habeturque
983 3254 1071 3311 tellus
1127 3259 1296 3324 Formosus,
1312 3255 1405 3324 divas,
1419 3255 1564 3328 locuples.
1579 3260 1609 3313 et
1621 3254 1815 3314 munificator.

243 3346 303 3402 mei
313 3346 389 3418 juris
401 3345 492 3402 veluti
505 3345 647 3419 quaedam
662 3345 801 3402 solitudo.
817 3345 929 3401 ldciroo
942 3361 1009 3417 quse
1018 3343 1072 3400 tibi
1126 3345 1216 3402 Dulce
1226 3349 1317 3419 eaput
1331 3343 1445 3418 populi,
1464 3360 1533 3418 spes
1546 3350 1576 3402 ct
1588 3343 1700 3402 fiducia
1713 3343 1800 3418 plebi.

240 3435 390 3504 suggessit
404 3435 572 3490 monachus
586 3433 843 3506 exsequilibenter
857 3449 923 3489 sum
934 3438 1069 3506 paratus.
1125 3437 1277 3502 Procerus,
1297 3434 1492 3507 pulcherque,
1506 3433 1639 3506 elegans,
1668 3433 1760 3490 iorma
1781 3428 1933 3502 speciosus-

242 3523 453 3593 Praejudioium
468 3538 558 3578 omne
573 3521 632 3577 mei
647 3521 762 3578 consilii
784 3528 812 3578 et
824 3521 893 3578 lacti
908 3521 961 3578 tibi
973 3537 1072 3580 emen·
1125 3526 1178 3580 Pes
1192 3523 1312 3594 claudo,
1328 3528 1356 3581 et
1369 3522 1475 3580 oculus
1488 3539 1579 3592 osseo,
1595 3521 1776 3594 baculusque
1784 3514 1900 3576 labanti

240 3610 323 3666 dabo
339 3628 347 3678 ;
363 3610 515 3682 hujusque
531 3609 572 3665 rei
587 3609 682 3680 gratia
696 3611 785 3682 quasi
799 3627 855 3683 pro
862 3610 1071 3668 beneficiotibi
1126 3612 1213 3670 Omni
1225 3610 1377 3668 sufficiens
1393 3617 1482 3686 potus
1494 3610 1577 3682 large
1592 3610 1711 3669 sitienti.

241 3699 374 3756 serviens
388 3697 542 3766 militabo;
564 3698 778 3756 Ebroicacense
803 3704 936 3756 casuum
955 3699 1008 3756 tibi
1021 3717 1071 3757 vo·
1125 3703 1206 3758 ilseae
1221 3699 1374 3773 praelarga
1389 3705 1418 3756 et
1431 3699 1522 3757 varis
1532 3700 1619 3757 cibus
1632 3697 1782 3756 morienti.

241 3787 486 3856 luntariereddo‚
507 3788 687 3861 veniamque
714 3793 744 3846 et
768 3789 986 3860 indulgentiam
1012 3795 1070 3846 ture
1124 3789 1276 3862 Pauperis,
1290 3788 1413 3858 assulis,
1423 3794 1454 3846 at
1463 3788 1562 3862 inopis
1572 3792 1727 3863 susceptor
1739 3785 1870 3846 enormis.

240 3876 441 3935 miserationis
455 3877 619 3950 promereri
629 3877 754 3951 supplex
769 3878 984 3952 postulo,quod
998 3893 1070 3936 oon-
1124 3883 1273 3938 Protector
1285 3879 1393 3950 vidue,
1407 3879 1519 3951 conjnx
1529 3879 1609 3936 velut
1622 3883 1712 3952 atque
1728 3878 1856 3936 maritus.

239 3969 325 4026 trata
347 3965 419 4023 illud
447 3965 538 4022 tamn
556 3986 570 4016 a
599 3966 694 4038 Hujus
719 3965 895 4022 humilitatis
911 3966 1069 4024 devotione
1125 3969 1240 4030 solator
1250 3967 1926 4042 regumque,ducum,procsrum,comitumqu2·

240 4055 405 4114 llicbardus
419 4054 481 4110 dux
497 4069 626 4125 magnus
652 4053 881 4110 misericorditer
893 4059 992 4112 mente
1021 4071 1070 4112 su·
1123 4059 1200 4114 llum
1210 4057 1326 4116 mundo
1340 4057 1452 4128 viguit;
1471 4056 1665 4116 sicomnibus
1675 4055 1780 4116 omnia
1793 4055 1886 4120 nctus,

239 4143 355 4208 beatus,
382 4144 538 4217 respondit
565 4143 708 4200 letboldo
733 4143 834 4200 comiti
870 4143 1067 4201 humilimus:
1122 4147 1226 4206 Olfecit
1238 4147 1337 4214 nullis,
1350 4146 1472 4204 certavit
1485 4146 1604 4220 proiore
1617 4147 1743 4206 ermetis.

239 4251 254 4281 ιι
271 4231 339 4287 Sine
349 4231 457 4287 obside
469 4237 498 4288 et
513 4237 701 4289 sacramento
727 4232 798 4288 lidei
822 4249 898 4289 meae
911 4232 971 4288 buc
995 4233 1069 4290 nibil
1159 4236 1210 4294 llis
1221 4235 1263 4294 ita
1278 4239 1389 4294 secrete
1404 4239 1552 4308 cautaque
1567 4233 1702 4308 expletis,
1726 4231 1857 4293 marchio
1870 4227 1929 4284 dux·

239 4316 370 4374 titubans
384 4319 758 4394 accessisti,quaeoumque
773 4321 901 4394 requiris
928 4321 1068 4395 impetra·
1120 4341 1181 4399 que
1207 4325 1332 4384 celebris
1357 4341 1481 4382 scenam
1510 4323 1675 4384 llicbardus
1698 4324 1783 4384 mire
1813 4317 1931 4392 amplitu-

237 4405 297 4462 bis.
328 4405 482 4463 Gonunurn
501 4407 585 4479 pacis
613 4408 782 4466 felicitatem
810 4409 946 4478 babebis,
977 4426 1068 4468 nemo
1083 4379 1105 4434 ⁰
1121 4414 1199 4472 dinis
1228 4419 1319 4488 atqua
1353 4413 1549 4486 longitudinis
1578 4428 1671 4488 super
1699 4412 1800 4486 ripam
1835 4402 1931 4468 givoldi

238 4511 376 4552 meomm
390 4494 444 4551 tibi
458 4501 486 4552 et
495 4495 553 4550 tuis
567 4496 645 4554 ultra
667 4497 795 4568 iniurius
807 4504 836 4558 et
859 4515 976 4556 nocuus
1002 4499 1066 4558 erit.
1120 4502 1208 4560 losse
1232 4502 1324 4574 jussit
1342 4501 1416 4570 lieri,
1443 4502 1475 4560 in
1498 4501 1628 4561 aduentu
1655 4499 1855 4574 palatinorum
1871 4506 1932 4570 pon·

238 4586 300 4654 Ego
326 4599 397 4639 uero
412 4582 522 4640 abhinc
548 4588 627 4652 tuus,
651 4584 727 4641 siout
742 4591 881 4656 mmeus,
901 4593 1067 4662 mutuoque
1121 4591 1296 4665 tificumque
1327 4591 1475 4650 Francicae
1499 4590 1605 4662 gentis.
1636 4589 1837 4650 Detcrmissata
1860 4582 1933 4655 igiau

237 4673 408 4728 communis
421 4673 523 4730 auxilii
536 4674 715 4748 interventu,
735 4676 912 4736 fiducialiter
923 4678 1066 4750 vicissim,
1121 4685 1255 4754 tempora
1267 4680 1363 4738 iduati
1387 4680 1470 4752 maii,
1497 4679 1692 4738 mammetis
1706 4677 1820 4736 scilicet
1843 4674 1879 4734 ab
1891 4685 1933 4726 θῦν

237 4761 379 4820 solemur.
396 4763 456 4820 liat
478 4779 536 4838 pax
552 4763 705 4838 opulenta,
734 4767 853 4840 requies
865 4768 1009 4840 jocunda,
1023 4785 1068 4826 se-
1119 4775 1223 4828 tuante
1237 4770 1299 4828 sole
1313 4769 1454 4840 Geminis,
1479 4773 1626 4830 veneunt
1640 4768 1736 4841 graba
1753 4759 1933 4842 impetrante

235 4853 346 4910 renitm
359 4854 531 4928 tranquilla,
545 4855 709 4914 concordia
730 4855 875 4914 internos
898 4857 1012 4915 stabilis
1039 4863 1067 4916 et
1120 4857 1204 4933 pacis
1218 4858 1260 4918 ad
1274 4858 1456 4920 Richardum
1468 4857 1578 4917 discam
1604 4873 1752 4930 maguum
1780 4856 1848 4914 illuc
1863 4848 1933 4928 pall·

235 4943 377 5016 perlecta,
394 4959 447 5017 per
458 4943 578 5001 decreta
593 4943 818 5003 inextricabilia.
833 4965 848 4999 s
864 4947 964 5004 allatis
978 4947 1067 5017 igitar
1120 4947 1172 5006 tini
1186 4963 1257 5006 cum
1267 4947 1429 5020 episcopis,
1445 4962 1557 5020 eosque
1570 4945 1710 5006 decenter
1731 4949 1759 5002 et
1774 4943 1934 5003 veneranter

233 5037 408 5090 sanctorum
436 5033 614 5108 pignoribus
650 5034 786 5091 loedcrati
814 5040 893 5092 sunt
928 5036 1066 5094 Similiter
1118 5036 1221 5110 recipi,
1237 5035 1394 5108 scenisque
1411 5035 1499 5106 juxta
1524 5033 1693 5097 mirabilem
1718 5025 1933 5092 scenamlscus.

235 5122 390 5195 utriusque
405 5123 523 5180 comitis
534 5123 693 5180 consiliarii
706 5125 770 5181 baec
784 5125 890 5182 eadam
903 5142 981 5182 verae
994 5125 1065 5182 fidei
1117 5127 1204 5199 iussit
1235 5125 1389 5198 hospitari.
1423 5124 1557 5182 Crastina
1590 5138 1723 5197 namque
1754 5122 1805 5180 dic
1834 5117 1931 5178 samsu-

235 5215 424 5268 saoramento
437 5213 667 5270 auctorizarunt.
693 5216 775 5270 Tunc
790 5213 958 5275 ttiobardus
985 5229 1064 5272 mar-
1117 5219 1162 5271 tes
1176 5218 1245 5272 aab
1266 5213 1375 5272 ducem
1389 5211 1581 5280 ltiobsrdum,
1601 5211 1767 5270 intulerunt
1776 5210 1804 5268 ai
1817 5223 1853 5266 es
1863 5205 1933 5280 parte

234 5297 302 5353 ebio
312 5297 510 5369 largissimus,
526 5302 702 5358 muneribus
717 5306 746 5359 et
758 5302 847 5360 donis
859 5303 1064 5378 praemaximis
1117 5303 1301 5360 Francorum
1326 5299 1432 5359 munia
1452 5298 1587 5357 bdelium
1599 5297 1803 5358 famulatuum
1827 5299 1856 5354 et
1877 5303 1933 5350 ora·

233 5385 471 5447 eumailiuentcr
487 5390 654 5448 bonoravit.
671 5395 735 5465 lpse
750 5399 1064 5468 autemoptatcoseu-
1117 5391 1243 5458 tionum,
1266 5395 1295 5448 et
1318 5389 1461 5450 dixerunt
1482 5406 1490 5446 ι
1517 5411 1532 5442 ιι
1558 5391 1624 5448 aux
1654 5388 1798 5449 inauditae
1821 5381 1932 5460 potestt-

233 5475 456 5550 loetamplexu
470 5477 640 5536 desiderato
655 5479 756 5537 truens
778 5481 922 5545 discessit,
941 5481 1063 5539 eadem·
1117 5479 1163 5548 tis,
1188 5477 1432 5552 sufficientiaequa
1470 5481 1499 5534 et
1523 5476 1648 5544 virtutis,
1673 5476 1834 5550 optimates
1860 5469 1933 5528 coum

233 5581 293 5637 que
307 5569 395 5624 nocte
409 5567 550 5622 secretus
573 5573 735 5626 carnotum
757 5571 881 5644 repetiit.
900 5575 965 5644 lpso
980 5585 1064 5626 nam·
1116 5569 1247 5628 Fraudis
1259 5569 1343 5638 regni
1362 5571 1523 5640 precantur
1544 5565 1727 5625 unanimiter
1744 5564 1831 5622 flexis
1853 5561 1932 5618 bum⁰

230 5665 294 5724 qao
309 5653 361 5711 dia
385 5653 567 5713 Tstbollida
593 5656 634 5714 ab
661 5657 736 5715 urbe
761 5659 968 5720 abraames
993 5675 1064 5718 cam
1114 5663 1203 5718 tenus
1218 5657 1348 5729 mnibus
1370 5655 1480 5726 wau,
1502 5660 1535 5714 ut
1552 5647 1932 5728 comemmorans
