3998 6176
190 201 237 258 l9l
718 197 745 254 S.
766 193 934 253 Futaaavl
954 190 1193 250 CARNOTENSlS
1212 193 1378 251 Evlsuorl.
1847 189 1892 244 itt

189 323 250 381 tere
263 323 403 381 omnibus
418 337 453 379 ea
465 335 512 377 res
526 337 611 394 reque
627 336 707 378 nova
726 325 755 377 et
781 317 930 376 horribilis
948 315 1013 372 tuit.
1036 319 1162 391 acutus
1176 319 1260 376 dives
1276 315 1430 376 charitatis
1442 314 1480 373 de
1497 329 1631 390 paupere
1659 327 1752 370 censu
1774 327 1893 388 queque

190 411 409 487 Respondimus
420 411 520 484 itaque
531 409 622 480 longe
640 409 729 466 nobis
743 409 826 466 aliter
838 405 942 464 videri.
958 407 1016 462 Nec
1073 412 1173 481 potest
1184 408 1242 465 illis
1257 407 1426 466 necessaria
1436 403 1651 462 subministrat.
1677 403 1821 460 Caeterum
1839 397 1892 471 ille,

189 503 270 559 enim
284 501 413 571 legitime
428 499 492 556 fieri
504 499 657 571 abbatem,
672 515 728 556 nec
742 497 852 556 dehere
863 495 955 569 recipi
965 493 1016 568 qui
1074 497 1160 569 cujus
1171 497 1276 555 iratres
1290 497 1515 570 importunitate
1530 492 1649 569 depulsi
1662 496 1743 563 sunt,
1752 490 1792 549 ab
1802 488 1893 548 llervi·

190 589 345 647 abbatiam
355 588 488 657 alterius,
504 589 571 661 ipso
586 589 712 661 vivente,
741 604 795 662 per
821 585 1016 644 ambitionem
1076 603 1109 644 so
1123 588 1269 662 quodam,
1284 591 1317 645 ut
1330 586 1425 652 aiunt,
1437 584 1610 643 Britannicae
1633 581 1764 652 regionis
1789 579 1894 654 episco

188 678 269 754 petit,
286 678 338 753 qui
352 695 371 735 a
385 678 527 734 tratribus
541 694 603 734 non
615 678 741 750 eligitur,
756 682 786 734 et
798 692 888 750 super
897 674 963 731 illos
973 671 1017 730 ni·
1075 691 1125 749 po,
1142 693 1180 732 vv.
1194 680 1267 734 lton.
1276 675 1415 743 Februar,
1428 673 1524 731 abbas
1551 670 1710 730 simulatus
1737 668 1822 726 estin
1847 683 1893 724 su·

189 767 259 823 titur
270 767 431 824 dominari.
445 769 597 823 Postremo
612 765 665 840 qui
680 771 780 823 noster
792 780 890 838 neque
911 778 1017 820 mona·
1074 763 1183 821 burdio
1198 763 1373 824 carnotensi
1384 762 1509 820 absente
1524 760 1613 830 clero,
1625 759 1800 830 indignante
1807 772 1895 832 popu·

190 857 265 913 chus
282 857 329 922 sit,
346 855 590 930 noqueolericus,
615 861 644 913 et
671 856 771 930 plures
794 855 905 912 babeat
927 857 1017 909 testes
1073 854 1113 926 lo,
1130 855 1227 926 legato
1242 853 1461 928 archipresulis
1488 851 1591 926 palam
1615 848 1834 907 contradicente
1859 862 1893 903 ne

191 944 339 1001 curialiter
352 944 485 1016 agitandi
499 961 593 1018 quam
608 945 772 1001 monastice
798 941 925 1000 vivendi.
952 944 1019 998 llaec
1073 943 1104 1000 id
1116 943 1209 1014 lieret,
1224 941 1458 1000 reclamantibus
1477 941 1568 998 eliam
1593 937 1778 1014 quibusdam
1793 952 1892 993 mona·

191 1033 238 1089 illc
254 1050 316 1090 non
328 1038 479 1104 gratanter
490 1033 639 1106 accipiens
655 1034 694 1090 ad
713 1033 854 1090 comitem
880 1031 1018 1104 redequi·
1079 1033 1154 1102 chis,
1181 1033 1234 1107 qui
1259 1032 1290 1089 in
1313 1031 1379 1090 loco
1394 1033 1600 1088 remanserant
1622 1044 1694 1086 vero
1708 1026 1803 1094 vultu,
1829 1024 1893 1082 viva

191 1127 242 1190 tat,
258 1123 396 1196 iramque
408 1122 526 1194 juvenis
539 1123 699 1178 adversum
712 1138 768 1178 nos
778 1120 1020 1178 vehementerin·
1073 1138 1145 1180 voce
1158 1127 1248 1196 atquo
1262 1121 1391 1194 regvdari
1406 1119 1589 1177 auctoritate.
1605 1118 1663 1176 Sed
1684 1113 1758 1190 quid
1770 1115 1844 1171 inter
1853 1114 1895 1170 lu-

191 1211 337 1268 flammat.
356 1211 470 1268 Seddie
495 1211 599 1283 quinto
626 1215 788 1284 postquam
812 1227 901 1268 suurn
922 1209 1019 1266 ambi·
1073 1215 1173 1268 rentes
1185 1211 1260 1269 ratio
1275 1212 1289 1270 t
1305 1209 1362 1268 Sed
1378 1214 1406 1267 et
1424 1224 1505 1267 nunc
1519 1207 1567 1265 ille
1582 1207 1696 1281 primas
1718 1205 1749 1262 in
1773 1203 1895 1261 abbatia

193 1303 255 1354 tum
285 1298 456 1373 publicavit,
479 1298 639 1372 praedictus
667 1298 765 1356 abbas
811 1298 1020 1370 egritudinem
1075 1305 1229 1372 suggestu,
1246 1299 1383 1357 seculari
1393 1297 1526 1374 potentia
1540 1296 1644 1366 iratus,
1659 1295 1697 1352 de
1712 1298 1833 1369 paracta
1858 1295 1896 1350 vi·

192 1403 279 1443 suam
295 1391 389 1444 morte
403 1386 518 1443 limitat.
534 1388 721 1445 Conveniunt
730 1387 769 1444 ad
778 1387 941 1461 capitulum
954 1403 1020 1443 mo·
1074 1389 1166 1446 cloria
1192 1388 1353 1460 gloriosus,
1382 1387 1523 1445 tractores
1546 1385 1611 1458 ojus
1650 1381 1789 1448 abbates,
1823 1379 1895 1455 epis-

191 1475 282 1532 nochi
308 1477 412 1544 nostri,
443 1481 471 1533 et
485 1477 610 1549 quidam
623 1477 770 1545 canonici,
786 1493 864 1550 quos
881 1477 956 1533 ratio
970 1491 1022 1549 po
1074 1495 1181 1552 copus,
1205 1482 1295 1552 atque
1314 1477 1414 1550 ipsum
1437 1491 1551 1549 papam
1576 1471 1750 1542 ambiendo,
1774 1469 1897 1544 nequid

192 1563 325 1622 stulabat
337 1565 464 1622 admitti.
488 1569 710 1637 interrogamus
729 1582 769 1623 an
793 1564 885 1639 aliqui
895 1565 1020 1622 fratrum
1074 1567 1197 1639 gravius
1210 1570 1357 1624 statuatur
1371 1565 1402 1622 in
1416 1564 1501 1621 illum
1518 1562 1617 1620 modis
1632 1560 1773 1619 omnibus
1799 1559 1897 1617 elabo-

190 1653 322 1727 inempto
337 1654 504 1726 ltagenardi
518 1654 666 1711 faveant?
686 1659 800 1726 Negant
822 1653 942 1725 singuli,
971 1670 1021 1712 ne·
1037 1674 1055 1728 g
1073 1661 1129 1714 rat.
1143 1659 1225 1714 lacet
1237 1655 1356 1714 interim
1379 1655 1465 1722 victa,
1494 1652 1680 1725 contusaque
1700 1651 1826 1709 fratrum
1850 1665 1898 1706 ex-

191 1749 264 1814 gant
277 1743 586 1800 omneslleorevimus
597 1758 669 1814 ergo
681 1745 832 1816 quosdam
845 1759 1019 1801 eorumessc
1074 1746 1236 1821 pulsorum
1249 1744 1417 1813 humilitas,
1433 1757 1489 1800 nec
1503 1747 1548 1800 est
1560 1739 1713 1816 praesulta
1727 1737 1835 1806 Galliis,
1850 1754 1896 1794 cu·

192 1833 353 1890 mittendos
367 1833 406 1890 ad
418 1833 569 1906 comitem,
584 1832 672 1890 nobis
685 1833 821 1891 videlicet
829 1833 1020 1906 designatum
1072 1837 1123 1907 Jus
1137 1835 1253 1890 viscera
1263 1837 1370 1904 tangat
1383 1831 1500 1890 allectio
1513 1829 1641 1905 pietatis,
1656 1830 1709 1885 aut
1723 1825 1802 1884 zelus
1812 1842 1898 1884 sacre

192 1922 380 1996 episcopum,
395 1927 428 1978 ut
439 1922 532 1980 Patris
544 1922 663 1979 obitum
673 1923 855 1992 nuntiarent,
867 1922 1020 1981 etalterios
1073 1923 1148 1996 legis
1167 1923 1380 1992 inflammet,ut
1390 1923 1552 1991 consurgat
1565 1918 1605 1976 ad
1619 1915 1803 1988 frangendos
1810 1916 1899 1990 impe-

192 2010 321 2082 eligendi
341 2011 509 2081 regularem
524 2016 717 2084 precarentur
730 2012 890 2072 licentiam.
906 2013 1020 2080 Quibus
1074 2018 1123 2071 tus
1135 2027 1281 2079 errorum,
1297 2008 1337 2066 ad
1351 2009 1528 2068 relevandas
1543 2023 1613 2081 spes
1627 2005 1731 2064 dolore
1747 2005 1898 2064 tabescen-

192 2098 292 2156 missis
305 2114 373 2155 ecce
386 2098 435 2155 alii
447 2099 519 2170 duo,
533 2100 674 2157 vivianus
687 2101 796 2158 scilicet
807 2105 836 2158 et
848 2101 1019 2175 Durandus,
1075 2101 1160 2159 dum.
1174 2099 1318 2156 Defuncta
1333 2097 1442 2156 etenim
1458 2101 1503 2154 est
1514 2094 1646 2169 Dionysii
1667 2093 1817 2162 fortitudo,
1839 2109 1899 2150 non

193 2187 266 2246 alter
280 2187 442 2256 illiteratus,
459 2188 532 2244 alter
549 2188 716 2246 litterarum
734 2190 907 2248 malesanus
931 2190 1020 2248 inter·
1076 2193 1229 2263 comparet
1242 2187 1339 2262 pietas
1366 2186 1490 2245 Martini.
1506 2187 1548 2243 Tu
1574 2183 1695 2259 quoque
1722 2182 1899 2256 dereliquisti

192 2293 275 2351 pres,
290 2275 383 2333 ambo
393 2277 554 2350 prepositi,
566 2277 740 2336 simulantes
748 2295 840 2338 causa
852 2280 1021 2336 communis
1075 2296 1144 2344 nos,
1159 2281 1260 2336 sancte
1275 2278 1360 2334 Pater
1370 2275 1470 2344 Hilari,
1485 2275 1536 2350 qui
1550 2273 1621 2331 olim
1638 2272 1781 2331 unitatem
1805 2271 1901 2330 Eccle-
1962 2279 1965 2286 '

192 2365 346 2422 commodi
355 2364 395 2422 ad
408 2365 594 2423 obedientias
604 2383 675 2424 suas
691 2383 723 2424 se
737 2367 812 2425 velle
827 2368 917 2439 exire,
934 2383 969 2426 ac
983 2383 1021 2428 ne
1076 2368 1126 2426 siae
1143 2367 1268 2442 Spiritus
1279 2366 1374 2423 sancti
1388 2364 1488 2437 gladio
1504 2363 1645 2422 tuebaris
1672 2364 1694 2421 0
1710 2360 1860 2432 derelicta,
1882 2378 1900 2418 o

192 2453 339 2512 aliorsum
352 2457 510 2528 pergerent
525 2454 583 2512 sibi
604 2455 797 2514 interdicente
820 2457 936 2514 decano
956 2473 1021 2514 mo·
1076 2461 1225 2526 moesta,o
1247 2455 1383 2514 desolata
1398 2453 1560 2512 Galliarum
1575 2451 1705 2510 Ecclesia
1721 2451 1727 2508 t
1743 2467 1811 2524 quae
1838 2450 1901 2523 jam

192 2541 326 2599 nestorii.
336 2542 547 2613 liegenardum
560 2547 663 2601 mmen
678 2546 771 2602 secuti
786 2549 865 2617 sunt,
881 2545 930 2602 cui
943 2562 1021 2620 eoep-
1076 2547 1131 2604 erit
1145 2561 1214 2620 spes
1227 2543 1330 2602 salutis
1345 2543 1488 2602 ulteriori
1500 2543 1555 2601 Ubi
1564 2541 1695 2617 amplius
1705 2539 1816 2598 afflicta
1825 2539 1903 2598 Chri·

192 2637 255 2688 tam
269 2630 536 2705 praesumptionem
551 2632 666 2691 occidte
681 2639 902 2707 persuaserant,
918 2639 947 2692 et
959 2635 1022 2692 Ble-
1077 2636 1164 2694 stiani
1179 2635 1282 2693 anima
1306 2633 1493 2709 respirabit?
1522 2633 1584 2688 Hoc
1608 2645 1719 2705 nempe
1738 2629 1837 2688 solum
1857 2629 1904 2686 vel

192 2719 232 2776 sis
258 2719 289 2775 in
313 2720 472 2793 praesentia
496 2720 613 2778 domini
634 2722 796 2780 Theobaldi
811 2724 911 2797 ipsum
931 2726 1022 2794 llcge-
1075 2723 1208 2782 mamma
1222 2739 1280 2780 nos
1294 2721 1462 2780 confortare
1472 2718 1740 2794 videbaturzquod
1754 2718 1905 2777 sicontin·

192 2807 323 2866 nardum
351 2825 369 2865 a
393 2809 533 2866 iratribus
559 2812 620 2884 peti
646 2827 681 2868 ac
696 2812 765 2882 eligi
779 2813 893 2887 perfide
908 2813 1022 2871 mentiti
1077 2818 1159 2885 geret
1168 2813 1271 2870 ruinas
1283 2811 1431 2868 moenium
1445 2815 1564 2868 tuorum
1580 2807 1716 2867 resarciri
1727 2821 1790 2865 uon
1804 2823 1904 2882 posse,

193 2901 272 2952 sunt.
285 2899 397 2952 llorum
411 2897 555 2968 suffragio
566 2899 651 2956 laetus
665 2916 766 2957 comes
779 2901 880 2958 statim
890 2917 961 2957 eum
970 2901 1022 2958 ba·
1075 2902 1176 2959 liceret
1195 2901 1300 2958 saltem
1316 2901 1356 2956 ad
1367 2899 1490 2956 firmum
1506 2899 1606 2957 adbuc
1615 2897 1792 2972 Capitolium
1801 2912 1907 2954 mona-

195 2983 263 3040 cido
275 2982 417 3057 pastorali
430 2985 549 3058 publice
573 2987 675 3044 donat.
703 2991 766 3054 Quo
788 2989 900 3058 audito,
917 2988 1022 3046 tratres
1037 3029 1058 3086 C
1078 2991 1159 3049 stioae
1174 2989 1239 3048 vitae
1261 2989 1432 3061 confugere.
1448 2988 1533 3055 Quod
1547 2989 1638 3046 etiam
1653 2987 1679 3044 si
1693 2987 1807 3044 furibus
1833 2987 1906 3042 irre·

192 3070 290 3144 quiin
305 3070 436 3129 claustro
450 3079 669 3147 remanserant,
686 3077 879 3134 contrahens
900 3076 1023 3134 traudu·
1077 3085 1161 3156 ptare
1171 3083 1223 3138 aut
1233 3079 1358 3152 impune
1373 3075 1556 3152 quibuslibet
1569 3075 1736 3134 ambitiosis
1764 3074 1906 3132 invadere

194 3157 317 3215 lentiam
326 3157 387 3216 zelo
398 3160 507 3218 divinae
513 3162 588 3234 legis
596 3164 730 3231 accincti,
738 3163 872 3222 libellum
879 3166 1022 3241 reproba·
1076 3170 1154 3240 licet,
1166 3168 1243 3242 proh
1258 3167 1345 3225 dolor
1357 3167 1363 3224 i
1377 3166 1511 3224 funditus
1525 3165 1679 3224 cecidisti?
1691 3164 1774 3223 Unde
1786 3165 1851 3236 jam
1861 3163 1908 3220 'ad

192 3246 281 3303 tionis
296 3248 440 3319 fecerunt,
461 3254 550 3324 atque
564 3253 806 3328 subscripserunt
820 3255 997 3326 hujusmodi
1012 3274 1019 3312 ι
1077 3263 1104 3316 te
1119 3261 1281 3329 revertens,
1296 3255 1466 3314 venerande
1480 3256 1577 3323 Pater,
1593 3270 1686 3328 quem
1701 3268 1758 3324 ego
1773 3251 1864 3310 credo
1879 3255 1910 3308 et

192 3335 374 3393 Sciatomnis
386 3339 525 3411 Ecclesia,
536 3341 824 3414 quiallegenardum
836 3345 1021 3400 monachum
1077 3347 1165 3405 video
1192 3345 1362 3418 adjutorem
1384 3361 1403 3402 a
1428 3343 1554 3401 llomino
1570 3343 1658 3402 nobis
1672 3358 1739 3401 esse
1752 3341 1909 3416 provisum

190 3428 338 3492 nostrum,
355 3426 496 3484 abbatem
512 3428 577 3484 lieri
591 3445 653 3484 non
663 3428 812 3500 eligimus,
828 3446 890 3488 non
917 3431 1021 3488 lauda·
1077 3453 1147 3494 cum
1159 3435 1284 3493 domino
1297 3451 1365 3493 meo
1378 3439 1490 3508 tuoque
1503 3433 1584 3490 fideli
1599 3431 1910 3506 Eodulpbodeprecor

189 3528 268 3581 mus,
285 3529 347 3569 non
361 3514 511 3584 volumus,
524 3532 584 3572 non
598 3519 801 3574 consentimus
818 3537 824 3576 :
841 3521 892 3576 sed
908 3523 1020 3594 'repro-
1077 3529 1105 3583 et
1117 3524 1252 3582 obtestor
1260 3539 1314 3597 per
1332 3539 1367 3580 ea
1394 3539 1463 3597 qum
1486 3521 1537 3580 tibi
1565 3521 1637 3578 data
1658 3525 1728 3578 sunt
1754 3519 1909 3594 sapientie

190 3599 311 3669 bamus,
328 3601 503 3674 refutamus,
520 3609 548 3660 ct
560 3607 684 3662 omnino
700 3607 942 3665 contradicimus.
961 3614 1020 3667 Nos
1076 3619 1186 3671 sanotae
1195 3612 1387 3682 charismata,
1400 3627 1454 3685 per
1463 3610 1654 3668 dulcedinem
1664 3609 1802 3667 fraternae
1813 3609 1911 3667 chari·

189 3702 260 3743 vero
275 3687 312 3743 de
325 3688 463 3746 omnobio
475 3692 662 3762 sanctiPolri,
674 3709 805 3766 quorum
816 3696 941 3753 nomina
950 3698 1020 3754 scri·
1076 3704 1154 3773 tatis,
1171 3701 1277 3776 siquid
1288 3705 1386 3776 potes,
1395 3701 1544 3774 impugna
1552 3700 1652 3757 hostes
1663 3697 1791 3764 Domini,
1801 3699 1911 3756 iratres

189 3779 242 3849 pta
261 3781 338 3846 sunt,
354 3779 512 3836 [turandus
523 3780 666 3854 decanus,
676 3783 850 3852 Gaudrious,
866 3787 1018 3858 Genesius,
1076 3791 1175 3849 allisos
1187 3791 1297 3858 refove,
1313 3806 1369 3846 neo
1376 3789 1472 3863 perire
1482 3789 1563 3846 sinas
1575 3788 1678 3864 inopia
1686 3788 1782 3845 solatii
1789 3787 1843 3856 tui,
1852 3802 1912 3862 pro

190 3865 347 3940 Robertus,
364 3868 554 3942 isembertus,
566 3872 744 3944 ltarcuinus,
757 3873 878 3944 lllveus,
890 3878 1020 3934 Guarne·
1075 3880 1186 3955 quibus
1203 3880 1299 3938 credis
1311 3896 1377 3936 esse
1388 3878 1679 3951 tusumsenguinem
1694 3877 1809 3936 Christi.
1827 3877 1910 3935 Vale.

188 3971 252 4028 rus,
270 3956 421 4028 incheme,
434 3959 579 4028 Warinus,
598 3961 769 4032 Herbertus,
785 3965 948 4031 Evrardus,
965 3968 1017 4022 Be·
1303 3970 1472 4027 EPlSTOLA
1491 3968 1679 4040 illicienti]

188 4043 335 4114 nedictus,
349 4047 501 4116 breulius,
514 4049 680 4120 Gualterus,
697 4051 884 4124 Beringerus,
898 4054 1020 4110 llerber-
1393 4057 1491 4130 (Anno
1502 4061 1593 4126 10011.)

188 4136 245 4201 tus,
263 4135 441 4191 bernardus.
452 4137 502 4192 lsti
516 4138 615 4212 itaque
630 4155 736 4197 omncs
750 4157 806 4199 sua
817 4143 942 4200 nomina
967 4147 1020 4200 aut
1077 4147 1204 4204 Domino
1219 4161 1272 4202 sao
1288 4147 1411 4202 Emenso
1424 4145 1483 4202 sibi
1499 4160 1614 4216 semper
1640 4144 1810 4202 venerando
1839 4146 1914 4200 Etru-

190 4219 441 4295 subscripserunt‚
459 4231 510 4282 aut
526 4227 674 4285 subscribi
691 4229 1016 4290 ieceruntmevidente.
1361 4249 1465 4289 saeros
1484 4233 1620 4304 exiguus.

189 4305 240 4362 bie
255 4309 393 4380 proxima
419 4327 520 4370 comes
543 4315 704 4372 letbaldus
729 4320 814 4389 redit,
830 4322 1018 4378 seinmona·
1113 4319 1206 4388 Novit,
1230 4324 1259 4377 et
1281 4335 1351 4377 vere
1365 4321 1450 4377 novit
1468 4320 1636 4378 serenitatis
1650 4325 1753 4378 vestrm
1771 4319 1915 4394 pruden-

190 4394 314 4452 sterium
329 4397 420 4472 recipi
435 4415 504 4456 cum
516 4405 706 4474 processione
732 4409 931 4480 praemandat.
957 4414 1016 4468 llo-
1033 4381 1056 4435 ⁰
1076 4411 1127 4481 tia,
1153 4408 1237 4484 quod
1257 4409 1290 4466 in
1317 4408 1522 4466 ecclesiasticis
1544 4409 1650 4467 officiis
1669 4410 1757 4484 plura
1771 4413 1853 4478 sunt,
1880 4409 1916 4466 in

189 4483 278 4540 nachi
291 4485 475 4558 respondent
489 4505 519 4545 se
531 4490 657 4548 libenter
682 4493 739 4550 hoc
764 4511 863 4567 agere,
893 4498 917 4554 si
940 4515 1018 4572 prae-
1075 4498 1186 4573 quibus
1215 4497 1377 4555 orientales
1408 4497 1544 4555 Ecclesiae
1565 4503 1593 4556 ct
1615 4503 1723 4556 nostros
1751 4497 1916 4555 communi

189 4577 376 4646 sumpturam
391 4575 474 4633 illum
489 4594 551 4637 non
566 4580 722 4640 adduxerit
733 4601 845 4644 seeum.
858 4587 907 4643 llle
918 4587 1019 4645 denuo
1074 4587 1284 4645 observatione
1299 4586 1357 4644 sibi
1369 4587 1561 4661 respondent.
1592 4589 1666 4646 Sunt
1686 4603 1758 4646 vero
1787 4587 1849 4646 alia
1878 4588 1915 4644 in

189 4660 292 4733 iratus,
307 4663 375 4737 ipso
389 4665 437 4722 die
453 4670 554 4724 tamen
576 4670 719 4729 sustinuit
745 4673 798 4731 sed
821 4675 852 4732 in
882 4677 1018 4750 sequenti
1073 4677 1185 4750 quibus
1201 4675 1275 4734 alias
1289 4677 1329 4733 ab
1344 4676 1409 4734 aliis
1424 4677 1505 4733 cultu
1519 4677 1644 4752 dispari,
1655 4682 1683 4734 et
1693 4677 1777 4735 varia
1800 4677 1915 4734 obser-

188 4767 259 4809 cum
273 4753 398 4828 strepitu
414 4757 663 4816 comminantium
684 4761 715 4818 iu
737 4764 833 4820 sancti
858 4765 933 4822 Petri
952 4782 1018 4823 mo·
1074 4767 1193 4824 vatione
1209 4765 1380 4823 audivimus
1396 4764 1563 4824 dissonare.
1581 4766 1639 4824 Sed
1657 4782 1713 4824 nec
1739 4781 1841 4841 pauca
1857 4773 1918 4824 aut

188 4843 353 4901 nasterium
369 4861 459 4903 suum
478 4850 692 4918 ltagenardum
705 4852 840 4912 obtrusit.
861 4855 905 4912 Ad
931 4856 1018 4927 cujus
1073 4871 1143 4914 rara
1158 4861 1237 4927 sunt,
1251 4857 1372 4929 queeab
1386 4856 1452 4913 aliis
1480 4856 1650 4914 necessario
1676 4856 1837 4925 servanda,
1870 4857 1917 4914 ab

187 4933 352 4992 violentum
364 4935 512 5008 igressum
522 4940 617 4997 sancti
631 4940 736 5000 tratres
750 4944 950 5003 contaminari
974 4945 1018 5020 ip·
1074 4944 1139 5002 aliis
1151 4959 1212 5002 non
1228 4944 1304 5001 adeo
1317 4944 1452 5001 curando
1464 4943 1720 5002 aesnmsnturnec
1731 4949 1836 5002 tamen
1851 4960 1917 5000 nos

190 5021 250 5077 sius
265 5038 376 5080 comma
389 5026 538 5085 nicatione
552 5028 698 5104 timentes,
715 5033 885 5090 sanctuario
899 5035 1018 5092 Domini
1073 5031 1199 5090 offendit
1210 5031 1410 5090 observantie
1424 5032 1591 5104 diversitas,
1606 5033 1659 5090 ubi
1669 5031 1739 5090 fidei
1753 5049 1815 5090 non
1830 5034 1918 5090 scin-

190 5109 327 5180 salutato,
345 5115 566 5190 cumlacrymis
581 5119 725 5191 exierunt,
753 5126 843 5195 atque
867 5122 1017 5196 retugium
1073 5121 1153 5179 ditur
1168 5122 1277 5180 unitas.
1288 5124 1379 5179 Porro
1391 5123 1423 5179 in
1435 5121 1537 5179 multis
1555 5122 1667 5180 Graecia
1681 5122 1720 5180 ab
1749 5122 1918 5196 Hispania,

194 5195 275 5252 aliud
298 5201 474 5277 nescientes,
501 5205 539 5262 ad
563 5206 668 5266 limina
692 5209 866 5284 principalis
881 5211 1017 5269 Ecclesim
1073 5211 1113 5271 ab
1139 5209 1196 5267 illis
1218 5213 1354 5269 Romana
1381 5215 1410 5267 et
1428 5209 1581 5270 Gallicana
1594 5211 1747 5286 discrepat
1760 5211 1918 5270 Ecclesia.

190 5283 398 5356 confugerunt.
412 5291 1017 5373 lbiquoquenoninventopastoreutrin-
1074 5299 1132 5360 Sed
1157 5315 1256 5373 neque
1281 5299 1313 5356 in
1335 5299 1393 5357 boc
1420 5300 1669 5372 scandalizamur,
1698 5301 1724 5358 si
1760 5300 1920 5358 audimus

189 5388 250 5446 que
265 5373 388 5432 decede
403 5394 476 5436 oves
492 5385 605 5442 moestis
633 5403 697 5444 sese
711 5387 835 5446 vocibus
857 5389 1017 5448 consolan·
1072 5389 1224 5445 diversam
1260 5387 1512 5458 observationem,
1554 5390 1607 5447 sed
1645 5405 1708 5448 non
1749 5389 1919 5446 diversam

188 5465 246 5519 tur.
262 5462 319 5520 Sed
335 5467 440 5540 recipit
454 5475 560 5528 sancta
573 5476 661 5531 llater
674 5476 792 5534 Domini
808 5477 895 5535 solita
908 5479 1016 5551 pietate
1071 5476 1164 5533 fidem
1189 5476 1220 5531 in
1245 5476 1350 5534 Cluisti
1374 5492 1493 5550 semper
1513 5479 1651 5536 Ecclesiis
1666 5478 1827 5536 exstitisse.
1848 5479 1922 5535 Stet

188 5550 292 5626 recipit
315 5554 492 5630 Rodulphus
519 5564 587 5618 tuus
608 5562 688 5620 dulci
715 5565 907 5637 benignitate.
945 5565 1017 5622 lnde
1070 5564 1152 5622 enim
1175 5563 1280 5635 regina
1308 5563 1437 5622 Eeclesia
1466 5565 1619 5624 adextris
1647 5567 1725 5638 regis
1753 5565 1847 5624 suiin
1860 5581 1921 5622 ve·

188 5639 370 5700 transierunt
384 5645 425 5702 ad
439 5646 612 5707 coenobium
638 5653 732 5710 sancti
752 5655 845 5712 Patris
871 5653 1015 5724 Herberti,
1071 5653 1142 5712 stitu
1169 5651 1316 5712 deaurato
1348 5653 1535 5714 circumdata
1574 5657 1725 5718 varietate.
1748 5659 1807 5715 Nos
1835 5669 1922 5718 vere
