3998 6182
35 218 46 235 ¹
155 197 208 252 ’Μ

154 423 275 464 versum
289 411 438 468 ansbera
448 427 555 484 parum
571 413 627 469 sibi
643 415 830 472 satisfaciens
840 419 869 472 st
881 415 923 474 ite
937 430 986 472 su·

154 499 336 573 perscripsit,

39 629 42 636 ,
152 589 290 644 Sottitns
304 591 477 660 impressum
487 600 627 662 neuquid
642 596 777 654 eunome
792 601 915 655 terrem

152 677 211 750 (32)
408 723 475 739 ......
478 689 592 742 turem
605 687 740 744 colcaria
753 693 903 757 prinpum.

154 767 252 838 cusu
266 783 383 826 summa
393 773 504 840 udum
519 789 586 830 cum
604 777 689 830 tortis
699 776 820 832 tendere
832 777 948 832 rostris.

190 858 345 915 saltuatim
358 860 468 917 incedit
488 865 668 935 monachus,
696 869 724 920 et
737 869 846 920 terram
862 863 986 920 calceri-

656 178 811 260 'osrusm
830 205 878 262 sn
896 201 1085 264 noceatur
1101 200 1222 262 unere
1240 203 1353 266 uere.

15 367 42 386 κ
154 319 234 392 equi,
250 321 304 378 sed
320 323 448 380 humum
462 324 576 396 pungit.
604 325 724 382 ltutsvit
737 331 838 384 autem
852 329 881 382 st
901 327 1021 384 henot
1038 325 1130 382 modo
1144 326 1312 384 moschus
1329 343 1420 396 ;cum
1434 329 1490 386 iter
1504 328 1590 398 iccio,
1612 329 1696 388 miles
1713 348 1805 402 ;cum
1831 333 1865 392 in

1812 209 1866 270 Ἡ

1038 415 1219 474 monasterio
1226 419 1520 488 moror,monacbus.
1534 418 1611 484 tluid
1622 435 1669 476 me
1677 419 1865 494 interrogas?

1037 503 1155 575 Proprie
1167 507 1336 564 monachus
1351 522 1413 566 non
1430 508 1564 577 sumeret
1572 513 1662 580 jussu
1674 509 1789 568 denseti
1797 513 1866 570 Odi·

1039 593 1115 652 mnes
1130 593 1334 654 Ctenrbccnsis
1352 595 1483 664 abbans,
1499 596 1552 669 qui
1578 613 1635 654 rea
1653 613 1735 656 meus
1749 605 1801 671 eet,
1813 603 1867 660 mi-

1038 681 1101 738 lito.
1118 701 1133 732 n
1147 680 1226 746 Quid
1239 681 1362 740 iecetius
1383 684 1545 756 excogitari
1560 689 1657 760 potest
1672 685 1686 742 l
1701 689 1770 744 Erat
1795 703 1866 760 ergo

1038 769 1086 826 hic
1104 770 1271 826 monachus
1286 773 1458 830 monasterii
1477 773 1566 830 unius
1581 789 1597 830 e
1618 774 1721 832 minus
1743 791 1812 850 quta
1827 777 1867 836 ab

1039 859 1161 916 Odilone
1176 875 1229 932 per
1243 861 1349 920 Gellius
1364 868 1427 920 tum
1441 863 1632 936 regebantur,
1649 870 1680 920 ut
1705 865 1793 924 docet
1805 870 1867 926 lot-

37 994 41 1000 .
151 945 341 1019 buspunnit,
357 952 685 1024 cumsummospedes
698 953 987 1024 protendereetros·
1038 947 1559 1023 sudusmonachusquidevinet
1583 952 1739 1010 virtutibus
1768 955 1865 1014 unct

38 1087 43 1092 .
152 1037 201 1090 tre
216 1036 331 1097 tordsre
346 1039 456 1110 ctepit3
483 1039 627 1112 quoniam
642 1046 763 1114 propter
777 1057 915 1097 enormes
929 1040 986 1098 ml·
1038 1036 1171 1096 umbus
1195 1037 1313 1094 abbatis
1329 1039 1422 1096 libros
1436 1043 1492 1096 tres
1502 1040 1542 1097 ad
1556 1041 1739 1114 Stephanum
1752 1041 1866 1114 episco-

32 1161 53 1185 ,,
153 1137 224 1179 ceos
234 1125 317 1182 aliter
329 1127 470 1198 progredi
489 1143 551 1184 non
572 1133 680 1202 potest.
709 1129 849 1186 Orderius
873 1129 982 1192 Vitatis,
1037 1139 1111 1195 pum
1124 1126 1190 1196 elus
1201 1131 1341 1198 nepotem
1354 1129 1534 1200 composuit.
1551 1131 1608 1184 llos
1617 1129 1746 1186 librosin
1758 1130 1864 1188 Codice

37 1260 46 1274 ,
152 1213 186 1267 in
202 1214 299 1270 liebus
311 1216 382 1272 euni
404 1221 482 1284 rose,
509 1218 627 1274 calceos
654 1219 828 1289 hiijusssodi
843 1219 985 1275 describit
1036 1215 1342 1284 Thueneo,ni1nirum
1357 1216 1389 1274 iu
1401 1217 1585 1276 tecb'onerio
1601 1217 1735 1274 Ecclesia
1747 1219 1864 1291 hindu-

51 1329 53 1332 ·
153 1302 202 1356 his
219 1303 316 1359 verbis
330 1321 336 1358 :
352 1305 473 1362 Suturcs
488 1307 520 1362 in
533 1309 753 1376 castromartis,
768 1311 856 1380 quasi
872 1309 983 1366 cmdm
1036 1301 1138 1360 nensis
1151 1317 1250 1375 nuper
1263 1303 1486 1374 inueni,dignos
1510 1304 1621 1378 ubique
1634 1304 1710 1375 legi;
1726 1321 1803 1378 quos
1815 1309 1865 1362 Pe·

41 1449 46 1456 ¹
153 1394 355 1463 scorpionum,
376 1411 451 1465 quius
465 1397 556 1466 nutum
569 1398 705 1466 nicomas
718 1401 836 1467 uocant,
851 1397 981 1466 fuciunt.
1037 1394 1099 1448 trus
1115 1390 1278 1446 damianus
1292 1391 1323 1448 in
1338 1392 1493 1464 Epitomen
1509 1393 1641 1462 coegisse
1651 1392 1793 1450 suscribit
1802 1393 1865 1452 sinn

153 1480 226 1536 Item
241 1499 247 1537 :
270 1483 334 1538 Viri
346 1485 475 1540 curiates
482 1487 593 1554 pedum
609 1488 747 1544 articulis
754 1487 981 1542 colubrinarum
1036 1479 1236 1551 appellatione
1248 1495 1353 1536 eorum
1364 1480 1503 1536 auctoris.
1527 1478 1550 1554 [¹
1557 1481 1656 1538 Sancti
1673 1481 1805 1538 odilonis
1820 1481 1865 1539 vi-

36 1615 44 1633 ,
153 1572 379 1630 similtudinem
396 1575 983 1647 coudurnmimponunt‚haeergoseluti
1036 1569 1268 1624 iflffliissiffildO
1284 1570 1425 1642 wtiltiflffl
1453 1571 1548 1628 hab&
1563 1572 1646 1644 ΕΡΨῘ
1663 1571 1865 1630 fflbfflffllffiffl

152 1660 257 1716 caude
274 1662 468 1720 collibrarum
479 1669 507 1718 et
518 1665 712 1736 scorpionum
727 1664 1016 1737 terrestriumvul-13
1037 1671 1105 1712 ⁸³³⁰·
1124 1673 1149 1712 Vl
1168 1659 1307 1716 Bflflfldiss·
1323 1664 1435 1730 ttflfissb
1450 1661 1828 1734 1²⁸8·⁶790i⁵⁰qi{·ss⁰¹itt·]

151 1761 191 1814 go
201 1748 326 1820 pigaciis
340 1750 548 1820 mouumentum
556 1755 758 1822 articulatam
765 1755 886 1809 summis
898 1753 981 1822 pedi·
1036 1744 1092 1814 (35)
1102 1746 1128 1800 T
1127 1761 1184 1802 nne
1194 1751 1263 1804 Μία
1275 1753 1303 1804 i⁰
1316 1749 1507 1817 mmmm
1517 1764 1637 1806 ‘mam
1647 1749 1800 1810 infidum!
1816 1753 1830 1804 ?

150 1835 205 1891 bur
218 1837 463 1909 imponebantur,
479 1841 536 1896 boe
551 1847 595 1897 est
606 1843 693 1897 tronti
706 1842 752 1896 sel
768 1841 983 1914 auterioripen·
1034 1833 1070 1887 [Ε
1081 1833 1188 1890 “Mlti
1202 1836 1324 1891 'nemim'
1334 1837 1503 1906 &⁷¹2an
1518 1853 1602 1892 ”0⁸⁸0
1612 1838 1738 1908 fiWW·

148 1923 169 1979 ti
186 1926 356 1986 calceorum
373 1928 580 1986 assuebantur.
598 1933 694 1995 Quare
707 1931 748 1986 eit
762 1930 910 1986 adelbero
937 1947 944 1986 ε
1068 1925 1130 1978 Rex
1143 1923 1311 1991 R0¹b0rit¹⁸2
1325 1925 1377 1998 (lui
1390 1927 1603 1983 mmmm
1613 1932 1703 1995 We?
1716 1941 1752 1982 Μ
1765 1927 1864 1982 'tuiti‘

150 2013 249 2082 eupit
263 2029 378 2071 summu
390 2017 497 2085 puram
514 2033 580 2074 eum
595 2019 681 2074 tertis
696 2020 816 2075 renuere
828 2021 943 2075 resne.
1035 2017 1082 2068 tor
1096 2011 1236 2082 Helsatdo
1250 2013 1369 2081 dicitur,
1389 2019 1419 2069 ct
1435 2013 1488 2086 qui
1517 2014 1672 2075 cunonem
1698 2014 1862 2087 plurimun

148 2103 259 2158 Rostro
274 2103 404 2174 appellat
418 2105 597 2161 bascaudas
612 2106 784 2162 colubrinas
806 2107 981 2180 etpigacies
1034 2102 1165 2168 amabat.
1197 2107 1228 2158 Ui
1251 2103 1415 2171 JOisaldssss
1439 2104 1546 2162 Glabtr
1573 2103 1728 2166 flodulfus·
1751 2104 1862 2178 alitque

147 2189 554 2250 calceorumasimilitudine
569 2197 981 2256 rostrorumavinmautns*
1034 2189 1359 2258 iraduflhROffietttlS,
1379 2192 1515 2266 inquam,
1546 2193 1672 2264 fludiflllfl
1697 2194 1863 2253 montchffl

145 2273 228 2328 vium
248 2279 380 2342 :Quales
406 2283 535 2336 loannes
562 2283 727 2339 usurarius
749 2284 841 2340 ullam
866 2287 981 2342 calceus
1034 2281 1187 2350 tantopere
1199 2279 1255 2336 sihi
1268 2280 1401 2344 dilectos,
1416 2285 1446 2336 et
1459 2280 1615 2340 Odilonem
1636 2297 1760 2354 quoquc
1786 2281 1862 2338 smi-

145 2367 402 2422 metr-urcissini.
419 2369 564 2425 uicerim
579 2371 609 2426 in
624 2372 696 2428 urst.
720 2373 888 2442 sclemiae,
903 2373 981 2432 libro
1034 2382 1104 2425 eum
1132 2384 1221 2424 suum
1247 2367 1287 2424 ab
1315 2365 1502 2426 inlusione
1535 2369 1649 2426 nactur
1663 2385 1698 2428 ec
1723 2369 1863 2434 mitten,

145 2467 186 2506 Η
216 2451 487 2528 delenbruunnen
517 2459 667 2530 Boiemiae,
686 2464 868 2518 Francorum
881 2479 981 2523 moros
1034 2461 1200 2527 temperare
1217 2456 1274 2512 sibi
1286 2472 1346 2512 non
1362 2461 1460 2530 potest
1469 2456 1542 2528 quin
1555 2457 1703 2514 silentium
1716 2463 1860 2531 rumpat:

145 2540 292 2610 imitante,
307 2545 349 2600 ita
364 2547 451 2603 refert
463 2547 544 2603 circe
560 2565 611 2604 sn.
631 2554 721 2606 1328:
739 2572 753 2601 u
772 2555 868 2606 tuerat
887 2551 913 2606 ei
928 2567 980 2622 ps.
1035 2549 1062 2598 ct
1082 2545 1172 2612 Tune,
1188 2545 1295 2616 inquit,
1308 2547 1448 2618 episcope
1474 2545 1540 2600 scri
1555 2551 1584 2598 τὸ
1601 2565 1765 2619 cruentarum
1792 2563 1863 2604 cett·

143 2631 284 2698 regrinus
298 2633 418 2690 tistitus
428 2635 460 2690 in
475 2637 656 2692 nutriendus
672 2637 777 2704 comis,
798 2638 829 2694 in
844 2639 980 2696 calcean-
1035 2647 1098 2688 snm
1114 2633 1296 2690 meditans?
1322 2636 1363 2694 tu
1379 2650 1416 2690 ne
1431 2650 1477 2692 me
1492 2636 1536 2690 nit
1551 2649 1703 2703 reponere,
1723 2633 1796 2690 nihil
1811 2633 1863 2688 tibi

143 2717 193 2772 dis
208 2720 336 2790 pedibus
349 2724 483 2779 rostratis
499 2724 617 2790 calceis,
635 2727 664 2781 in
682 2726 833 2783 vestiendo
857 2744 981 2800 corpore
1034 2721 1217 2794 respondere
1233 2722 1361 2792 voluisti,
1378 2722 1472 2780 ullibi
1498 2723 1665 2778 monachos
1693 2727 1722 2778 et
1735 2721 1864 2792 singule·

142 2807 337 2878 palliationis
351 2811 494 2868 dimidiae
518 2819 604 2868 uetes
621 2815 828 2882 tegentibus.»
845 2821 877 2872 ln
891 2817 981 2876 (lbro-
1034 2825 1098 2866 rem
1114 2811 1245 2869 amicum
1261 2827 1363 2873 meum
1392 2811 1548 2868 Odiloncm
1574 2811 1763 2884 impugnanti
1777 2826 1813 2868 ae
1827 2813 1863 2868 ir-

141 2895 222 2951 nicis
236 2913 283 2953 res
300 2905 398 2968 gestes
412 2901 509 2956 ceroti
523 2903 568 2971 tu,
586 2905 767 2960 Francorum
787 2905 875 2974 regie,
891 2907 981 2964 conti·
1035 2897 1142 2958 ridenti
1156 2899 1283 2958 tacendo
1298 2900 1414 2958 viderer
1428 2900 1608 2969 consentire,
1619 2903 1647 2956 θῐ
1666 2899 1782 2956 Silentii)
1794 2915 1862 2956 ¹³0⁰

141 2984 300 3054 nectibus,
328 3001 407 3060 quse,
424 2994 547 3044 edocto
575 2992 726 3046 monacho
751 2992 927 3064 composita,
950 2991 980 3046 iu
998 3029 1019 3088 C
1035 2987 1081 3042 vel
1095 2989 1182 3060 qussi
1196 2988 1379 3048 ἁποσιωπὴσιι
1389 2994 1417 3046 et
1431 2990 1591 3057 reticentia,
1603 2988 1863 3060 lisuramihiolim

142 3071 328 3130 Bibliotheca
346 3076 487 3132 Tbuanea
507 3083 673 3147 servantur,
702 3079 765 3134 bec
794 3080 831 3136 de
860 3080 979 3138 Francis
1033 3093 1127 3149 puero
1142 3077 1173 3136 in
1189 3078 1298 3136 scholis
1317 3079 1475 3138 notissima
1502 3079 1694 3135 virosbonos
1720 3078 1862 3136 destitue-

141 3163 313 3232 praesertim
327 3162 524 3220 nobilioribus
539 3180 621 3219 enno
639 3169 705 3222 ¹396
721 3167 885 3238 Nicopolim
899 3167 980 3228 obsi·
1022 3156 1107 3232 sem,
1124 3166 1294 3238 proderem,
1321 3183 1356 3222 ae
1370 3166 1569 3239 relinquerem
1592 3166 1764 3224 indefensos
1777 3167 1791 3222 t
1806 3170 1864 3224 lra-

141 3249 288 3306 dentibus
302 3253 418 3325 reperio
432 3272 438 3309 ε
454 3277 467 3304 κ
485 3255 663 3311 Vestimenta
677 3256 828 3320 timbriata
839 3263 869 3314 et
884 3257 980 3318 mnni-
1034 3259 1096 3316 tun
1112 3254 1169 3312 sibi
1183 3254 1332 3315 Adclbero
1356 3254 1529 3312 Rotlrertum
1555 3255 1679 3323 inducit,
1691 3259 1743 3310 sut
1756 3253 1862 3312 saitem

141 3345 216 3396 catu
242 3342 402 3414 superflue,
430 3348 458 3398 et
486 3359 604 3416 semper
626 3345 831 3403 succensente
852 3351 980 3410 rostrata
1033 3348 1185 3408 commotu
1197 3343 1334 3410 similem,
1345 3343 1428 3415 quod
1443 3343 1481 3398 de
1505 3343 1662 3410 monachis
1676 3342 1755 3398 male
1776 3341 1864 3398 sonb-

141 3429 342 3499 longitudinis
353 3431 602 3504 duorumpsdum
613 3438 641 3489 et
652 3435 838 3507 quandoque
848 3436 979 3508 empbus
1032 3435 1076 3487 rei
1090 3437 1117 3486 ei
1133 3431 1284 3488 scriberet·
1301 3431 1384 3488 Unde
1400 3431 1541 3502 subjicit:

141 3517 330 3586 deferebant,
341 3535 411 3592 quse
419 3522 659 3593 reprehensibilis
672 3522 828 3579 dissolutio
840 3525 916 3582 inter
926 3541 980 3582 no·
1032 3521 1088 3590 (iil
1103 3521 1235 3578 Nantua
1247 3520 1413 3590 prepedent
1426 3534 1479 3575 nos
1495 3519 1662 3590 indicentur
1676 3519 1807 3588 seruent.

141 3606 222 3662 biles
236 3612 265 3662 et
279 3608 446 3680 specialiter
466 3609 594 3665 Francia}
608 3610 736 3680 vigebat.
755 3614 855 3668 »tum
871 3613 980 3683 adjecit
1031 3609 1218 3678 Praeceptum
1234 3609 1354 3664 Domini
1367 3609 1455 3666 dcent
1468 3625 1537 3668 cnm
1547 3623 1624 3679 poce
1638 3609 1761 3678 referre.

142 3699 251 3752 auctor
265 3697 303 3752 de
320 3699 437 3754 Francis
444 3699 571 3767 eisdem,
587 3715 656 3755 oum
672 3701 804 3771 Belemte
818 3717 909 3773 quem
926 3705 979 3758 ua·
1067 3701 1138 3768 Tua,
1152 3699 1617 3770 qtraesmiudignetioorationem
1630 3714 1731 3756 meam
1746 3714 1809 3756 non
1817 3697 1861 3756 in·

142 3791 282 3841 satnmet
296 3787 425 3842 Besitam
438 3793 534 3854 vocet,
551 3790 730 3860 pugnaturis
747 3808 754 3846 :
769 3811 783 3840 α
798 3793 830 3846 tu
844 3791 978 3850 ulterius
1031 3789 1206 3859 terrumpct.
1221 3787 1268 3860 pie
1283 3803 1335 3846 rex
1351 3805 1358 3842 ε
1373 3792 1425 3844 tue
1440 3787 1514 3842 mihi
1526 3788 1571 3844 ira
1585 3804 1646 3844 non
1672 3787 1759 3844 obsit.
1787 3790 1861 3844 Pace

142 3869 298 3942 pedestres
312 3877 434 3942 possent
446 3871 593 3936 incedere,
609 3877 706 3930 rosus
720 3873 812 3942 tonse
825 3879 855 3933 ct
870 3891 977 3947 euper-
1031 3879 1082 3930 tua
1091 3875 1165 3931 mihi
1174 3875 1270 3942 liceat,
1285 3880 1436 3948 praecepta
1450 3875 1603 3930 [lominica
1617 3875 1735 3930 referre.

140 3957 209 4012 iltis
233 3959 401 4015 ostreorum
426 3965 642 4033 superessem
670 3975 739 4032 qum
766 3963 842 4032 proh
856 3962 975 4033 pudori
1032 3965 1084 4036 (tt)
1097 3964 1195 4024 Serre
1209 3966 1297 4020 nimis
1310 3979 1382 4034 qens
1405 3962 1708 4032 cenorumdcmure,
1727 3961 1860 4030 petulca,

141 4048 387 4120 reprehensibilis
399 4055 427 4105 et
439 4065 520 4106 vane
533 4049 691 4109 curiositas
707 4049 782 4108 inter
794 4050 910 4114 nobiles
926 4052 979 4107 bu·
1030 4055 1166 4123 Repnum
1176 4053 1376 4117 Francorum,
1391 4051 1528 4108 trionibus
1543 4049 1684 4119 ferroque
1695 4049 1860 4116 seductum,

141 4153 261 4208 susque
273 4137 414 4208 viruerat,
431 4143 460 4196 et
472 4145 541 4196 tunc
556 4139 716 4200 terminate
731 4138 795 4198 tuit.
814 4161 828 4188 n
1033 4143 1175 4211 Occupat,
1192 4146 1220 4196 et
1236 4140 1313 4195 rodit
1327 4137 1544 4210 quidquidtibi
1559 4137 1662 4196 euleu
1680 4139 1787 4206 nutrit,
1804 4139 1859 4196 oto.

141 4231 202 4296 (33)
216 4229 403 4297 Inqrertitur,
419 4231 483 4284 noti
494 4231 610 4298 fratres
624 4244 711 4299 quern
725 4243 810 4288 neree
824 4229 976 4287 lederent.
1033 4227 1037 4236 '
1068 4231 1242 4299 sarraceni,
1254 4228 1351 4301 inquit
1364 4227 1523 4296 renuero,
1534 4228 1859 4298 aensuotdepetnlem,

143 4318 340 4374 Concurrunt
356 4321 442 4384 cives,
455 4325 482 4375 et
494 4321 582 4389 turpe
594 4319 713 4387 putatio
728 4319 885 4388 receptent.
1034 4332 1072 4372 en
1080 4333 1160 4376 mere
1172 4333 1297 4388 renuam
1311 4318 1501 4375 Francorum
1515 4318 1545 4374 vt
1557 4321 1585 4374 et
1598 4318 1690 4379 armis
1704 4317 1860 4382 subactum

139 4408 319 4475 Pontificem
333 4409 376 4464 sic
389 4408 426 4464 de
438 4409 544 4478 formis
556 4414 628 4464 tunc
640 4409 758 4464 sistitur
771 4413 851 4466 ente.
995 4378 1018 4436 ⁰
1032 4413 1180 4475 occupent
1195 4422 1231 4464 sc
1245 4405 1397 4484 diripiunt,
1407 4404 1532 4464 Gallium
1544 4405 1691 4475 sauguine
1702 4404 1858 4470 inundent,

180 4499 345 4551 Accurmnt
359 4497 511 4564 monachi,
534 4498 599 4552 nuti
623 4497 736 4566 fratres
753 4502 779 4552 et
792 4498 870 4559 ciues
883 4496 974 4555 Adel·
1033 4501 1206 4550 sanctorum
1221 4494 1360 4568 reliquias
1374 4493 1559 4566 dispergunt,
1584 4509 1695 4566 easque
1708 4493 1860 4550 nvibusuc

141 4583 250 4640 beroni
261 4585 342 4651 dicti,
369 4591 396 4641 et
416 4586 611 4651 monachum,
639 4584 776 4656 deposita
799 4586 975 4655 monastica,
1034 4581 1165 4636 leonibus
1180 4579 1280 4653 (siqui
1294 4585 1358 4646 tum
1374 4583 1473 4636 temen
1485 4579 1516 4634 in
1529 4578 1622 4636 Gallis
1635 4577 1738 4633 leones
1763 4579 1860 4642 erent)

142 4679 226 4730 veste
240 4673 317 4731 laica
332 4676 483 4746 indutum,
497 4680 648 4732 armatum
666 4681 756 4748 etque
772 4681 812 4736 rte
826 4675 977 4737 deforme-
1031 4674 1194 4742 exponunt,
1210 4669 1418 4742 episcopatum
1432 4670 1464 4724 in
1479 4669 1584 4737 primis
1604 4665 1784 4724 Turonicum
1794 4678 1860 4726 vas·

142 4768 208 4818 tum
220 4767 253 4817 ut
265 4763 304 4818 ab
317 4764 390 4836 ipsis
412 4765 461 4819 vis
485 4765 589 4836 possit,
602 4764 728 4834 agnem
752 4768 820 4824 ante
833 4764 976 4828 abbatem
1031 4763 1103 4817 tect.
1121 4761 1185 4825 Qua
1200 4759 1280 4816 besti
1295 4757 1449 4818 burinint
1463 4761 1514 4812 tua
1538 4771 1659 4827 quoque
1675 4767 1860 4824 suorumque

141 4865 236 4906 suum
247 4851 741 4926 sistuntqusminvidicsonomine
750 4853 898 4912 adalbero
906 4867 977 4922 pon-
1031 4847 1222 4912 nullanetus
1228 4847 1268 4916 issl'
1275 4845 1337 4912 ulia
1351 4843 1634 4912 Romampelt't'bttw
1647 4840 1746 4896 Salute
1759 4853 1860 4896 mm·

142 4942 252 5008 illicem
267 4942 408 5012 appellat,
422 4944 479 4998 boc
498 4947 542 4997 est
552 4943 742 5015 episcopum,
759 4947 789 5000 ut
802 4942 975 5004 monasterii
1029 4927 1859 5006 clerumprecoturus.Haecadalberoscribitmercenni-

139 5033 229 5100 acpta
243 5029 361 5098 pometa
375 5036 426 5100 ;ct
439 5031 517 5088 inlre
544 5030 703 5088 odilonem
723 5045 824 5100 regem
845 5032 974 5104 sipontum
1028 5031 1140 5096 emate.
1155 5028 1209 5091 Qui
1225 5028 1294 5080 sunt
1308 5021 1390 5081 euim
1403 5021 1566 5078 sarraceni
1591 5017 1632 5076 illi
1654 5017 1707 5088 qui
1731 5021 1796 5074 tum
1817 5033 1861 5074 re-

141 5121 241 5172 vocat.
1028 5128 1122 5182 gurim
1139 5115 1330 5176 Francorum,
1350 5113 1379 5164 ct
1406 5107 1557 5180 praecipue
1583 5104 1790 5178 episcopatum
1805 5109 1859 5162 Tu·

139 5207 295 5275 ttilllitcs
305 5222 396 5274 nunc,
409 5207 572 5264 menuctus
582 5209 701 5263 diuerso
711 5207 937 5266 marcinannus.
1027 5201 1165 5260 conicum
1179 5199 1220 5254 ita
1234 5201 1388 5255 vastavere
1405 5197 1418 5252 t
1433 5195 1587 5250 sarraceni
1612 5194 1736 5267 quidem
1763 5195 1859 5254 Fraxi-

139 5296 348 5364 Noneqornm
365 5293 538 5358 monnellus,
555 5294 930 5364 leessusedmititorenis;
1027 5293 1174 5352 reienses,
1208 5289 1297 5352 autea
1325 5281 1506 5343 culminibus
1538 5282 1656 5356 Alpium
1692 5284 1857 5358 occupatis,

139 5384 220 5438 Num
234 5383 467 5439 demutemus
483 5391 525 5440 est
541 5383 882 5452 oydctcctuuicccmu.
1027 5374 1166 5434 unicium
1192 5372 1395 5430 cluniacensis
1426 5373 1598 5430 monasterii
1628 5372 1780 5440 abbatem,
1810 5372 1858 5430 cui

177 5471 289 5528 Abbati
303 5472 487 5528 monaclmm
501 5471 657 5527 militarem
673 5470 973 5538 consummandae
1027 5465 1114 5524 Odilo
1129 5463 1280 5534 successit,
1294 5479 1364 5520 cum
1381 5461 1591 5520 suisomnibus
1605 5467 1747 5536 ceperant
1757 5479 1794 5517 ex
1804 5465 1858 5520 tte-

137 5561 336 5632 tnterrogsnti
351 5577 390 5618 an
418 5561 587 5618 monachus
608 5576 680 5616 suus
695 5559 741 5626 sit,
769 5574 859 5631 quem
879 5557 974 5630 pridie
1027 5556 1067 5614 lte
1082 5553 1195 5614 eturbe
1206 5556 1299 5613 Rome
1313 5555 1519 5618 revertentem,
1537 5551 1678 5618 uinmille
1703 5549 1786 5617 libris
1809 5566 1857 5609 er·

135 5649 255 5708 mitent
266 5649 381 5723 eliqua,
396 5651 445 5708 ille
456 5650 640 5724 respondet:
667 5669 682 5701 κ
698 5645 879 5707 tiodomilee
894 5662 972 5716 tunt,
1028 5642 1328 5718 munumentum
1341 5660 1349 5714 t
1364 5641 1418 5704 sed
1432 5641 1523 5716 pauc
1536 5646 1605 5716 post
1618 5659 1638 5702 s
1650 5639 1796 5702 willelmo
1810 5657 1858 5704 eo·
