3996 6178
62 267 133 354 ιιιι

682 263 862 326 EPISTOLAE
881 262 924 322 at*
943 265 1151 328 nucumve.

1705 275 1773 334 tria

3 457 4 460 Ἴ
59 391 197 453 cedimus
211 397 241 450 et
251 392 466 452 confirmanius
489 393 573 451 vobis
598 395 718 450 hanam
730 393 759 450 S.
782 388 890 460 naria,
909 391 934 452 Δ
947 397 1084 463 ροεειιιιι,
1095 393 1212 469 absque
1221 393 1279 452 illis
1289 394 1440 470 quaejam
1454 395 1585 454 diximus
1597 397 1774 457 transtiberi

3 515 4 522 ι
59 481 222 556 sanctique
235 481 375 557 Baptista
398 483 529 552 loannis,
559 484 731 542 cumhorto
758 480 890 547 vineato,

59 572 148 630 sicuti
162 571 193 628 in
219 571 350 630 cartulas
377 572 580 648 acquisitionis
606 573 654 631 vel
674 571 839 631 offertionis
861 569 892 626 in

3 727 4 732 η
60 663 158 718 Leone
182 660 239 735 piae
254 661 407 720 memorius
430 663 606 738 presbytero
630 662 775 720 fascicula
798 659 893 718 conti-

3 819 4 822 *
60 752 127 808 neri
140 751 266 824 videtur,
282 751 392 810 scilicet
405 753 560 822 domibus,
578 753 709 811 tricliniis
731 755 760 810 et
773 749 893 825 parieti·

3 879 5 914 3
59 840 120 913 nis,
135 856 196 898 una
210 857 280 898 cunr
292 846 378 916 porta
391 847 420 900 et
434 847 525 916 puteo
547 859 635 917 aquae
646 842 732 911 vives,
755 856 809 898 seu
821 843 893 896 atte-

3 965 4 1004 3
59 929 128 1002 giis,
143 946 270 988 necnon
283 929 416 990 ethortis
431 949 500 990 cunr
515 933 659 990 universis
670 930 828 990 arboribus
840 944 893 1002 po

3 1061 4 1094 3
59 1035 182 1076 marum
196 1024 286 1094 atque
296 1021 444 1080 olivarum
458 1023 557 1096 posita
567 1025 668 1079 Romae
691 1021 812 1092 regione
828 1034 893 1091 sep-

3 1183 4 1186 *
61 1107 191 1177 tima,in
205 1109 272 1166 loco
291 1110 345 1183 qui
368 1116 493 1169 vocatur
516 1112 613 1170 Proba
632 1111 719 1183 juxta
744 1112 893 1166 monaste·

3 1251 4 1278 ,
59 1197 140 1256 rium
165 1197 192 1256 S.
207 1199 332 1270 agathe
361 1217 451 1276 super
480 1201 604 1270 Sobora,
628 1199 734 1258 affines
757 1213 829 1256 vcro
853 1195 893 1254 ab

60 1291 189 1361 utroque
203 1286 294 1346 latere
306 1289 362 1346 vie
377 1288 517 1364 puhlicre.

3 1437 4 1458 ἲ
99 1379 239 1436 Praeterea
253 1377 470 1437 confirmamus
481 1379 567 1437 vobis
580 1379 728 1453 vetrisque
743 1391 894 1435 successo-

3 1529 4 1532 ,
60 1465 145 1524 ribus
159 1466 190 1523 in
214 1467 322 1526 eadem
335 1469 461 1527 ecclesia
475 1469 571 1536 horta,
592 1468 730 1543 capania,
746 1483 800 1525 seu
813 1465 894 1524 olea·

3 1605 4 1614 ι
58 1555 116 1628 ria,
130 1572 190 1614 una
203 1573 273 1614 cum
289 1563 366 1616 terra
382 1558 565 1616 seminaritia
575 1559 627 1633 qui
637 1558 797 1633 punitorio
808 1571 893 1613 mon·

949 480 1021 540 silis.

984 574 1097 630 interea
1111 572 1277 633 sancientes
1287 573 1442 647 jubemus,
1456 575 1571 635 sicutia
1583 577 1692 635 nostris
1702 593 1776 652 prrs-

947 659 1156 720 decessoribus
1177 665 1300 736 jnssum
1312 671 1365 737 est,
1391 671 1425 724 ut
1443 667 1476 724 in
1500 667 1625 725 flumine
1638 672 1709 738 toto,
1724 668 1777 742 qui

945 749 1032 821 juxis
1050 751 1158 810 urbem
1179 756 1374 814 portuensem
1386 757 1526 826 decurrit,
1553 756 1655 814 nuilus
1667 757 1779 814 audeat

947 839 1122 898 molendina
1133 846 1185 900 aut
1194 849 1328 917 pontem,
1340 851 1447 920 praeter
1458 845 1628 920 jussionem
1638 851 1721 906 tuam
1729 845 1777 904 vel

948 945 1161 988 successorum
1175 936 1298 992 tuorum
1313 935 1534 1010 episcoporum,
1547 937 1634 1008 juxta
1644 935 1776 1010 priscam

947 1020 1208 1093 consuetudinem,
1230 1024 1461 1096 quoquomodo
1478 1024 1654 1081 constituere
1678 1034 1776 1098 tcons-

947 1109 1065 1180 truere),
1081 1114 1110 1167 et
1125 1126 1195 1168 cunr
1209 1110 1286 1168 vela
1300 1112 1398 1184 vobis,
1410 1111 1458 1170 vel
1469 1113 1508 1169 ab
1528 1112 1593 1170 aliis
1607 1111 1719 1187 quihus
1731 1118 1775 1170 ta-

946 1215 1017 1258 men
1030 1217 1086 1258 vos
1100 1199 1274 1260 iaciendum
1298 1201 1486 1276 injunxeritis
1501 1203 1694 1262 constitutum
1707 1207 1778 1272 tres·

948 1289 1088 1361 titutum),
1105 1295 1156 1348 aut
1176 1290 1290 1349 iactum
1319 1291 1414 1360 luerit,
1442 1291 1510 1367 ipsa
1533 1290 1707 1350 molendina
1730 1290 1779 1348 vel

946 1394 1024 1452 pons
1048 1384 1148 1439 vestro
1173 1382 1341 1456 (pontoneis
1356 1383 1387 1439 in
1401 1383 1509 1455 vestro)
1524 1381 1646 1439 arbitrio
1660 1382 1778 1456 dispen-

948 1473 1117 1528 sentur.Per
1130 1477 1254 1545 pontem
1261 1487 1334 1530 vero
1343 1471 1471 1530 civitatis
1479 1471 1573 1546 ipsius
1587 1471 1635 1543 (de
1646 1476 1779 1546 pontone

946 1574 1018 1617 vero
1032 1574 1086 1633 per
1112 1565 1238 1633 pontem
1251 1561 1377 1618 civitatis
1402 1560 1510 1634 ipsius)
1536 1561 1562 1618 si
1584 1560 1680 1621 iactus
1693 1558 1781 1617 inerit

59 1649 88 1700 te
107 1643 226 1718 Albion,
242 1651 271 1703 et
290 1647 380 1706 uliam
396 1653 506 1706 terram
522 1648 755 1707 sementaritiam
774 1647 805 1704 in
819 1647 892 1702 inte·
946 1664 1017 1706 cum
1031 1648 1168 1725 plaustro
1182 1655 1292 1710 onusto
1314 1649 1385 1708 vino
1400 1651 1448 1708 vel
1461 1651 1541 1708 victu
1553 1666 1644 1708 nemo
1670 1650 1780 1708 audeat

57 1749 150 1806 grum
165 1752 235 1794 cum
249 1737 413 1812 parietinis,
424 1743 454 1796 et
464 1737 608 1796 omnibus
622 1739 684 1795 suis
696 1737 892 1812 pertinentiis,
909 1749 932 1804 Β
946 1753 1002 1795 nec
1016 1738 1086 1796 hinc
1110 1739 1191 1811 illue,
1206 1755 1262 1798 nec
1283 1739 1354 1797 inde
1368 1740 1428 1798 huo
1442 1739 1562 1815 penitus
1582 1745 1777 1798 transmeare.

56 1825 193 1896 positam
204 1825 275 1882 ioris
290 1832 410 1901 portam
419 1827 567 1887 Salariam
577 1828 616 1886 ad
630 1827 742 1886 clivum
752 1844 892 1886 cucuma·
947 1831 1056 1884 lterum
1067 1828 1159 1900 (item)
1171 1829 1339 1886 sancientes
1345 1828 1490 1900 iuhemus
1503 1833 1536 1887 ut
1546 1827 1647 1886 nullus
1654 1828 1778 1903 presb...

56 1914 112 1968 ris.
129 1914 195 1970 Pari
207 1916 299 1973 modo
319 1917 513 1975 concedimus
532 1923 561 1975 et
575 1917 791 1976 confirmamus
805 1918 892 1975 vohis
946 1917 993 1974 vel
1007 1917 1166 1989 cujuslibet
1193 1917 1307 1975 ordinis
1331 1917 1473 1974 clericum
1487 1916 1596 1991 aliquis
1610 1918 1721 1975 audeat
1741 1916 1780 1974 de

55 2003 228 2078 vestrisque
243 2007 467 2064 successorihus
479 2007 698 2081 inperpetuum
710 2023 892 2064 omnemor-
947 2011 1007 2064 toto
1020 2006 1145 2081 praelato
1158 2007 1335 2082 episcopatu
1348 2007 1387 2064 ad
1400 2007 1545 2082 placitum
1563 2007 1778 2080 constringere,

3 2151 4 2156 η
57 2088 543 2168 dinationemepiscopalem,tam
557 2095 891 2170 depreshyterisquam
946 2101 998 2154 aut
1012 2095 1053 2154 ad
1067 2099 1290 2155 contentionem
1306 2097 1473 2156 finiendam
1487 2096 1681 2171 (faciendam)
1696 2113 1779 2155 com-

55 2177 241 2238 dieconihus
255 2181 303 2240 vel
317 2183 495 2240 diaconissis
508 2201 561 2241 scu
583 2185 831 2255 subdiaconibus,
843 2201 891 2243 ec·
947 2185 1065 2260 pellere,
1094 2191 1147 2244 aut
1170 2186 1296 2262 aliquod
1317 2187 1470 2245 servitium
1495 2187 1535 2244 ab
1549 2187 1592 2244 eis
1618 2187 1779 2260 requirere,

54 2267 168 2338 etesiis,
182 2269 230 2327 vel
242 2271 386 2332 crunnus
396 2289 466 2347 qum
481 2273 513 2330 in
527 2278 587 2331 tota
596 2275 775 2334 transtiberi
790 2292 892 2334 neces·
947 2281 1055 2346 ριιειει·
1068 2276 1227 2352 εριεεοροε
1251 2279 1437 2347 Ροιιιιειιεεε,
1465 2275 1497 2332 in
1524 2277 1611 2348 cujus
1636 2275 1782 2350 parochia

55 2359 140 2415 saria
150 2358 237 2418 iuerit
251 2360 435 2436 iaciendum,
446 2363 504 2422 nisi
513 2363 587 2422 forte
598 2365 758 2422 cardinalis
769 2365 894 2439 presby·
948 2369 1027 2422 sunt.
1043 2365 1219 2439 Quicunque
1246 2381 1319 2422 vero
1332 2369 1534 2440 praesumptor
1557 2365 1619 2422 sive
1633 2364 1706 2434 dux,
1720 2364 1782 2422 sive

57 2453 114 2518 ter,
131 2447 177 2505 vel
190 2449 351 2507 cardinalis
374 2451 530 2524 diaconus,
554 2453 602 2511 vcl
617 2454 831 2523 subdiaconus,
847 2456 894 2513 vel
949 2469 1061 2525 comes,
1072 2453 1121 2512 vel
1134 2458 1314 2525 vicecomes,
1333 2458 1386 2513 aut
1395 2454 1606 2522 cubicularius,
1621 2454 1668 2511 vel
1682 2469 1701 2512 a
1715 2469 1784 2511 nos-

56 2537 198 2611 acolytns
214 2540 291 2598 sacri
309 2541 414 2614 palatii
432 2543 639 2601 Lateranensis
657 2543 803 2603 efficiatur
823 2547 894 2619 (alia
949 2548 995 2602 tra
1009 2543 1178 2618 apostolica
1191 2543 1262 2600 sede
1286 2543 1409 2614 missus,
1435 2547 1488 2602 aut
1501 2543 1721 2618 qualiscunque
1735 2543 1781 2600 in-

55 2643 132 2684 vcro
146 2629 231 2686 vohis
245 2631 424 2706 vestrisque)
437 2633 491 2690 sed
506 2634 608 2691 omnia
631 2633 684 2690 tibi
699 2635 816 2710 tuisque
830 2653 896 2694 suc·
949 2633 1118 2690 tarvaniens
1130 2637 1274 2706 potestas,
1284 2649 1353 2706 qum
1363 2631 1402 2690 de
1416 2633 1483 2706 ipsu
1498 2633 1615 2695 civitate
1627 2633 1784 2690 Portuensi

57 2719 243 2789 cessoribus,
259 2722 307 2779 vel
322 2722 470 2798 episcopis
485 2725 537 2799 qui
553 2741 571 2782 a
593 2724 678 2782 vohis
702 2724 815 2784 invitati
829 2727 894 2784 iue—
950 2721 1140 2780 dominatum
1156 2723 1316 2791 tenuerint,
1335 2721 1373 2779 de
1387 2733 1571 2796 quocunque
1585 2721 1693 2780 luerint
1706 2721 1784 2778 ordi-

57 2807 122 2868 rint
136 2809 306 2882 ordinandi,
321 2812 529 2882 benedicendi,
543 2815 777 2873 consecrandive
787 2833 894 2875 eonce-
950 2827 998 2882 ΗΘ,
1015 2810 1158 2887 Ploedjetfl
1173 2811 1276 2869 omnia
1290 2810 1458 2869 ifflmObfflfl
1471 2810 1548 2882 ¹0⁰⁸,
1562 2815 1615 2868 ³1¹¹
1626 2809 1784 2886 Plaemffli·

58 2897 165 2956 dimus
184 2904 376 2974 potestatem,
399 2906 428 2960 et
451 2919 488 2961 ιιε
511 2905 655 2978 parochia
670 2912 766 2964 vestra
792 2906 894 2981 aliquo
950 2907 1057 2960 natum
1071 2900 1295 2971 castoldatium,
1310 2901 1359 2958 vel
1372 2901 1450 2959 duos
1471 2902 1643 2976 piscatores,
1663 2905 1693 2958 et
1706 2901 1784 2959 duos

59 2988 245 3061 pervadatur
256 2992 410 3066 episcopo,
426 2992 502 3050 fines
522 2994 589 3066 ejus
605 3011 658 3068 per
671 2995 730 3052 hoc
757 3001 894 3054 nostrum
951 2991 1087 3059 curiales,
1101 2991 1147 3048 vel
1163 3007 1269 3049 omnes
1282 2991 1440 3065 praedictos
1450 2992 1573 3049 clericos
1585 3008 1603 3048 a
1615 2992 1682 3064 jure
1694 2996 1785 3066 etpo-

60 3078 263 3150 apostolicum
276 3082 465 3156 privilegium
475 3084 623 3157 intimare,
632 3089 750 3161 iureque
762 3085 895 3144 ecclesiae
916 3107 936 3163 C
951 3086 1054 3140 testate
1075 3086 1165 3155 atque
1188 3081 1300 3138 ditione
1320 3080 1437 3154 praeisti
1450 3081 1594 3156 episcopii
1608 3081 1724 3139 auterre
1736 3080 1785 3138 vel
1892 3106 1896 3115 ¹

60 3170 245 3228 confirmare
260 3187 402 3230 curamus
411 3173 568 3248 incipiente
580 3175 688 3249 (igitur)
701 3192 824 3250 quoque
838 3176 897 3250 pri-
951 3172 1087 3229 minuere
1098 3171 1235 3239 voluerit,
1249 3169 1299 3227 vel
1322 3169 1499 3244 parochiam
1513 3170 1674 3242 intringere
1689 3175 1784 3228 tenta-

61 3275 118 3316 mo
135 3263 261 3319 termino
290 3278 309 3319 a
336 3262 430 3321 lracto
456 3269 558 3338 ponte,
584 3265 637 3322 ubi
651 3266 734 3323 undu
754 3265 897 3324 dividitur
951 3260 1036 3333 verit,
1051 3265 1104 3320 aut
1126 3260 1268 3318 homines
1282 3260 1313 3316 in
1340 3259 1484 3334 praedicta
1509 3264 1589 3318 turre
1603 3259 1784 3329 habitantes,

63 3349 227 3416 (Antonine
240 3349 359 3424 dicitur,
372 3352 456 3411 unda
468 3353 595 3427 dicitur),
611 3369 666 3428 per
677 3371 801 3412 murum
814 3355 897 3412 vide·
951 3352 1000 3411 vel
1014 3353 1188 3427 ubicunque
1210 3350 1379 3426 proprietas
1393 3349 1485 3422 huJus
1506 3350 1649 3426 episcopii
1663 3351 1787 3408 mentio-

61 3439 133 3496 licet
146 3441 371 3500 'transtiberinae
385 3442 468 3500 urbis
481 3458 536 3518 ρει
556 3445 761 3519 Septinionam
776 3449 895 3520 portem
952 3447 1024 3500 nata
1046 3442 1144 3514 luerit,
1173 3441 1214 3498 ad
1236 3440 1394 3514 publicum
1415 3440 1568 3498 servitium
1590 3439 1786 3509 revocaverit,

62 3531 95 3586 et
107 3544 162 3604 per
174 3535 294 3604 portam
307 3532 336 3590 S.
351 3533 508 3600 Pancratii
520 3549 575 3609 per
590 3534 702 3592 silicem
716 3550 789 3593 vero
800 3535 897 3610 ipsius
953 3531 1029 3590 sciat
1040 3547 1072 3589 se
1086 3529 1325 3604 compositurum
1340 3529 1483 3605 episcopo
1497 3529 1564 3604 ipso
1589 3530 1654 3604 (sic)
1668 3529 1722 3605 qui
1734 3543 1789 3604 ρει

61 3624 160 3695 porta
169 3621 314 3694 usquead
323 3627 447 3697 pontem
460 3639 676 3697 marmoreum,
686 3624 739 3699 qui
749 3629 793 3682 εει
805 3640 897 3699 ειιρει·
953 3619 1193 3697 temporaiuerit
1214 3619 1279 3678 auri
1293 3619 1447 3694 purissimi
1470 3619 1537 3678 libr.
1553 3637 1594 3677 xx
1621 3625 1650 3679 et
1664 3620 1788 3695 insuper

63 3717 220 3779 erronem,
236 3716 265 3769 at
278 3711 406 3772 ducente
426 3730 481 3790 per
494 3715 594 3789 ipsam
616 3715 728 3774 silicem
742 3731 841 3791 usque
856 3717 897 3774 ad
954 3710 1140 3770 anathemati
1153 3709 1318 3782 subjaceat.

64 3800 244 3871 Puritorum,
265 3802 396 3877 indeque
409 3803 579 3862 revolvente
593 3820 648 3878 per
661 3803 788 3879 paludes
801 3822 898 3880 usque
991 3804 1157 3860 statuentes
1170 3799 1283 3874 quippe
1296 3799 1462 3873 apostoliea
1472 3814 1601 3857 censura
1614 3801 1788 3858 auctoritate

64 3891 99 3948 in
113 3906 207 3960 mare,
223 3891 351 3967 indeque
362 3892 496 3952 veniente
506 3909 560 3968 per
572 3910 656 3951 mare
671 3909 767 3968 usque
782 3895 822 3952 ad
835 3895 897 3952 duo
953 3890 1036 3948 beati
1050 3888 1125 3947 veui
1139 3886 1346 3962 apostolorum
1361 3887 1504 3960 principis
1519 3887 1578 3944 sub
1601 3887 1695 3944 divini
1706 3887 1788 3959 Judi-

65 3980 206 4040 milliaria
217 3982 295 4040 ultra
312 3986 430 4055 Forum,
444 3988 473 4058 et
487 4000 585 4057 usque
599 3984 630 4040 in
649 3984 768 4058 (locem)
785 3984 899 4042 iontem
957 3979 994 4037 cii
1016 3977 1226 4049 obtestatione,
1241 3980 1270 4032 et
1296 3975 1497 4032 anathematis
1519 3973 1788 4048 interdictionibus,

66 4072 237 4143 majorem
253 4073 383 4148 indeque
400 4079 553 4132 remeante
567 4090 622 4148 per
634 4073 770 4132 medium
784 4075 899 4132 flumen
957 4075 991 4125 ut
1008 4067 1110 4126 nullus
1124 4081 1262 4139 unquam
1286 4067 1460 4122 nostrorum
1481 4079 1692 4121 successorum
1713 4080 1790 4140 pon-

67 4160 169 4234 majus
181 4162 262 4220 venit
275 4177 372 4236 usque
387 4162 426 4220 ad
440 4163 582 4234 (Romam
596 4163 628 4219 in
641 4162 754 4232 medio)
769 4165 899 4220 Ramum
957 4157 1083 4227 titicum,
1096 4153 1144 4212 vel
1158 4153 1217 4212 alie
1230 4152 1373 4228 qualibet
1385 4167 1499 4224 magna
1520 4169 1675 4229 parvaque
1689 4170 1792 4228 perso-

68 4249 154 4308 iracti
166 4251 278 4325 pontis,
297 4252 351 4326 qui
363 4255 409 4309 est
421 4252 508 4325 Juxta
521 4254 742 4321 ltarmoratam,
768 4250 899 4326 indeque
958 4263 999 4306 na
1010 4263 1046 4304 ea
1059 4261 1161 4320 quara
1182 4243 1270 4300 nobis
1285 4242 1324 4300 ad
1345 4241 1469 4301 laudem
1483 4243 1534 4301 Dei
1551 4259 1606 4319 ριο
1631 4241 1790 4304 stabilitate

68 4339 109 4398 ad
123 4340 259 4399 medium
274 4346 399 4416 pontem
415 4343 443 4399 S.
456 4340 565 4410 Maria,
578 4347 607 4398 et
620 4341 660 4398 ad
673 4341 808 4399 madium
822 4357 899 4417 pon·
957 4338 1005 4396 vel
1026 4339 1189 4408 augmento
1202 4333 1338 4410 predicti
1358 4333 1503 4411 episcopii
1517 4339 1627 4396 statuta
1650 4341 1729 4408 sunt,
1743 4352 1791 4397 re-

70 4435 140 4500 tem,
156 4431 210 4490 uhi
222 4431 317 4488 iudici
328 4431 466 4491 habitare
477 4431 616 4489 videntur
628 4430 796 4505 (solebant),
811 4436 841 4490 et
853 4448 900 4490 re·
918 4426 1081 4521 Diragari,
1104 4429 1157 4483 aut
1176 4425 1207 4482 in
1231 4439 1387 4498 quoquam
1410 4427 1589 4498 transgredi,
1604 4431 1657 4484 aut
1677 4427 1792 4502 aliquid

70 4520 114 4577 dit
127 4536 181 4595 per
200 4521 335 4579 madium
349 4527 473 4596 pontem
492 4522 670 4595 preadictum
696 4520 835 4590 fractum,
849 4521 901 4580 ubi
959 4518 1068 4577 exinde
1081 4515 1217 4574 minuere
1229 4513 1349 4584 audeat,
1361 4515 1414 4572 scd
1429 4515 1504 4572 sicut
1519 4517 1659 4590 superins
1674 4516 1792 4574 anobis

67 4611 135 4682 jam
149 4610 275 4683 (undum
285 4612 480 4685 antoninam)
491 4612 529 4668 de
541 4610 625 4670 unda
639 4610 781 4682 diximus,
792 4611 845 4685 qui
855 4615 903 4669 est
961 4611 1105 4667 statutum
1114 4604 1161 4663 vel
1172 4621 1353 4664 concessum
1365 4610 1420 4674 est,
1432 4605 1473 4662 ita
1482 4604 1666 4680 perennibus
1680 4619 1715 4662 ac
1727 4621 1793 4680 per-

69 4700 188 4774 primus
202 4700 300 4758 allicis
315 4701 430 4776 absque
445 4701 674 4760 Transtiberinis
689 4700 842 4758 catholicis
856 4717 903 4758 ec·
960 4698 1058 4772 petuis
1073 4695 1260 4770 temporibus
1275 4695 1338 4752 sine
1357 4694 1459 4768 aliqua
1473 4692 1658 4751 minuatione
1672 4693 1793 4767 permit·

71 4789 170 4846 clesiis
186 4791 214 4847 S.
230 4790 326 4848 tiarioe
340 4789 476 4848 videlicet
486 4791 518 4846 in
530 4789 720 4859 Transtiberi,
736 4792 765 4847 S.
778 4790 905 4864 Chryso·
960 4791 1004 4845 tat
1016 4785 1163 4844 ιιιιειειιιιε
1181 4799 1367 4859 ρειιιιειιειε.
1381 4781 1492 4854 Siquis
1510 4784 1622 4852 autem,
1633 4779 1717 4853 quod
1729 4794 1792 4836 non

72 4880 155 4952 goni,
170 4884 198 4939 et
211 4885 322 4938 sancta
333 4880 467 4950 (lreciliae,
482 4879 529 4937 vel
543 4879 725 4940 monasterio
739 4879 767 4936 S.
779 4884 906 4939 Pancra-
960 4882 1112 4952 optamus,
1127 4873 1285 4932 temerario
1300 4888 1376 4930 ausu
1389 4875 1492 4928 contra
1507 4870 1564 4927 hoc
1578 4875 1717 4926 nostrum
1731 4869 1793 4943 pri·

73 4971 121 5044 cii,
137 4974 167 5028 et
189 4975 363 5029 sanctorum
387 4974 502 5029 Cosmae
530 4976 560 5028 et
585 4971 732 5036 hamoni,
758 4971 905 5029 tamenin
961 4966 1104 5039 vilegium
1113 4961 1492 5035 venire,autinquoquam
1503 4959 1546 5016 irc
1555 4959 1791 5033 praesumpserit,

72 5061 224 5136 predictis
238 5061 369 5119 ecclesiis
383 5066 412 5119 et
427 5061 616 5119 monasteriis
630 5061 779 5135 quidquid
792 5061 906 5119 ibidem
961 5062 992 5115 et
1004 5057 1079 5112 sicut
1092 5052 1230 5127 superius
1247 5050 1367 5109 anobis
1382 5052 1527 5107 statutum
1548 5053 1601 5121 est,
1617 5049 1657 5105 ita
1670 5047 1794 5106 tirmiter

74 5153 113 5209 ab
129 5151 278 5225 episcopis
291 5166 412 5209 necesse
426 5150 514 5208 inerit
543 5149 672 5207 faciendi
695 5151 907 5209 Portuensihus
962 5159 1141 5221 permanere
1165 5157 1227 5198 non
1262 5139 1419 5210 dimiserit,
1442 5143 1471 5196 et
1491 5139 1522 5196 in
1554 5137 1696 5196 omnibus
1730 5153 1794 5197 non

3 5275 4 5278 =
74 5242 235 5318 episcopis,
250 5242 351 5300 veleb
372 5241 444 5316 ipsis
458 5239 589 5298 invitatis
602 5240 760 5297 tribuimus
774 5246 905 5314 potesta·
962 5232 1176 5304 observaverit,
1192 5231 1267 5289 seint
1290 5246 1332 5298 se,
1347 5229 1406 5286 nisi
1430 5228 1596 5304 resipuerit,
1620 5230 1794 5288 auctoritate

74 5337 147 5390 tem.
174 5333 306 5407 itemque
320 5331 515 5390 concedimus
530 5335 557 5387 et
569 5329 785 5388 confirmamus
799 5330 829 5386 ιιι
841 5331 907 5402 jam
964 5325 1015 5383 llei
1030 5321 1252 5395 omnipotentis,
1266 5323 1295 5377 et
1304 5319 1386 5376 beati
1398 5319 1474 5376 Petri
1487 5317 1693 5393 apostolorum
1712 5320 1795 5395 prin·

3 5439 5 5444 ·
74 5423 156 5481 dicto
171 5423 323 5497 episcopio
335 5423 455 5498 plebem
469 5425 497 5478 S.
513 5420 620 5488 iterim,
634 5425 662 5476 et
676 5421 705 5475 S.
727 5418 907 5492 Apollinaris
964 5413 1048 5488 cipis,
1065 5416 1154 5484 atque
1170 5414 1283 5479 nostra,
1296 5409 1349 5482 qui
1368 5407 1433 5481 ejus
1455 5408 1611 5480 fungimur
1631 5409 1796 5469 vicariatio-

72 5513 105 5570 in
128 5511 321 5587 molarrrpta,
346 5517 374 5570 ει
387 5511 508 5586 ριειιειιι
522 5511 550 5568 S.
567 5508 709 5584 Stephani
724 5507 863 5574 inPauzi,
880 5511 909 5564 et
963 5519 1013 5570 nc,
1038 5500 1237 5559 anathematis
1262 5498 1382 5557 vinculo
1415 5515 1479 5556 esse
1509 5499 1698 5572 innodatum,
1723 5503 1796 5558 eia

72 5602 198 5677 plebem
215 5605 242 5661 S.
270 5604 366 5661 itarire
380 5601 412 5658 in
433 5600 609 5674 Aproniana
625 5597 837 5672 (Aproniana),
860 5595 909 5652 vel
963 5609 1058 5666 regno
1086 5591 1137 5650 Dei
1165 5590 1307 5664 alienum,
1335 5594 1425 5664 atque
1453 5606 1523 5648 cum
1550 5590 1627 5649 iuda
1654 5591 1796 5650 badilone

3 5709 4 5738 1
73 5706 185 5750 omnes
200 5690 340 5749 ecelesias
354 5689 477 5762 exiguas
487 5688 535 5747 vel
546 5703 674 5760 magnas
688 5685 909 5760 cujuslibetno
964 5682 1083 5742 Domini
1109 5681 1203 5740 nostri
1229 5683 1298 5738 iesu
1326 5679 1441 5750 Christi,
1458 5683 1487 5738 ct
1511 5679 1654 5738 omnibus
1674 5680 1795 5756 pompis

3 5795 5 5830 1
73 5779 276 5859 minisque
289 5779 367 5842 inira
385 5779 450 5858 iarn
462 5777 558 5840 dictos
572 5775 678 5846 affines
700 5774 830 5840 suntvel
843 5789 908 5836 esse
964 5773 1030 5849 ejus
1053 5770 1178 5836 omnine
1198 5770 1338 5834 incendio
1358 5770 1626 5838 concremandum.
1652 5770 1708 5844 Qui
1722 5785 1795 5836 vero
