4044 6184
866 162 1120 222 Acuosuctton.

652 291 834 308 *ῃ

625 415 960 604 ΑΒΕΜΑΒΙ
1020 421 1374 550 nouitati.

803 719 1178 812 luuosucuou

608 944 857 1018 adnotarem
898 953 1090 1047 cpt'seopum
1122 959 1380 1030 ls'rolr'macnsem

624 1141 722 1216 (Apud
738 1143 845 1203 liabill.
859 1147 997 1207 Arralcct.
1027 1167 1096 1208 nor.
1118 1153 1186 1210 adit.
1203 1170 1274 1228 pag.
1290 1157 1364 1230 itt.)

566 1473 593 1518 a«.
618 1467 655 1508 ex
668 1453 830 1512 dominans
841 1457 1020 1516 mihiiautor
1035 1462 1117 1532 ades,
1134 1480 1170 1520 ne
1186 1465 1287 1522 codice
1303 1466 1363 1524 lam
1391 1483 1418 1531 >

618 1553 646 1597 0
689 1544 798 1616 plicent
810 1547 909 1618 titulis,
925 1549 1006 1606 hunc
1021 1552 1177 1610 renitescat
1188 1570 1250 1629 apu
1389 1569 1417 1614 t:

566 1647 593 1692 m
618 1646 689 1688 occe
704 1633 845 1692 volumen
861 1638 1012 1710 Egolisma
1027 1644 1123 1698 ltorno
1137 1643 1248 1716 pncsul
1262 1645 1292 1700 in
1308 1644 1364 1702 rtrb
1389 1653 1418 1696 t*

619 1737 647 1780 0
691 1724 813 1782 mnibus
825 1727 951 1785 eximius
962 1730 1085 1788 contidit
1100 1731 1221 1803 egr-agiu
1389 1745 1418 1796 ΙΙ

565 1838 592 1880 ω
618 1830 669 1871 ecc
681 1819 801 1890 patrum
815 1817 921 1874 retinet
943 1823 1041 1876 lomus
1056 1821 1200 1894 praeclara
1214 1823 1328 1896 troplue

618 1924 645 1966 n.
689 1907 741 1963 etri
754 1907 821 1980 quis
835 1907 920 1965 nituit
935 1910 1039 1968 ordine
1055 1911 1152 1970 clarus
1167 1913 1248 1972 hono

565 2025 592 2048 ...
617 2009 732 2067 unaque
746 1994 893 2053 bellorum
908 1998 1014 2056 Christi
1028 2000 1242 2061 inlustrissima
1256 2021 1326 2062 com

617 2100 645 2136 m
688 2088 808 2140 anctum
821 2085 963 2144 flamineo
978 2105 1045 2162 quoe
1061 2091 1126 2148 tulit
1151 2109 1201 2148 ore
1217 2108 1296 2162 genu
1407 2125 1416 2148 t

564 2194 591 2234 υ
616 2173 794 2247 ertatimquc
804 2191 970 2234 venenosos
984 2184 1113 2236 stravere
1128 2181 1271 2254 chelydro

617 2273 644 2318 0
687 2263 765 2320 rnati
781 2264 862 2321 stolis
874 2268 1029 2340 quomodo
1045 2269 1150 2327 miride

563 2371 590 2412 α.
616 2352 760 2428 romptior
773 2370 809 2410 ac
821 2355 924 2412 micuit
938 2372 1051 2431 pereas
1062 2359 1239 2432 primatibus
1255 2364 1329 2420 ardo
1387 2393 1414 2434 ῃ

615 2452 642 2494 2
686 2441 957 2518 tiuerintquelleo
972 2448 1091 2506 subdita
1106 2449 1224 2508 colladi
1386 2474 1413 2520 4

562 2548 587 2590 >
614 2531 640 2586 ir
653 2531 787 2604 picciare
805 2531 1013 2592 bonisPraesul
1030 2540 1125 2594 Romo
1139 2541 1286 2614 comptior
1299 2548 1347 2600 act
1385 2559 1412 2602 c:

614 2637 641 2673 m
685 2637 788 2694 cmpet·
803 2623 1359 2701 amandemihi‚accipitolrosmodulo
1385 2656 1412 2692 m

561 2738 588 2776 μ,
614 2709 680 2767 ania
701 2715 852 2770 dannanus
869 2713 1004 2772 dederim
1022 2715 1073 2772 tibi
1086 2716 1155 2774 talia
1171 2735 1287 2775 currno
1385 2743 1411 2782 >a

613 2815 640 2860 m
684 2800 721 2857 lte
735 2804 819 2859 tuum
833 2802 906 2860 scire
921 2809 965 2861 est
977 2805 1057 2861 unde
1069 2822 1198 2880 reposco
1211 2808 1285 2864 datu
1384 2831 1411 2874 a

560 2933 586 2952 ..
612 2892 816 2950 anuaamoris
835 2893 939 2951 adesto
957 2894 1185 2969 mihiprreclara
1199 2896 1270 2954 beat
1384 2933 1410 2954 .-

611 3002 639 3038 ω
682 2986 726 3042 int
739 2984 881 3058 furiaeque
896 2984 1010 3058 procul,
1024 2985 1097 3041 dum
1112 2985 1185 3042 mihi
1197 2989 1357 3062 parspiasi
1383 3008 1411 3044 m

559 3096 586 3141 ι..
611 3089 627 3130 e
643 3072 684 3132 sic
699 3077 895 3139 Eelacusous
909 3077 1012 3130 Petrus
1031 3074 1198 3132 munimine
1212 3092 1320 3135 coman
1383 3096 1410 3138 *a

612 3187 638 3206 ·-
682 3177 702 3222 ιι
716 3163 817 3238 superi
829 3179 885 3221 nos
898 3163 949 3236 qui
963 3166 1062 3221 eastra
1075 3164 1246 3237 vehantque
1261 3166 1312 3239 pol
1383 3211 1410 3231 ..

848 3383 1118 3457 annotatio.

169 3585 221 3641 lloc
234 3587 431 3645 acrostichon
445 3588 565 3662 scripsit
573 3589 741 3646 Adcmorus
754 3603 855 3645 servus
872 3586 977 3650 Xristi,
988 3584 1020 3642 id
1042 3589 1086 3642 est
1099 3585 1279 3667 monachus,
1291 3602 1328 3643 ex
1340 3586 1625 3670 praenobiliblamilia
1633 3587 1833 3673 cabannensi,

137 3655 277 3714 Ecolismae
293 3659 325 3715 in
341 3661 436 3716 saneti
451 3660 588 3733 Eparchii
601 3659 736 3717 caenobio
751 3658 912 3722 institutus.
930 3657 1017 3729 cnjus
1032 3656 1199 3714 chronicon
1224 3661 1253 3714 et
1277 3661 1530 3742 Commemoratro
1543 3659 1688 3717 abbatum
1703 3659 1834 3718 basiliere

138 3729 220 3784 sancti
231 3730 372 3786 Martialis
387 3731 544 3789 exstantia
559 3736 641 3789 tomo
670 3729 803 3786 secundo
833 3728 1019 3786 Bibliothecae
1040 3727 1217 3810 labbeanae.
1249 3729 1384 3786 Florebat
1399 3730 1447 3787 lue
1460 3735 1564 3814 auctor
1574 3746 1655 3814 anno
1676 3735 1833 3815 ludunum

137 3801 255 3872 tempore
272 3801 431 3860 Historiam
446 3801 621 3876 pontificum
641 3805 845 3858 Romanorum
857 3803 986 3857 Damaso
1000 3802 1161 3872 ascnptam
1177 3799 1391 3882 llo'ho'praesul
1414 3801 1622 3884 Ecolismensrs
1637 3801 1765 3886 dcscrrlu
1779 3819 1832 3886 cn·

137 3869 201 3926 ravit
212 3887 304 3944 opere
318 3873 413 3947 ipsius
431 3872 583 3943 Ademari,
598 3879 632 3930 ut
651 3876 794 3930 testantur
808 3871 977 3944 superiores
996 3885 1101 3926 versus
1117 3875 1246 3944 appositi
1266 3887 1297 3926 m
1311 3871 1408 3929 iroute
1422 3871 1544 3943 codicis,
1560 3887 1612 3946 qur
1627 3872 1762 3931 modom
1775 3875 1833 3932 Utr-

140 3940 206 3996 censi
219 3944 403 4001 monasterio
418 3950 595 4012 asservatur,
612 3944 781 4017 desinitque
793 3943 824 4000 in
840 3945 936 3999 Leone
950 3943 993 3998 lV.
1092 4010 1098 4022 ι
1490 4013 1495 4025 .
1793 4013 1827 4028 ,,

168 4013 222 4068 tion
234 4014 274 4070 ab
283 4031 316 4070 re
329 4015 384 4072 erit
392 4015 440 4072 lue
452 4015 599 4088 subjicere
613 4015 730 4074 titulum
741 4019 770 4072 et
781 4013 958 4080 clausulam,
977 4027 1072 4086 quam
1090 4009 1171 4067 idem
1188 4010 1355 4068 ademarus
1409 4018 1510 4086 posuit
1522 4011 1719 4070 membraneo
1733 4013 1828 4071 codtel

137 4081 253 4141 ecclesiae
265 4086 362 4144 sancti
376 4085 513 4144 Martialis
527 4086 609 4162 apud
626 4085 807 4156 LemovicaS,
820 4085 872 4160 qui
887 4084 982 4142 codex
994 4081 1200 4156 complectitur
1213 4087 1344 4155 quatuor
1369 4027 1463 4140 filios
1491 4082 1632 4142 amalarii
1655 4083 1694 4141 de
1721 4083 1829 4142 divinia

136 4150 241 4225 Officiis,
255 4157 286 4213 in
302 4158 528 4231 quorumtitulo
538 4160 602 4216 haec
613 4158 752 4230 leguntur
768 4175 774 4214 :

165 4329 267 4404 Incipit
278 4335 425 4406 prefatio
432 4334 606 4406 Symptosii
611 4335 885 4404 Amatoriiclerici,
895 4335 927 4390 ιἰι
947 4333 1038 4390 libros
1050 4334 1094 4390 De
1108 4331 1344 4404 divindofficr'a’s,
1358 4333 1400 4390 ad
1412 4333 1597 4392 ludovicum
1607 4334 1826 4406 imperatorem.

164 4457 193 4512 Et
202 4457 232 4514 iu
243 4457 305 4516 fine
317 4458 429 4516 codicis
444 4477 451 4516 :
467 4461 603 4532 Explicit
619 4461 696 4518 tiber
709 4460 884 4532 symphorii
895 4458 1048 4515 amalarii
1060 4456 1230 4528 presbyteri
1242 4456 1422 4540 verteretitis
1441 4459 1484 4515 De
1498 4458 1608 4544 divinis
1619 4459 1726 4530 officia
1741 4473 1827 4530 quem

134 4526 202 4584 m'rit
213 4529 254 4586 acl
262 4531 447 4588 hadaricum
462 4538 490 4589 et
501 4533 680 4588 Lotlmrium
694 4547 788 4604 repes,
800 4533 880 4602 filios
897 4530 1002 4587 Caroli
1013 4529 1121 4601 llcpni
1134 4529 1324 4611 imperatoris
1340 4545 1348 4612 ,²
1359 4545 1451 4656 gesem
1468 4530 1578 4614 tiorum
1593 4547 1625 4586 m
1638 4531 1828 4612 toecmpore

134 4599 285 4657 transcribi
297 4604 415 4659 curauit
430 4603 592 4660 ndemorm
609 4603 750 4675 indiquus
762 4602 927 4660 monachus
941 4602 973 4658 in
985 4601 1126 4658 tenorem
1141 4601 1195 4656 Det
1206 4606 1233 4657 et
1247 4605 1344 4682 sancte
1387 4601 1522 4684 medacii.
1549 4603 1621 4668 Qua
1642 4601 1753 4683 idcirco
1766 4599 1826 4656 huc

133 4667 216 4726 retem
229 4671 314 4745 qumi
329 4675 481 4731 Sturnosu
497 4689 672 4747 praenomen
685 4689 837 4748 nusquam
863 4671 987 4743 legerim
1011 4671 1156 4729 tributum
1179 4669 1341 4739 amalario,
1357 4686 1410 4744 qur
1428 4687 1459 4730 ut
1474 4671 1582 4732 eodem
1596 4671 1698 4730 codiee
1709 4673 1826 4728 tantum

133 4737 283 4817 Presbyter
296 4749 324 4801 et
339 4745 466 4808 clericus
480 4745 658 4826 appellatur.
