3984 6182
226 202 292 257 {007
744 199 903 256 altuotnl
921 197 1219 258 subsannatus
1238 203 1406 259 nonnulli.
1865 211 1909 261 litt

222 323 385 391 fastidiant,
400 321 545 394 certisque
561 323 806 394 spatiorumlocis
823 322 911 380 divisi
923 320 1048 392 vigilan·
1067 327 1090 380 Α
1106 337 1231 396 spernas
1245 325 1399 382 miseriam
1414 345 1421 382 ι
1439 325 1491 382 sed
1513 326 1694 399 quantocius
1725 341 1766 382 ex
1792 325 1911 396 legatione

223 415 338 472 tissima
352 427 400 468 me
419 411 612 468 cumlumine
632 414 818 487 praecedente
842 411 1052 487 praestolentur
1106 429 1174 470 mea
1182 413 1257 471 meis
1273 415 1356 473 dicas
1369 420 1398 472 et
1412 413 1571 472 annunties
1582 415 1651 486 ut,si
1659 431 1713 472 me
1724 416 1816 472 velint
1827 419 1914 476 reden

224 500 369 570 custodia,
379 515 435 556 nee
449 515 540 574 quem
555 502 646 560 miths
657 503 733 560 ultra
752 503 879 573 videbis,
895 505 925 558 et
950 505 1051 558 tamen
1105 507 1191 574 ptum
1205 503 1250 570 iri,
1266 503 1488 576 reddantjustis
1498 503 1668 560 haeredibus
1682 503 1836 578 praedium
1855 511 1914 580 quol

223 589 349 647 canibus
363 588 394 644 ιιι
407 593 549 648 aeternum
564 591 690 648 carebis.
706 595 770 649 lton
783 591 864 648 enim
886 605 975 664 spero
1003 605 1051 646 me
1105 590 1177 648 olim
1192 608 1335 666 perverso
1350 592 1561 650 scabinionum
1572 592 1687 664 judicio
1701 593 1745 649 ab
1760 593 1915 650 invalidiori

222 693 259 734 ex
270 680 312 733 tot
326 676 511 734 anfractibus
537 695 628 752 posse
651 679 758 750 redire,
774 679 842 750 nisi,
858 682 917 735 [leo
945 693 1052 734 conce-
1105 679 1164 737 bus
1180 681 1299 738 abstuli.
1317 683 1401 748 Quod
1417 681 1518 739 sinon
1536 681 1668 748 fecerint,
1699 697 1761 756 pro
1781 688 1857 740 certo
1874 685 1916 740 scia

222 766 322 837 denu,
339 766 494 838 contingat
506 768 683 842 parvitatem
694 785 794 826 meam
816 783 886 826 cum
908 767 1053 824 funiculo-
1107 785 1155 824 me
1168 785 1266 843 usqne
1281 771 1310 826 in
1326 770 1405 827 diem
1418 769 1523 842 judicii
1541 769 1579 826 de
1608 770 1709 843 poenis
1740 771 1826 827 haud
1848 773 1917 826 exita-

222 871 293 913 rum
308 857 512 913 attrectatione
527 857 670 915 continua
699 858 825 915 salutem
850 857 1050 914 concambire.
1106 873 1174 914 rum
1187 857 1259 915 fore.
1274 858 1323 914 Sin
1338 873 1410 916 varo
1431 857 1616 916 satisfactum
1639 859 1732 916 fuerit
1748 859 1917 933 postulationi

226 943 304 1012 Quid
319 943 442 1002 multat
469 945 581 1003 Eodem
596 953 750 1004 momento
765 947 895 1004 cumbis
916 963 993 1020 quos
1021 946 1052 1002 in
1106 961 1192 1015 meaa,
1209 963 1297 1020 sparo
1311 947 1433 1004 vincula
1453 963 1523 1004 mea
1547 963 1610 1004 non
1635 946 1689 1003 diu
1715 948 1822 1015 teneri,
1838 949 1917 1004 aeder

223 1033 408 1106 adjutorium
428 1035 549 1107 petebat
566 1035 720 1106 ingressus
753 1041 797 1093 est
822 1036 868 1092 vir
893 1036 1004 1104 denuo,
1024 1040 1053 1092 et
1106 1035 1218 1109 templo
1233 1035 1359 1094 absolvi.
1373 1036 1473 1093 lithoc
1486 1035 1543 1092 illis
1559 1036 1652 1092 ettihi
1669 1036 1798 1106 signum
1823 1036 1917 1094 reden

224 1121 401 1196 aliquandiu
412 1123 534 1180 restium
548 1123 659 1181 ducatu
682 1123 850 1182 incedendo
870 1140 972 1181 moras
987 1139 1051 1197 per·
1105 1125 1217 1198 ptionis
1230 1141 1306 1181 mese
1316 1125 1527 1194 certissimum,
1540 1141 1565 1181 si
1579 1141 1743 1182 recurrens
1769 1126 1827 1182 huc
1853 1128 1917 1182 adae

223 1227 330 1284 pessus
345 1215 389 1268 est
413 1227 531 1282 exosas,
551 1213 702 1286 quamvis,
717 1217 750 1270 ut
763 1212 858 1270 exitus
879 1213 921 1271 rei
943 1213 1052 1286 proba·
1106 1215 1197 1284 neris,
1214 1219 1242 1272 et
1256 1231 1304 1272 me
1316 1215 1365 1272 hic
1392 1230 1455 1271 non
1482 1215 1654 1284 inveneris;
1681 1215 1792 1288 sieque
1814 1231 1875 1272 cnm
1886 1231 1917 1270 sa-

223 1301 273 1370 vit,
286 1316 348 1358 non
363 1299 574 1360 infructuosas.
589 1306 663 1360 Nam
677 1319 747 1360 cum
761 1301 884 1360 luminis
912 1302 1052 1376 deporta·
1106 1301 1166 1358 luta
1182 1301 1221 1358 ad
1235 1302 1359 1377 propria
1372 1302 1559 1373 regredieris.
1591 1305 1641 1358 Est
1655 1307 1686 1359 et
1709 1302 1794 1358 aliud
1821 1303 1916 1374 signin

223 1388 304 1446 tione
317 1389 491 1463 oppidoque
506 1391 675 1448 necessaria
689 1391 720 1449 in
735 1391 766 1448 id
782 1395 900 1466 tempus
928 1390 1054 1449 admini·
1106 1406 1169 1463 prae
1187 1391 1342 1462 manibus,
1370 1391 1452 1464 quod
1480 1389 1532 1447 tibi
1555 1390 1672 1464 absque
1699 1391 1843 1446 dilatione
1855 1407 1917 1446 mon-

225 1477 376 1546 stratione,
394 1477 541 1549 angulum
560 1479 725 1553 quemdam
753 1481 910 1538 horridum
921 1479 1054 1537 offende-
1106 1483 1216 1536 stratur
1230 1480 1261 1535 in
1275 1479 1410 1536 canibus.
1427 1483 1501 1536 Nam
1515 1478 1642 1536 habebis
1656 1495 1713 1536 eos
1731 1495 1823 1552 penes
1834 1485 1867 1548 te,
1879 1481 1914 1552 qui

224 1571 269 1623 ret
283 1583 318 1624 ac
333 1567 537 1639 tenebrosum,
552 1569 667 1642 aspexit
679 1569 756 1626 duos
767 1569 904 1627 homines
916 1567 1054 1626 corninus
1105 1568 1137 1624 in
1152 1567 1257 1642 primis
1270 1568 1380 1625 reversi
1394 1572 1506 1640 essent,
1522 1567 1577 1624 nisi
1591 1568 1629 1624 ad
1650 1572 1766 1624 nutum
1781 1568 1914 1624 Dominiin

225 1660 337 1712 stantes
351 1661 380 1713 et
393 1656 589 1714 nihilominus
603 1658 720 1732 lapides
735 1675 805 1715 cum
820 1659 936 1715 tribulis
951 1657 1053 1715 ferreis
1070 1675 1092 1728 Β
1107 1657 1244 1714 hocloco
1257 1656 1462 1714 subsisterent.
1477 1657 1587 1713 Eadem
1610 1657 1688 1714 hora
1704 1673 1779 1714 cum
1793 1659 1913 1714 canasad

225 1743 405 1802 horribiliter
413 1744 606 1816 flagellantes.
628 1747 713 1806 Tunc
726 1746 918 1817 investigator
930 1762 1052 1817 canum,
1106 1749 1286 1809 ventassent.
1302 1761 1456 1816 regressus
1468 1749 1514 1802 est
1526 1745 1913 1818 homoetpraesentiacanun

225 1834 266 1891 ob
284 1834 436 1891 insolitam
452 1837 600 1893 visionem
615 1838 781 1908 exterritus,
793 1853 937 1910 moraque
950 1839 1056 1895 huma·
1106 1835 1232 1910 placans
1259 1834 1418 1892 dominu-n
1440 1850 1541 1902 suum,
1570 1850 1639 1892 cum
1664 1834 1850 1892 festinatione
1871 1835 1913 1888 ibat

225 1936 273 1976 nae
289 1920 457 1990 fragilitatis
469 1938 546 1995 pene
567 1924 631 1980 solo
659 1929 746 1980 tenus
772 1923 933 1998 collapsus,
949 1924 1054 1996 fugam
1108 1925 1147 1981 ad
1161 1923 1285 1981 viduam
1298 1928 1327 1980 et
1341 1923 1381 1980 ad
1395 1923 1472 1980 lilios
1487 1923 1565 1980 illius
1579 1939 1671 1997 ιιιιοιιι
1690 1923 1808 1980 noviter
1830 1924 1912 1980 allocu

225 2007 299 2064 inire
314 2011 440 2080 paravit.
460 2012 517 2068 Sed
531 2027 600 2068 eum
615 2013 769 2086 prohibuit
780 2030 858 2070 unus
874 2031 909 2070 ex
933 2015 1054 2072 tribula·
1108 2017 1155 2070 tus
1169 2017 1214 2070 est
1227 2011 1370 2080 defuncti,
1382 2027 1417 2069 ac
1431 2011 1649 2069 indicabatillis
1663 2027 1738 2085 quae
1763 2012 1881 2068 audiun
1894 2018 1913 2066 et

226 2097 351 2166 toribus,
363 2098 486 2156 dicens:
503 2100 649 2172 Nefugias
661 2118 761 2176 neque
770 2119 893 2177 paveas,
908 2105 1053 2178 quoniam
1108 2102 1387 2159 videratinabditis
1416 2101 1536 2158 montis.
1566 2101 1618 2168 Qui
1646 2117 1735 2171 mox,
1757 2101 1854 2158 denus
1873 2117 1910 2172 pro

225 2203 279 2260 per
294 2187 532 2247 misericordiam
548 2191 665 2248 Domini
683 2191 776 2248 nostri
799 2195 868 2248 iesu
884 2194 987 2251 Christi
1015 2195 1054 2250 ad
1109 2190 1190 2248 malo
1204 2190 1288 2264 quod
1300 2190 1413 2247 factum
1427 2193 1482 2261 est,
1496 2188 1707 2262 paenitentiam
1736 2195 1860 2261 agarum
1873 2204 1909 2243 nec

226 2277 285 2334 hoc
298 2276 358 2334 huc
371 2278 483 2334 missus
496 2295 527 2336 es
542 2284 576 2337 ut
587 2280 688 2337 dicam
702 2281 755 2338 tibi
779 2282 847 2355 quis
863 2284 930 2354 sim,
958 2288 987 2340 et
1002 2299 1054 2340 cur
1108 2295 1169 2336 non
1193 2279 1392 2353 eleemosynis
1415 2278 1549 2335 animam
1575 2277 1727 2335 redimere
1755 2278 1910 2339 festinarunt

226 2365 275 2422 hio
289 2366 320 2422 in
335 2369 418 2422 unta
433 2367 622 2426 tribulatione
636 2373 677 2426 tot
698 2385 848 2426 annorum
876 2371 1053 2440 evolutione,
1107 2368 1266 2425 reddentes
1281 2368 1430 2441 praedium
1442 2367 1485 2424 ais
1499 2367 1537 2423 de
1551 2366 1662 2440 quibus
1672 2366 1863 2423 mandaverat
1873 2363 1909 2437 qvi

228 2454 370 2512 steterim.
386 2460 410 2513 Α
425 2473 498 2529 quo,
510 2457 563 2530 qui
577 2459 744 2531 pauloante
759 2459 1054 2532 perimbecillitatem
1108 2457 1214 2514 eratin
1228 2458 1336 2531 poeuis.
1350 2461 1431 2514 Tunc
1444 2461 1553 2526 rogatu
1564 2455 1707 2512 omnium
1718 2471 1862 2513 recurram
1873 2455 1908 2508 hc

227 2543 338 2601 exstitit
367 2545 507 2619 pavidus,
547 2547 650 2606 audito
677 2548 782 2606 Christi
802 2549 935 2617 nomine,
957 2550 1053 2608 facitis
1108 2563 1159 2604 mo
1174 2547 1213 2603 ad
1228 2553 1362 2604 montem
1378 2547 1430 2603 ubi
1450 2545 1637 2620 promissum
1665 2549 1795 2619 speratae
1819 2541 1909 2600 absolu

227 2629 311 2688 fortis
325 2637 353 2689 et
379 2633 507 2700 validus.
521 2635 728 2693 sciscitabatur
753 2637 929 2710 hujusmodi
956 2640 1055 2696 verbis
1109 2636 1196 2692 tionis
1211 2636 1335 2710 accepit,
1356 2651 1410 2708 per
1433 2635 1589 2692 immensae
1604 2633 1727 2708 pietatis
1755 2634 1864 2698 funum,
1882 2646 1908 2686 ιι

226 2721 411 2795 proloquens
427 2740 433 2778 :
448 2723 524 2789 Quid
538 2729 571 2781 tn
586 2727 657 2782 hic?
669 2731 825 2800 autquare
837 2728 902 2784 talis
913 2734 941 2785 et
955 2733 1054 2786 tantus
1109 2724 1166 2781 sibi
1192 2723 1322 2782 solitudo
1350 2729 1379 2781 et
1405 2724 1534 2780 tenebras
1565 2723 1669 2780 terrori
1695 2729 1795 2779 essent
1813 2727 1838 2778 at
1859 2721 1908 2776 hor·

226 2811 331 2876 bomo,
363 2827 456 2884 quem
479 2812 511 2868 in
538 2813 649 2869 saeculo
676 2815 849 2884 judicialem
867 2821 897 2872 et
910 2817 1054 2876 curialem
1108 2814 1178 2884 rori,
1194 2813 1358 2884 assumptis
1373 2812 1533 2870 comitibus
1550 2828 1620 2868 cum
1634 2811 1750 2869 lumine
1764 2811 1907 2878 introduct

227 2898 366 2968 cognovi,
380 2914 537 2972 nuperque
549 2901 580 2957 in
593 2902 722 2974 propriis
736 2902 849 2958 laribus
863 2904 940 2961 benc
955 2907 1056 2963 valen·
1109 2901 1235 2959 altarum
1251 2901 1391 2974 praedicto
1405 2901 1491 2972 signo
1506 2899 1680 2958 absolutum
1695 2901 1843 2966 invenit,et
1855 2897 1907 2953 alta·

227 2987 288 3040 tem
302 2983 375 3057 vidi,
403 2985 564 3059 deputatus
587 3003 618 3044 es
642 2988 672 3045 in
691 2989 851 3062 pistrinum
879 2997 908 3049 et
930 3009 1055 3065 gurgus-
1070 3027 1091 3084 C
1108 3008 1177 3048 rum
1191 2991 1223 3047 in
1250 2991 1444 3061 castigatione
1471 2989 1646 3046 derelictum
1664 3005 1729 3047 non
1750 2990 1836 3046 solum
1853 2985 1906 3041 vidit

227 3071 302 3128 tium
312 3072 440 3146 hujusce
453 3074 510 3132 loci
522 3075 536 3132 ι
549 3079 640 3134 Notus
653 3081 698 3134 est
715 3077 796 3134 anim
809 3079 882 3135 mibi
905 3080 989 3138 locus
1003 3083 1055 3139 ha·
1110 3081 1164 3138 sed
1178 3081 1268 3138 etiam
1282 3079 1396 3137 invidit.
1413 3079 1518 3136 liniens
1538 3095 1609 3136 vero
1636 3079 1710 3137 inde
1732 3080 1803 3136 inter
1824 3075 1905 3132 hitales

227 3161 380 3220 bitationis
392 3167 460 3231 tusa,
475 3179 569 3237 quam
583 3165 715 3222 habuisti
730 3167 761 3223 in
781 3169 907 3235 mundo,
934 3171 1054 3243 soepins
1110 3169 1265 3240 divulgare
1278 3167 1392 3225 studuit
1405 3167 1570 3238 gratimum
1585 3166 1728 3224 arbones.
1744 3190 1757 3216 a

226 3265 286 3323 que
300 3250 416 3309 bonum
429 3253 601 3312 convivium
625 3255 719 3312 habui
747 3256 937 3330 proprietatis
952 3263 1009 3315 tuae
1023 3260 1054 3317 in
1419 3257 1633 3314 ammonicius.

226 3339 333 3408 fundo,
347 3356 403 3398 nec
418 3357 479 3398 non
491 3342 695 3400 hereditatem
708 3344 853 3402 natalium
869 3351 1000 3414 tuorum,
1028 3353 1057 3404 et
1147 3369 1162 3398 «
1177 3347 1254 3414 Quid
1269 3345 1327 3404 sibi
1340 3346 1405 3404 vult
1415 3347 1473 3404 hoc
1487 3345 1571 3420 quod
1581 3346 1612 3403 in
1626 3347 1788 3420 purgatoria
1800 3343 1905 3410 eastfga·

226 3445 352 3486 uxorem
377 3434 461 3486 tuam
489 3446 559 3488 curn
573 3431 641 3486 filiis
656 3448 709 3505 per
728 3433 864 3491 notitiam
886 3435 957 3491 satis
971 3451 1054 3492 com·
1109 3437 1190 3495 hone
1205 3437 1321 3494 tribulae
1336 3437 1436 3494 ferreae
1456 3441 1527 3492 sunt
1541 3435 1624 3504 visae,
1646 3452 1680 3492 aa
1705 3433 1817 3491 exhibita
1840 3429 1903 3500 lapi·

226 3517 369 3573 mendavi
396 3517 469 3573 meis
484 3519 603 3584 animis,
615 3520 640 3574 si
667 3524 698 3576 tn
722 3536 755 3576 es
775 3521 823 3578 ille
850 3523 943 3579 homo
969 3525 1056 3596 cujus
1110 3527 1185 3584 dum
1201 3527 1329 3598 flagella,
1343 3543 1400 3584 nac
1412 3542 1474 3583 non
1488 3525 1621 3582 duorum
1631 3525 1733 3598 parium
1743 3516 1897 3577 altereatibi

227 3619 389 3675 personam
403 3604 481 3660 bene
495 3622 544 3662 me
558 3606 734 3675 dignoscere
752 3614 833 3682 puto.
852 3613 987 3683 Cumque
1001 3629 1055 3668 vo·
1110 3615 1238 3686 relictus,
1255 3615 1329 3672 alter
1343 3615 1466 3689 quidem
1481 3631 1535 3688 per
1549 3613 1754 3670 absolutionem
1776 3611 1815 3664 est
1834 3605 1893 3661 inde

228 3690 369 3747 eubulum
394 3692 479 3765 quod
505 3694 535 3748 ιιι
562 3695 715 3766 baptismo
752 3704 909 3770 acceperat
933 3699 1054 3774 diceret,
1110 3703 1275 3761 sublatns‘l
1298 3704 1419 3771 Questio
1445 3702 1595 3777 siquidem
1618 3708 1647 3759 et
1667 3697 1805 3758 admiratio
1821 3709 1897 3766 super

227 3779 493 3853 possessionumve
521 3782 646 3840 nomina
673 3783 704 3841 in
731 3785 844 3860 quibus
869 3787 1056 3848 habitaverat
1109 3791 1384 3865 hujusmodirebns
1397 3792 1500 3864 digna,
1511 3797 1591 3850 certa
1601 3793 1748 3864 exspectat
1767 3783 1902 3843 absolutio

227 3868 369 3940 adiiceret
385 3889 392 3938 ;
406 3871 459 3944 qui
474 3871 748 3943 eratintarrogatua
767 3877 933 3948 respondit,
957 3883 991 3936 ut
1017 3880 1055 3936 de
1110 3882 1157 3940 nis
1176 3881 1292 3951 signa.»

225 3959 284 4016 bac
297 3961 359 4017 vita
388 3959 548 4018 sublatus:
579 3960 627 4018 llle
648 3963 712 4036 ipse
736 3965 891 4038 quondam
916 3982 972 4038 ego
1001 3967 1053 4039 fui,
1427 3971 1623 4028 Collectitiua.

226 4063 318 4120 quem
332 4051 363 4104 tu
375 4048 468 4106 modo
478 4065 527 4106 ma
543 4048 633 4106 fuisse
647 4051 763 4122 dixisll3
777 4053 830 4110 sed
844 4061 966 4129 propter
988 4073 1056 4130 pec-
1146 4083 1160 4110 a
1178 4061 1206 4118 Si
1218 4058 1319 4131 valles,
1335 4075 1354 4115 o
1368 4059 1545 4128 Ammonioi,
1562 4063 1720 4116 contentus
1742 4071 1803 4114 essa
1816 4059 1908 4125 unpc

227 4139 293 4190 cata
308 4151 376 4194 mea
389 4153 444 4209 pro
464 4139 639 4210 purgatorio
654 4140 722 4209 igne
737 4148 806 4199 ante
831 4143 941 4200 multos
956 4161 1053 4202 annos
1109 4149 1247 4223 reprisoo
1261 4148 1387 4222 scriptis,
1406 4148 1489 4205 lactis
1508 4152 1537 4204 et
1554 4147 1640 4204 dictis
1656 4147 1778 4212 intaba,
1805 4157 1864 4216 quae
1881 4140 1909 4194 dt

226 4219 286 4276 huc
301 4238 369 4280 suin
385 4223 557 4297 deputatus.
585 4228 670 4293 Quod
699 4235 798 4286 autam
814 4230 895 4288 vides
921 4248 983 4288 non
1011 4240 1055 4290 est
1111 4237 1221 4296 talibus
1237 4237 1328 4294 rebus
1342 4238 1533 4294 inveniuntur
1558 4235 1647 4305 edita,
1668 4236 1758 4293 credo
1780 4233 1827 4291 tibi
1842 4243 1910 4306 posse

228 4309 517 4383 caro,sedspiritus.
533 4313 700 4371 lfirorvero
717 4317 806 4374 valde
835 4320 859 4374 si
883 4321 983 4378 adbuc
1003 4322 1054 4378 ali·
1110 4326 1331 4385 absolutionem
1353 4326 1500 4394 sufficere,
1527 4343 1620 4401 quam
1649 4325 1757 4384 beatam
1779 4321 1908 4392 Gregodm

227 4397 295 4472 quis
310 4413 448 4455 meorum
462 4399 553 4470 vivat,
569 4403 797 4474 autinsaeoulo,
814 4408 921 4482 inquo
946 4416 1055 4470 cunata
1110 4417 1141 4474 in
1167 4415 1358 4486 Dialogorum
1386 4415 1475 4486 libro,
1509 4415 1762 4473 sciscitationibus
1790 4411 1855 4470 Petri
1881 4423 1912 4464 sa·

226 4492 413 4545 veterascunt
439 4492 468 4545 el
493 4488 645 4560 deficiunt,
672 4501 823 4567 superstes
858 4514 923 4555 asse
944 4501 1055 4559 valeat.
1109 4505 1271 4576 tisfaeicns,
1299 4504 1469 4562 dotalibus
1494 4504 1660 4562 visionibus
1681 4504 1775 4579 plano
1802 4511 1912 4558 sermone

227 4578 336 4632 Contra
350 4575 543 4648 subjunctum
557 4583 601 4634 est
624 4596 642 4636 a
671 4583 881 4655 respondente,
908 4589 1056 4645 sermonis
1111 4595 1183 4652 olim
1197 4594 1359 4652 scribendo
1374 4593 1522 4668 exposuit.
1541 4597 1623 4651 Nune
1638 4611 1710 4652 vero
1734 4593 1805 4668 quia
1824 4591 1913 4662 impie

228 4665 394 4738 complice:
412 4669 474 4736 Ego
493 4683 616 4742 quoque
638 4669 708 4726 salis
732 4671 833 4730 mirari
858 4689 977 4748 nequeo
1004 4695 1057 4734 our
1110 4683 1234 4741 ivitatem
1259 4688 1343 4741 tuam
1357 4683 1443 4741 aliter
1455 4689 1587 4740 avortere
1602 4699 1663 4740 non
1684 4699 1819 4756 possum,
1838 4679 1913 4736 dean

227 4769 324 4810 annos
340 4755 460 4824 dixeris,
476 4773 546 4814 cum
556 4757 645 4814 hodie
661 4759 762 4816 obitus
776 4763 818 4818 tui
831 4763 868 4819 sit
895 4765 960 4822 dies
970 4768 1057 4841 septi-
1110 4773 1238 4830 breviter
1252 4772 1327 4846 quid
1339 4773 1413 4829 mihi
1428 4771 1465 4829 de
1480 4772 1526 4829 his
1541 4771 1687 4829 videatur.
1718 4775 1795 4829 Bene
1817 4779 1913 4842 quoque

226 4859 289 4908 ma,
302 4845 573 4903 etcrasillucescat
587 4853 702 4906 octava.
725 4852 863 4908 Uxortua
880 4853 948 4910 vivit
962 4857 1057 4913 attilii
1111 4866 1140 4919 et
1149 4861 1361 4918 convenienter
1375 4860 1492 4917 tribtrlae
1513 4860 1585 4917 visre
1614 4865 1695 4932 sunt,
1716 4859 1873 4916 secundum
1894 4849 1913 4906 ιιι

227 4932 313 4989 ιιιιιιι
339 4934 464 4991 sanitate
480 4941 613 5004 manent,
641 4938 725 5011 quod
740 4954 802 4997 non
819 4940 909 4999 fallax
924 4945 1055 5018 profero,
1111 4950 1195 5024 quod
1209 4950 1357 5023 propheta
1385 4954 1519 5018 testatur,
1534 4949 1663 5006 dicens:
1692 4937 1913 5006 Tribulabituribi

227 5020 281 5076 sed
292 5023 451 5094 veridicus,
464 5025 537 5097 quia
551 5040 603 5081 cos
614 5025 676 5083 vidi
700 5029 924 5089 nudiustertius.
948 5037 984 5090 At
1008 5034 1059 5091 de·
1111 5039 1194 5096 fortis
1232 5039 1314 5110 (ιιι).
1350 5038 1436 5101 Quod
1472 5043 1573 5096 autem
1605 5043 1779 5112 peccatores
1805 5035 1913 5092 laboras

227 5107 347 5165 functus
375 5111 563 5184 respondens
598 5113 686 5170 iniit:
716 5118 781 5172 Non
807 5117 882 5175 inihi
918 5120 1058 5180 videntur
1111 5127 1166 5184 visi
1193 5132 1263 5183 sunt
1289 5127 1320 5184 in
1349 5143 1493 5184 saxorum
1521 5127 1658 5198 flagellis,
1699 5121 1913 5184 manifestissime

228 5201 342 5269 septem
368 5196 414 5254 vel
439 5205 506 5257 octo
533 5200 596 5258 dies
627 5218 723 5277 usque
744 5205 836 5264 modo
856 5212 925 5281 post
952 5211 1056 5268 mortis
1110 5217 1247 5288 increpat
1269 5215 1412 5273 duritiam
1437 5217 1580 5273 humanae
1604 5216 1768 5289 pravitatis.
1797 5212 1845 5272 Cui
1861 5203 1913 5266 Psal-

227 5285 396 5355 aiticulum,
427 5289 480 5346 sed
509 5291 598 5347 credo
619 5291 651 5348 in
678 5309 726 5350 me
753 5295 871 5354 saevisse
907 5314 1057 5357 annorum
1113 5304 1202 5362 mista
1228 5305 1361 5363 minatur
1383 5304 1510 5362 dicens:
1534 5304 1622 5363 linita
1649 5304 1770 5376 flagella
1807 5299 1914 5376 percult

226 5375 378 5445 octoginta
391 5377 511 5452 paenale
526 5381 705 5452 periculum.
740 5385 865 5442 Perinde
894 5403 968 5458 rogo
985 5393 1010 5445 ta
1025 5389 1057 5446 in
1113 5394 1154 5450 ris
1171 5393 1254 5467 (270).
1265 5393 1352 5461 Quod
1360 5409 1433 5450 vero
1446 5409 1525 5450 unns
1535 5408 1589 5466 per
1603 5394 1731 5465 gratiam
1759 5397 1804 5450 est
1827 5397 1914 5448 asum·

226 5465 431 5522 nominalesn
446 5467 553 5526 Christi
568 5469 888 5546 salvatorisomnium,
904 5493 941 5534 na
954 5493 1056 5536 meam
1113 5487 1184 5557 ptus
1210 5486 1240 5539 at
1264 5481 1340 5540 alter
1360 5498 1413 5556 per
1436 5481 1548 5553 judicis
1570 5482 1697 5552 justiam
1724 5481 1756 5538 in
1785 5491 1868 5553 poent
1886 5471 1914 5524 ιιι

262 5644 337 5717 (ιιι)
355 5645 445 5717 soph.
457 5661 477 5705 ι.
1150 5659 1227 5733 (ιιι)
1237 5659 1321 5718 Prot.
1335 5674 1416 5717 xxxi.
