3996 6178
5 131 6 134 ’
52 157 55 162 ·
125 127 196 186 ttae

746 126 922 188 cristetae
940 127 984 184 ΕΤ
1003 127 1213 191 tltt’tctttru.
1768 158 1838 216 troo
1899 223 1901 230 ‚

127 257 156 310 ct
169 249 275 312 vineis.
290 249 510 310 Confirmamus
525 253 616 310 ctiam
628 251 715 310 vebis
729 254 840 312 casalia
851 259 882 312 et
907 269 954 310 co
967 253 994 309 A
1011 255 1116 314 Gloria
1130 259 1161 316 in
1176 264 1301 322 eccelsia
1315 267 1376 326 Deo
1389 267 1546 342 diceretur,
1571 278 1599 332 et
1625 275 1657 334 lu
1671 279 1838 342 Parasceve

126 342 235 414 lunias,
248 347 338 415 atquc
348 343 503 400 castellum
518 341 717 414 inintegrum.
727 344 956 420 quiappellatur
1008 361 1070 402 non
1083 352 1145 406 tam
1159 360 1330 414 reverenter
1344 359 1387 416 uti
1397 359 1525 419 decebat
1538 363 1671 424 efficium
1684 369 1837 432 ibitiebat.

126 431 303 491 llalmachia
318 449 326 501 ;
343 432 461 500 Balnea,
491 431 603 504 stabla,
625 435 842 502 Massaviliana,
871 431 918 490 vel
932 433 955 490 si
1010 436 1234 515 condoluimus,
1248 450 1277 503 et
1287 447 1445 507 meliorare
1458 451 1517 510 boc
1526 453 1680 529 cupientes
1707 475 1760 534 per
1782 479 1838 522 ves

125 520 178 593 qui
190 519 256 577 aliis
270 520 426 578 vocabulis
439 526 641 595 nuncupatur,
658 537 719 580 una
733 539 802 580 eum
823 522 954 590 familiis,
1009 532 1184 604 vestrosque
1202 549 1403 612 successores,
1420 543 1580 600 statuimus
1591 549 1624 602 ut
1637 551 1720 607 omni
1737 567 1839 612 annua

126 609 271 667 masculis
285 615 314 667 et
330 610 456 679 leminis,
469 627 522 668 seu
537 611 651 668 colonis
663 629 717 687 por
741 613 861 684 singula
889 612 956 670 loca
1010 614 1058 672 die
1071 619 1223 681 bominica
1235 628 1406 686 palmarum
1422 647 1492 688 cum
1505 637 1699 707 processione
1723 641 1762 698 ab
1790 658 1838 700 ec-

127 699 355 773 pertinentibus
372 716 442 758 cum
461 701 548 769 casis,
563 701 682 771 vineis;
711 703 806 774 terris,
819 702 900 759 silvis
928 706 958 759 et
1011 703 1102 764 clesia
1116 709 1144 766 S.
1161 713 1256 772 llariae
1270 716 1301 772 in
1314 719 1398 776 Turri
1419 722 1541 793 exeatis,
1569 727 1598 781 et
1621 728 1774 788 venientes
1800 733 1841 792 ad

129 789 232 862 pratis,
247 788 333 864 aquis
358 790 551 863 perennibus,
576 791 625 847 vel
649 809 719 848 cum
747 792 889 849 omnihus
916 793 957 850 ad
1010 811 1159 868 magnum
1173 802 1265 860 altare
1278 808 1306 864 8.
1323 809 1397 865 Petri
1411 810 1538 870 missam
1555 813 1719 877 celebretis.
1736 819 1841 880 Simili·

129 878 301 952 supradicta
326 879 446 953 casalia,
473 884 502 937 ct
522 880 655 938 colonias
684 887 776 956 atque
801 883 956 941 castellnm
1010 886 1062 952 ter,
1079 889 1337 952 etomniannoiu
1357 897 1405 955 dio
1425 903 1522 959 coenee
1550 905 1668 964 Domini
1693 923 1749 967 vos
1776 929 1841 970 ves·

126 968 354 1042 pertinentibus,
369 970 506 1048 positum
519 970 551 1026 iu
565 971 711 1028 territorio
723 973 870 1046 Nepesino
891 974 957 1030 mil·
1010 977 1132 1048 trosque
1146 994 1334 1041 successores
1354 987 1481 1048 missam
1510 1009 1600 1069 super
1624 997 1731 1057 eodem
1746 1001 1840 1062 altare

127 1057 247 1114 lienium
274 1059 314 1114 ab
333 1058 408 1116 urbe
432 1059 529 1118 Roma
551 1060 620 1135 plus
633 1061 733 1117 minus
744 1061 864 1132 viginti3
882 1063 957 1120 inter
1011 1064 1040 1120 S.
1056 1067 1131 1122 Petri
1145 1068 1307 1140 celebrare,
1325 1076 1428 1134 Gloria
1445 1081 1478 1136 ia
1494 1086 1617 1142 excelsis
1642 1089 1703 1146 Deo
1729 1091 1828 1152 dicere

127 1145 286 1204 affines-ab
296 1163 357 1204 uno
370 1147 460 1206 latere
475 1149 535 1218 via,
550 1150 603 1223 qni
618 1154 664 1206 est
676 1149 753 1207 inter
767 1151 906 1208 militiam
918 1153 956 1209 de
1012 1153 1039 1210 S.
1057 1155 1188 1214 chrisma
1200 1160 1357 1230 conficere,
1373 1171 1403 1223 et
1416 1170 1501 1240 quod
1514 1171 1554 1227 ad
1568 1175 1747 1252 episcopum
1771 1139 1840 1256 pers

127 1239 207 1293 turre
234 1236 272 1292 de
296 1237 475 1312 Crapacorio
501 1242 530 1295 et
555 1241 665 1296 terram
688 1240 725 1296 de
753 1241 906 1298 Pastoritia
927 1243 954 1298 S.
1009 1242 1193 1316 tinetagere
1207 1249 1497 1321 volumus,et0mni
1510 1275 1590 1316 anuo
1614 1265 1652 1321 de
1679 1269 1841 1332 parasceve

127 1325 211 1397 Petri,
228 1325 267 1382 ab
282 1325 341 1383 alio
353 1325 446 1383 latere
462 1332 539 1385 terra
552 1327 590 1385 dc
605 1333 707 1386 monte
723 1329 839 1397 rtrsitio,
854 1334 882 1387 et
906 1333 957 1387 Fo-
1012 1347 1104 1407 supra
1117 1336 1219 1411 ipsum
1233 1340 1327 1400 altare
1341 1345 1442 1416 majus
1459 1349 1487 1405 S.
1509 1351 1584 1407 Petri
1598 1355 1694 1412 totum
1709 1358 1842 1422 officium

128 1429 250 1488 capuan,
265 1415 318 1488 qui
331 1419 454 1474 vocatur
469 1415 643 1484 columella,
666 1424 694 1475 ot
711 1423 786 1476 terra
813 1417 850 1475 de
877 1423 957 1477 turre
1010 1431 1189 1497 reverenter,
1205 1434 1239 1486 ut
1257 1431 1342 1488 docet
1369 1450 1423 1490 vos
1451 1441 1629 1514 vestrosque
1655 1460 1843 1510 successores

127 1503 164 1562 de
179 1505 369 1579 crapacorio,
384 1521 452 1580 quae
467 1507 637 1580 appellatur
651 1510 768 1576 Matera,
778 1512 807 1565 et
819 1525 836 1565 a
848 1514 956 1582 quarto
1010 1512 1108 1570 iacere
1122 1515 1274 1588 volumus,
1289 1519 1447 1594 inquibus
1467 1526 1564 1584 tribus
1592 1530 1703 1604 missis,
1734 1537 1845 1599 seilicet

126 1593 217 1652 latere
232 1599 310 1652 terre
336 1597 364 1653 S.
379 1595 616 1670 laurentiique
631 1595 799 1671 appellatur
815 1598 955 1666 Salicem,
971 1613 992 1668 fl
1010 1600 1042 1657 ln
1056 1603 1151 1660 missa
1166 1605 1349 1682 Palmarum,
1363 1625 1417 1668 seu
1427 1611 1459 1669 in
1474 1614 1567 1673 missa
1588 1621 1686 1679 coenae
1713 1627 1842 1698 Domini,

128 1687 155 1740 et
168 1683 250 1740 rivus
265 1683 317 1758 qui
330 1685 426 1757 pergit
439 1701 492 1760 per
506 1688 664 1743 cnssetum
680 1690 708 1742 et
721 1686 845 1746 ttalcan.
873 1689 957 1745 item·
1011 1696 1040 1748 et
1050 1692 1081 1750 in
1093 1692 1193 1752 officio
1207 1699 1380 1767 parasceve,
1394 1701 1545 1776 quidquid
1557 1709 1623 1766 auri
1640 1711 1688 1769 vol
1715 1719 1842 1790 argentI,

128 1789 187 1846 que
200 1774 404 1842 concedimus,
426 1779 454 1831 ct
468 1775 684 1834 confirmamus
707 1777 793 1834 vobis
810 1779 839 1834 in
853 1793 957 1852 perpe·

129 1867 215 1920 tuum
229 1863 386 1921 ecclesiam
400 1865 448 1922 88.
464 1865 577 1922 Rutinrc
588 1869 616 1922 et
629 1867 781 1934 Secundae,
798 1868 886 1924 sitam
901 1869 957 1924 Ro·

128 1953 285 2025 maejuxta
306 1952 452 2026 palatium
479 1959 625 2023 nostrum,
651 1971 720 2012 cum
748 1953 889 2014 erunibus
916 1957 957 2014 ad

129 2057 198 2098 eam
212 2041 436 2115 pertinentibus.
454 2042 548 2098 Etiam
574 2043 767 2100 concedimus
796 2049 825 2102 et
849 2046 956 2104 contir-

127 2131 347 2188 mamusvcbis
362 2130 585 2206 inperpetuum
609 2133 764 2190 ecclesiam
789 2137 816 2190 S.
848 2135 953 2206 llarioe,

126 2235 196 2275 cum
209 2220 350 2276 omnibus
363 2219 424 2276 suis
443 2220 659 2293 pertinentibus
672 2223 750 2280 inira
762 2225 841 2282 hunc
857 2226 957 2282 civita·

125 2313 184 2364 tem
200 2311 377 2382 Romanam,
393 2325 455 2366 non
470 2310 558 2382 louge
574 2317 704 2370 amente
724 2315 777 2388 qui
803 2318 956 2388 Augustus

124 2398 241 2456 dicitur.
260 2400 369 2457 Pariter
383 2401 578 2458 concedimus
593 2407 622 2459 ct
636 2403 855 2462 confirmamus
868 2405 956 2463 vobis

124 2489 290 2563 vestrisque
304 2491 529 2548 succcessoribus
549 2492 582 2548 in
606 2499 797 2567 perpetuum,
822 2495 909 2552 sicuti
937 2512 956 2553 a

125 2584 292 2636 memorato
308 2581 499 2638 sanctissimo
512 2597 604 2656 papa,
620 2583 681 2638 sive
708 2585 827 2641 acautis
842 2585 955 2659 praede-

125 2667 294 2725 cessoribus
306 2668 417 2726 nostris
432 2669 624 2744 pontificibus
643 2686 788 2729 concessa
803 2661 832 2729 et
845 2673 955 2730 confir·

124 2762 205 2814 mata
233 2758 364 2828 fuorunt,
388 2758 534 2826 videlicet,
562 2760 745 2818 monasteria
764 2762 898 2837 quinque
924 2765 952 2821 S.

126 2846 266 2920 Stephani
280 2847 408 2918 Maioris,
425 2851 453 2903 ot
467 2847 595 2913 itineris,
611 2851 849 2924 sanctorumque
863 2855 953 2910 loan-

1011 1781 1104 1854 pallti,
1121 1799 1174 1840 seu
1189 1801 1274 1855 cerae,
1287 1788 1335 1844 vel
1346 1785 1474 1848 abarum
1486 1809 1588 1854 rerum
1603 1815 1696 1874 supra
1708 1801 1773 1876 jam
1783 1805 1845 1864 dic·

1011 1874 1041 1927 to
1055 1887 1140 1930 sacro
1151 1874 1237 1932 altari
1253 1878 1281 1934 8.
1297 1879 1381 1946 Petri,
1411 1881 1473 1939 sive
1492 1884 1523 1940 in
1549 1887 1737 1950 confessione
1762 1896 1844 1970 posi-

1011 1965 1086 2029 tum,
1102 1963 1311 2035 auljactatum
1325 1966 1413 2026 luerit
1438 1970 1487 2028 vel
1513 1974 1598 2032 vobis
1624 1979 1772 2052 oblatum,
1801 1987 1842 2044 ab

1009 2049 1086 2126 hqra
1100 2066 1162 2124 que
1173 2052 1241 2127 ipsa
1254 2054 1358 2128 missa,
1371 2061 1400 2114 et
1409 2057 1542 2119 cilicium
1555 2063 1697 2127 inchoata
1720 2071 1840 2146 fuerint,

1010 2143 1039 2196 et
1050 2140 1168 2213 expleta
1183 2157 1237 2218 per
1248 2149 1369 2203 nostros
1384 2150 1564 2209 custodesin
1575 2161 1717 2228 vestram,
1731 2167 1843 2222 vestro·

1010 2243 1139 2303 rumque
1152 2247 1361 2292 successorum
1376 2235 1520 2310 similiter,
1536 2249 1651 2302 remota
1663 2251 1747 2306 omni
1772 2269 1842 2313 eon-

1009 2317 1196 2392 tradiclione,
1212 2319 1351 2380 deveniat
1362 2329 1551 2398 potestatem,
1567 2330 1598 2388 in
1621 2333 1733 2405 quibus
1755 2339 1842 2411 quin-

1009 2423 1069 2480 que
1083 2407 1190 2466 diebus
1204 2410 1228 2466 si
1243 2411 1329 2468 vobis
1348 2415 1515 2490 vestrisque
1530 2423 1755 2482 successoribus
1771 2429 1841 2486 tutilo

1009 2496 1110 2553 visum
1123 2497 1211 2555 tuerit
1223 2499 1355 2574 aliquem
1367 2501 1566 2564 diaconorum
1585 2514 1758 2573 nostrorum
1787 2518 1841 2575 mi-

1010 2585 1136 2644 nistrare
1148 2587 1188 2644 ob
1203 2588 1350 2648 honorem
1364 2593 1393 2649 8.
1408 2591 1486 2650 Petri
1499 2601 1632 2656 vestram
1641 2607 1839 2666 reverentiam

1009 2674 1150 2732 volumus
1162 2680 1263 2751 petere
1276 2697 1282 2748 ;
1295 2683 1473 2752 potestatem
1489 2689 1589 2744 autem
1603 2689 1739 2760 eiusdem
1750 2689 1841 2754 eecle-

1009 2763 1059 2820 sia
1074 2767 1101 2822 S.
1119 2765 1196 2822 Petri
1208 2769 1237 2824 et
1251 2767 1492 2841 supradictorum
1507 2789 1630 2834 suorum
1641 2786 1840 2844 monasterio·

1007 2869 1087 2926 rum,
1103 2858 1132 2912 et
1145 2861 1253 2913 cuncta
1267 2856 1467 2918 ecclesiastica
1479 2862 1594 2934 judicie
1607 2867 1753 2944 ipsorum,
1784 2893 1838 2936 seu

122 2936 169 2992 nis
183 2941 212 2993 et
226 2935 317 3006 Pauli,
333 2940 362 2994 et
376 2939 405 2994 B.
422 2938 547 3008 Martini,
561 2943 650 3013 alque
660 2941 784 3009 Theclae,
813 2943 953 3002 constitu·
972 2969 992 3027 C
1007 2943 1096 3001 totius
1111 2945 1237 3003 civitatis
1251 2949 1388 3006 leoninae
1404 2951 1489 3010 vobis
1501 2957 1667 3032 vestrisque
1682 2979 1837 3025 successo·

123 3029 153 3082 ta
163 3027 250 3097 juxto
259 3039 404 3097 magnam
418 3027 573 3084 ecclesiam
587 3031 615 3086 8.
629 3030 713 3098 Petri,
730 3045 800 3088 cum
811 3033 953 3091 omnibus
1006 3033 1089 3091 ribus
1103 3035 1297 3094 concedimus
1311 3042 1340 3095 et
1349 3041 1575 3117 confirmamus,
1586 3032 1735 3127 similique
1744 3057 1837 3117 modo

123 3131 227 3172 eorum
243 3115 439 3190 pertinentiis,
455 3133 622 3191 omnesque
632 3120 874 3178 consecrationes
883 3139 952 3196 quae
1008 3122 1047 3180 ad
1074 3123 1284 3195 inungendum
1308 3132 1337 3184 et
1360 3133 1599 3192 consecrandum
1624 3138 1836 3214 imperatorem

121 3205 234 3263 jbrdem
249 3209 328 3277 sunt,
344 3205 441 3263 autin
455 3206 597 3280 praedicta
612 3206 693 3265 alma
709 3209 834 3268 ecclesia
855 3214 882 3269 S.
900 3216 952 3270 Pe·
1005 3212 1138 3286 primum
1152 3218 1327 3273 vestrumst
1348 3221 1516 3277 vestrorum
1545 3238 1753 3288 autecessorum
1778 3236 1838 3308 epi·

54 3309 64 3323 ¹
123 3293 168 3363 tri,
184 3294 278 3352 autin
291 3295 559 3364 cateriseceicsiis
574 3311 643 3370 quae
657 3299 904 3356 suntconstitutsr
921 3301 952 3358 in
1006 3317 1168 3376 scaporum
1183 3302 1396 3362 fraternitatem
1422 3323 1636 3383 convocamus,
1664 3321 1698 3373 at
1723 3321 1835 3393 quibus

122 3389 183 3442 tota
193 3383 309 3441 civitate
320 3384 460 3453 leonina,
475 3388 502 3441 et
518 3385 543 3441 si
556 3387 760 3444 necessarium
786 3387 873 3445 fuerit
900 3405 951 3448 ees
1004 3391 1138 3463 regimen
1152 3393 1240 3450 totius
1255 3393 1391 3452 Ecclesia
1408 3397 1436 3454 S.
1451 3397 1527 3455 Petri
1541 3403 1571 3458 et
1588 3402 1711 3463 civitatis
1733 3412 1836 3470 Lectu-

121 3489 308 3546 consecrare,
323 3474 424 3531 nullus
436 3473 512 3530 alius
527 3473 689 3550 episcopus
701 3475 740 3534 ad
752 3476 811 3534 tale
820 3478 952 3536 miniato
1004 3497 1051 3539 nee
1063 3482 1260 3540 commissum
1273 3487 1317 3541 est
1331 3484 1370 3542 ab
1381 3486 1429 3543 his
1441 3487 1574 3560 primum
1586 3491 1832 3561 altbenediclum.

120 3563 209 3635 rium,
224 3562 271 3622 vel
285 3563 542 3622 consecrationem
554 3565 695 3624 accedere
706 3573 878 3640 praesumat,
891 3569 950 3627 nisi
1003 3575 1061 3630 ltec
1075 3587 1138 3629 non
1152 3577 1260 3630 cuncta
1275 3589 1363 3633 sacra
1376 3575 1485 3652 officia,
1506 3595 1560 3638 seu
1585 3586 1745 3660 mysteria,
1765 3607 1833 3666 quae

120 3671 174 3712 uos
186 3654 336 3728 vestrique
352 3670 539 3713 successores
554 3655 686 3731 episcopi
702 3657 730 3714 8.
748 3657 833 3715 Silvae
848 3659 949 3716 candi-

120 3745 166 3801 dae
179 3743 311 3802 ecciesiae
327 3743 557 3818 inperpetuum.

157 3832 356 3892 concedimus
370 3839 471 3890 autem
486 3837 514 3890 et
528 3832 745 3892 confirmamus
767 3835 854 3892 vobis
881 3854 949 3894 vcs-

121 3925 232 3990 trisuue
246 3923 469 3980 successoribus
481 3923 511 3979 in
523 3927 705 3998 perpetuum
723 3924 750 3981 S.
767 3924 849 3982 diem
875 3927 948 3984 Sab-

119 4013 183 4072 bati
197 4013 237 4072 od
262 4012 405 4087 baptismi
427 4017 651 4070 sacramentum
680 4012 905 4084 celebrandum,
920 4021 949 4073 et

119 4108 216 4161 totum
242 4103 374 4162 cilicium
400 4102 583 4174 iaciendum,
606 4103 638 4160 in
664 4103 789 4162 ecclesia
816 4106 848 4160 B.
874 4107 948 4163 Petri

119 4193 260 4268 apostoli,
270 4198 298 4254 et
312 4209 404 4267 supra
418 4208 565 4264 magnum
577 4191 679 4261 altare,
694 4194 724 4250 in
735 4210 796 4268 quo
808 4199 869 4252 toto
878 4210 946 4252 veu.

1003 3677 1059 3719 nos
1073 3666 1102 3718 ot
1115 3677 1304 3721 successores
1316 3666 1410 3723 nostri
1428 3666 1525 3726 iacere
1540 3669 1697 3743 debemus,
1713 3677 1738 3735 si
1749 3682 1834 3754 regri·

1002 3750 1117 3820 tudine,
1131 3750 1180 3808 vel
1193 3751 1295 3826 aliqua
1309 3769 1382 3812 cura
1393 3755 1529 3831 impediti
1541 3759 1639 3820 iacere
1649 3781 1711 3823 non
1723 3783 1834 3842 possu-

1002 3855 1083 3906 mus,
1096 3841 1199 3896 tamin
1212 3843 1386 3914 supradicta
1395 3845 1522 3903 ecclesia
1533 3849 1561 3904 S.
1576 3851 1660 3920 Petri,
1672 3857 1702 3909 et
1711 3871 1834 3915 monas·

1003 3927 1084 3984 teriis
1097 3927 1161 3984 suis
1176 3945 1270 4002 quam
1283 3946 1338 4002 per
1364 3935 1459 3989 totam
1483 3933 1633 3993 civitatem
1659 3943 1832 4015 leoninam,

1002 4033 1056 4092 per
1081 4032 1137 4073 vos
1156 4021 1333 4091 vestrosque
1360 4035 1550 4078 successores
1575 4024 1640 4082 lieri
1668 4031 1834 4102 apostolica

1002 4104 1176 4162 auctoritate
1187 4103 1386 4163 decernimus.

1039 4193 1298 4253 consecrationem
1322 4211 1394 4254 vero
1422 4197 1562 4259 altarium
1586 4203 1717 4265 ecclesiae
1730 4211 1759 4268 S.
1782 4214 1833 4271 Pe·

119 4284 215 4357 altari,
232 4285 329 4346 souin
344 4283 540 4353 consessione,
556 4282 706 4357 quidquid
728 4284 803 4353 euri,
830 4285 878 4342 vel
903 4301 948 4342 ar-
963 4325 986 4381 Β
1001 4283 1038 4341 tri
1066 4287 1096 4344 et
1116 4282 1244 4341 oliorum
1269 4286 1529 4360 monasteriorum,
1552 4307 1608 4351 nec
1641 4313 1704 4356 uon
1726 4316 1833 4360 conse-

89 4412 98 4434 .
118 4374 209 4446 genti,
225 4374 317 4448 pallii,
332 4373 381 4431 vel
394 4389 480 4439 cara,
497 4373 558 4430 siva
588 4371 716 4430 aliarum
742 4391 844 4432 rerum
868 4376 949 4450 posi·

118 4462 410 4535 tum,vc10blatum,
426 4463 474 4520 vel
492 4464 639 4536 jactatum
665 4462 761 4537 luerit,
787 4465 834 4521 vel
860 4465 948 4523 vobis

117 4553 264 4620 oblatum,
276 4552 316 4610 ab
328 4554 403 4610 hora
416 4552 553 4610 videlicet
562 4552 620 4610 diei
636 4552 731 4620 tertia,
749 4569 809 4626 qua
831 4553 948 4624 ingredi

118 4642 275 4700 ecclesiam
291 4641 331 4700 ad
340 4641 545 4699 ordinandum
555 4645 584 4698 et
593 4641 801 4716 peragendum
810 4641 947 4700 divinum

118 4730 252 4789 officium
266 4747 321 4789 vos
336 4731 487 4798 volumus,
501 4736 530 4788 et
553 4747 713 4804 usquequo
741 4729 891 4804 expletam
917 4734 945 4791 8.

118 4822 280 4880 Dominicae
290 4821 480 4879 dicimissam
494 4821 660 4878 habueritis
670 4837 723 4895 per
735 4825 852 4879 vostros
864 4837 948 4880 eura·

116 4917 197 4970 tores
212 4913 243 4969 in
257 4916 388 4969 vestram
402 4915 632 4984 vestrorumque
657 4927 876 4981 successorum,
902 4927 947 4969 rc·

116 5005 201 5060 mota
219 5003 302 5060 omui
317 4998 562 5068 contradictione,
591 5000 730 5058 deveniat
756 5003 944 5076 potestatem.

117 5095 153 5150 El
177 5092 250 5166 quia
275 5108 373 5166 usque
402 5089 443 5148 ad
469 5083 741 5163 nostrumtempus
769 5091 801 5147 in
820 5091 946 5164 proeiata

117 5181 241 5240 ecclesia
277 5184 305 5240 S.
331 5181 417 5252 Petri,
447 5197 464 5237 a
490 5195 552 5254 qua
575 5194 652 5253 pene
679 5194 785 5238 omncs
814 5180 945 5240 ecclcsiae

116 5273 286 5331 doctrinam
313 5276 502 5345 acceperunt,
531 5270 605 5326 sicut
629 5285 647 5324 a
674 5269 818 5342 magistra
841 5277 869 5328 et
888 5274 945 5328 llo-

116 5363 210 5432 mina‚
238 5363 303 5420 dies
327 5361 481 5420 Dominica
507 5359 689 5431 Palmarum,
714 5364 743 5415 et
764 5359 827 5416 dics
850 5363 946 5419 coenae

117 5452 237 5509 Domini
256 5456 284 5509 et
308 5453 470 5508 Paraseeve
495 5454 559 5506 tam
581 5448 777 5504 irreverenter
804 5447 946 5506 coleban-

5 5538 10 5554 '
117 5546 176 5610 tur,
199 5547 232 5599 ut
257 5556 313 5598 nec
339 5539 491 5614 processio
515 5555 583 5595 cum
609 5536 718 5612 palmis
743 5536 774 5592 in
803 5537 869 5611 ipsa
898 5538 945 5597 die

5 5659 9 5670 .
116 5630 325 5690 Dominiceibi
339 5630 432 5700 tieret,
459 5643 557 5704 neque
582 5627 614 5687 in
635 5625 683 5685 dic
710 5641 803 5685 coenae
829 5626 946 5688 llomini

278 5721 401 5780 Parnes.
418 5719 513 5780 ciltt.

1002 4373 1166 4431 cretionem
1207 4373 1411 4450 ecclesiarum,
1440 4377 1589 4454 altanum,
1629 4389 1831 4460 secerdotum,

1001 4462 1210 4533 diaconorum,
1240 4480 1293 4521 scu
1318 4466 1551 4531 diaconistarum
1590 4475 1679 4532 totius
1707 4478 1833 4536 civitatis

1002 4552 1139 4610 Leoninae
1167 4553 1263 4624 vobis,
1279 4545 1449 4632 vestrisque¹
1471 4563 1694 4620 successoribus
1719 4565 1751 4622 in
1768 4582 1834 4640 per-

1001 4647 1136 4717 petuum,
1166 4642 1241 4701 sicut
1268 4645 1458 4719 praelibatum
1500 4655 1553 4721 cst,
1578 4653 1774 4711 concedimus
1804 4661 1832 4715 ct

1001 4731 1227 4790 confirmamus.
1257 4736 1411 4809 Superque
1430 4736 1521 4794 etiam
1550 4737 1683 4800 ecclesie
1713 4743 1760 4800 SS.
1777 4747 1833 4804 ltu·

1000 4822 1070 4880 tinre
1095 4827 1123 4880 et
1152 4823 1307 4891 Secundae,
1343 4825 1391 4882 cui
1420 4827 1480 4882 Deo
1508 4831 1629 4885 auctore
1653 4831 1832 4908 presidatu,

1001 4912 1088 4970 vobis
1123 4913 1287 4986 vestrisque
1323 4915 1548 4973 successoribus
1582 4917 1613 4974 in
1651 4925 1833 4994 perpetuum

1000 4999 1194 5058 concedimus
1217 5004 1246 5056 et
1271 5002 1488 5060 confirmamus
1516 5005 1606 5064 etiam
1621 5005 1778 5068 ecclesiam
1801 5014 1830 5072 S.

1000 5088 1151 5146 Adalberti
1166 5093 1194 5145 et
1225 5087 1340 5146 Paulini
1362 5107 1433 5147 cum
1459 5092 1584 5151 ecclesia
1611 5096 1640 5154 S.
1670 5099 1830 5170 Benedicti,

1001 5181 1029 5234 et
1040 5177 1124 5234 omni
1139 5193 1194 5234 sua
1208 5178 1374 5248 integritate
1389 5187 1418 5238 et
1430 5183 1624 5257 pertinentiis,
1640 5191 1669 5244 et
1692 5187 1769 5246 sicut
1792 5191 1833 5249 ad

1000 5282 1110 5324 manus
1124 5273 1239 5325 vestras
1253 5268 1343 5326 hodie
1359 5272 1462 5329 tenetis
1471 5273 1570 5347 posita
1584 5275 1661 5334 inira
1674 5279 1766 5338 altaro
1794 5283 1834 5340 ci-

998 5357 1126 5415 vitatem
1136 5357 1307 5416 Romanam
1318 5359 1349 5416 in
1363 5361 1462 5420 insula
1476 5367 1638 5437 Lycaonia,
1655 5371 1734 5427 utsit
1743 5372 1831 5430 vobis

998 5446 1164 5521 vestrisque
1177 5449 1401 5508 successoribus
1410 5467 1480 5510 cum
1494 5453 1646 5514 volueritis
1660 5459 1831 5536 episcopale

1000 5535 1195 5608 domicilium,
1210 5544 1239 5596 et
1252 5554 1419 5611 congruum
1432 5546 1656 5620 receptaculum
1685 5557 1831 5625 opportu-

1001 5633 1136 5706 numque
1164 5623 1381 5706 habitaculum,
1410 5635 1671 5710 quemadmodum
1689 5639 1830 5708 tutercsn

1589 5725 1660 5794 '³6
