3996 6186
179 159 231 212 tls

638 143 792 201 DUDONlS
815 142 942 198 DECMil
962 141 990 198 S.
1011 139 1165 207 QUlNTle
1183 145 1425 204 vluorlnrllrtu.

1838 157 1895 210 oto

179 279 246 336 ales
260 287 418 348 nunquam
431 273 529 326 vestra
542 271 621 324 totus
635 267 787 341 spatulum
802 265 858 322 sibi
874 281 1002 332 cessum,
1022 265 1047 318 A
1097 268 1243 341 Portaque
1256 269 1383 327 difficilis
1398 270 1498 339 ariete,
1515 286 1576 328 non
1591 271 1716 344 fragilis.

179 367 291 425 Prasia
305 363 353 419 cui
367 362 461 416 mater
473 358 534 414 dux
550 373 612 414 non
626 356 723 424 fuerit,
739 355 893 440 resecabit.

179 453 287 526 ingerit
300 452 331 508 in
345 448 469 523 pelagas
484 462 579 521 parva
590 445 641 519 qui
653 444 740 502 lintre
756 444 906 500 marinum

178 545 342 598 Nautarum
357 540 454 593 semet
466 534 611 592 doctrinae
624 534 747 605 ignarus
758 537 786 588 et
800 532 880 604 artis,

178 631 314 686 Fluctuat
327 631 379 684 aut
392 625 472 694 illue,
488 630 540 682 aut
551 625 622 696 huc,
641 628 693 680 aut
707 638 787 695 saepe
802 625 933 679 voratur.

178 719 234 788 Oui
248 717 352 775 solitus
366 715 466 773 faleris
475 729 592 785 onagro
607 713 670 770 siue
686 728 764 785 saepe
780 712 893 779 sedere,

177 807 376 881 Praecipitatur
390 820 482 878 eques
492 804 557 875 jam
568 802 663 860 factus
677 805 807 875 praepete
822 816 921 856 cursu.
945 867 946 872 η

177 903 242 957 Non
255 913 333 971 opus
348 895 389 951 ire
399 893 498 951 forum
512 891 619 948 librato
634 891 747 948 foenore
762 889 880 957 mercis,

177 992 281 1046 Emere
295 985 348 1060 qui
361 983 445 1058 quod
459 982 523 1038 vult
535 981 628 1038 nescit
640 985 735 1048 caute,
756 984 786 1037 et
798 979 919 1048 licitare,

176 1077 276 1136 Totius
291 1074 361 1131 artis
372 1072 471 1145 inops,
486 1069 620 1138 rationis,
635 1068 838 1142 consiliisque.

178 1167 224 1225 Sic
233 1166 264 1222 in
279 1164 432 1221 diversum
447 1177 508 1234 pra
523 1159 611 1233 lapsu
625 1157 771 1215 scinditur
785 1157 879 1229 omni,

177 1256 233 1324 Qui
244 1252 349 1328 repetit
360 1250 444 1325 quod
458 1248 586 1306 diffinire
597 1249 702 1321 nequit
713 1247 867 1304 moderata

176 1349 337 1404 Doctorum
350 1340 409 1398 nisi
423 1339 630 1412 doctrinaque,
646 1337 749 1394 favore
761 1337 891 1410 juvetur.

176 1439 252 1506 Ergo
264 1449 338 1490 meae
351 1445 430 1486 nuuc
444 1427 564 1485 inscitiae
579 1426 718 1501 squalore
732 1441 893 1500 repungor,

176 1529 320 1597 ignorans
336 1519 491 1592 superhoe
506 1517 579 1589 quid
592 1515 1002 1586 agam,faciamve‚sinamve.

1060 357 1230 429 Orphanus,
1246 359 1324 430 exul,
1341 359 1439 432 inops,
1454 359 1592 433 capiebat
1606 378 1698 436 opem
1712 363 1875 438 viduaeque

1096 445 1235 503 Solamen
1247 447 1372 514 cunctis,
1389 449 1554 522 orphanus,
1569 449 1647 520 exul,
1662 450 1760 525 inops.

1059 534 1203 592 Ecclesiae
1219 536 1331 606 statuit,
1348 552 1485 609 paganos
1500 539 1621 596 credere
1637 539 1718 605 fecit.

1095 623 1223 682 Delubra
1232 626 1405 694 construxit,
1421 627 1560 685 ecelesias
1575 628 1686 686 statuit.

1059 712 1153 770 Corde
1170 715 1261 770 lteum
1277 715 1438 772 Dominum
1453 715 1556 774 dilexit
1568 718 1692 789 viribus,
1710 723 1801 793 atqua

1096 802 1129 856 Ut
1140 816 1171 856 sc
1180 801 1386 876 propinquum
1400 804 1490 860 corde
1503 808 1597 863 Deum
1612 807 1786 866 Dominum.

1059 891 1141 946 Forte
1157 888 1234 947 feros
1249 891 1378 965 populos
1392 892 1521 952 violento
1534 901 1627 952 marte
1643 895 1798 966 domabat,

1094 981 1127 1035 st
1141 979 1339 1038 conculcabat
1352 981 1427 1039 forte
1442 982 1521 1040 feros
1535 984 1674 1058 populos.

1058 1066 1185 1136 Legibus
1200 1073 1227 1125 et
1240 1069 1368 1126 ducibus
1382 1071 1475 1128 verbo
1486 1071 1687 1145 induperabat
1704 1075 1762 1148 (16)
1776 1075 1893 1144 amico,

1093 1157 1206 1214 Gratior
1217 1157 1248 1213 in
1261 1174 1355 1228 reguo
1368 1159 1489 1230 regibus
1504 1165 1532 1218 et
1546 1161 1684 1218 ducibus.

1056 1245 1225 1303 lluneribus
1240 1247 1329 1304 variis
1344 1248 1453 1306 missos
1467 1249 1584 1308 ditabat
1594 1251 1737 1320 honores,

1091 1337 1143 1389 Ast
1153 1334 1282 1392 humiles
1295 1337 1405 1410 pariter
1416 1338 1593 1396 muneribus
1607 1341 1708 1400 variis.

1056 1422 1146 1480 Pallia
1160 1424 1352 1495 distribuens,
1368 1444 1487 1497 aurum,
1501 1428 1603 1502 pelles,
1619 1431 1815 1506 sonipesque,

1092 1515 1208 1570 lrlunere
1223 1514 1378 1586 largifluus
1392 1516 1482 1589 pallia
1497 1518 1689 1577 distribuens.

174 1618 354 1686 Quanquam
368 1623 473 1664 sensus
485 1606 578 1663 hebes
589 1604 724 1676 genuinae
742 1603 931 1675 garrulitatis,
1023 1615 1044 1670 Β
1058 1603 1221 1660 indomitas
1237 1607 1331 1661 Dacos
1345 1606 1445 1663 verbis
1457 1604 1615 1666 blandibat
1629 1610 1743 1683 amicis,

174 1699 323 1761 Thematis
335 1695 503 1770 intepidum
516 1693 696 1768 quidquam,
718 1693 890 1762 infacetum,
915 1692 1002 1749 inho-

860 1781 1000 1854 fucatum,

175 1883 302 1954 Digerat,
318 1875 448 1934 auctoris
462 1871 573 1930 nullius
587 1871 694 1928 robore
708 1871 812 1929 iratus.

174 1968 338 2042 aggrediar
349 1968 452 2040 potero
467 1961 625 2035 quidquid,
640 1960 808 2034 faciamque
819 1964 947 2033 meapte,

174 2061 281 2117 Fidens
296 2057 326 2112 in
342 2052 468 2111 Domino
480 2049 631 2107 mundum
646 2049 757 2105 ditione
768 2054 897 2120 regente,

175 2145 325 2221 Quidquid
339 2137 787 2212 vultfacienscoe10,terraque,
803 2136 940 2211 marique

173 2237 289 2296 Rudere
303 2234 478 2291 consuetam
492 2228 580 2302 plene
592 2227 678 2284 edere
694 2226 784 2284 verba
799 2227 904 2298 coegit,

174 2325 345 2398 sessorique
361 2337 415 2376 suo
430 2317 550 2376 alterius
561 2316 706 2390 profarier
718 2317 804 2387 orsis,

172 2418 299 2486 Postque
314 2406 511 2482 sepulcralem
525 2408 666 2462 Lazarum
687 2405 830 2462 recreavit
842 2405 999 2475 honorem,

173 2505 207 2561 Et
220 2497 311 2558 voluit
323 2498 461 2555 functum
473 2498 540 2569 post
554 2493 644 2550 funus
655 2509 772 2549 currere
782 2493 892 2549 vivum.

173 2595 241 2649 Post
254 2587 344 2646 subiit
357 2585 464 2643 vexilla
478 2583 584 2650 crucis,
597 2582 807 2655 mundumque
821 2583 956 2641 redemit.

174 2680 295 2754 Suscipe
310 2680 393 2748 gesta
404 2673 446 2732 tui
459 2671 575 2747 proavi,
589 2671 699 2746 praesul
712 2672 879 2744 recolende,

208 2772 242 2825 Et
254 2763 409 2839 locupletis
427 2761 474 2820 avi
490 2760 608 2835 suscipe
623 2764 707 2832 gesta
722 2761 772 2818 tui.

172 2855 350 2924 Quinetiam
366 2849 479 2907 meritis
494 2849 587 2924 patris
603 2865 693 2922 super
705 2850 815 2906 aethera
830 2866 902 2922 non,

206 2941 358 3014 Participis
372 2939 485 2997 Christo
499 2939 573 3013 quin
588 2938 678 2995 etiam
695 2939 818 2996 meritis.

171 3033 250 3092 illius
263 3035 352 3105 atquc
360 3028 449 3087 bouis
461 3027 596 3084 animum
608 3027 736 3101 depasce
750 3027 898 3100 benignis,

208 3125 320 3178 instrue
334 3123 362 3175 te
376 3132 517 3174 exercens
531 3115 609 3172 illius
623 3119 714 3190 11111111
726 3115 826 3173 bonis.

170 3208 304 3270 hlirificos
318 3205 453 3266 recolens
468 3208 552 3262 actus
568 3220 707 3262 sermone
717 3209 854 3276 retracta,

205 3280 379 3371 affatusque
394 3311 465 3351 suos
477 3293 619 3350 mirificos
632 3293 775 3350 recolens.

169 3394 201 3447 at
215 3403 362 3456 memora,
377 3400 514 3442 memora
528 3398 636 3440 causas
649 3383 674 3454 ej
679 3400 714 3439 us
724 3383 948 3453 memorandas,

204 3480 296 3549 Digne
311 3491 379 3548 qure
395 3473 485 3544 gessit
497 3488 579 3528 nunc
594 3487 739 3540 memora,
755 3489 901 3530 memora.

168 3567 285 3625 Nisibus
298 3562 413 3620 eximiis
427 3562 492 3633 ejus
507 3560 697 3616 reminiscere
710 3577 840 3631 morum,

203 3660 297 3728 Atque
311 3650 468 3708 recordare
483 3648 598 3705 nisibus
612 3650 737 3706 eximiis.

168 3743 344 3815 Legitimum
358 3739 449 3811 hujus
460 3753 538 3810 opus
553 3737 687 3808 relegens
702 3738 817 3796 imitare
831 3739 965 3810 libenter,

203 3836 236 3890 Et
249 3831 358 3888 rimare
372 3827 496 3884 studens
507 3825 674 3897 legitimum
691 3829 781 3900 hujus
797 3846 885 3903 opus.

167 3922 228 3982 Scis
240 3920 311 3996 quia
321 3921 420 3975 castra
434 3915 485 3972 liei
500 3931 619 3989 semper
633 3915 793 3974 recolendo
809 3917 974 3990 adamarit,

201 4008 304 4067 Dilesit
316 4021 464 4064 venerans
477 4003 535 4061 scis
550 4003 622 4078 quia
635 4009 735 4062 castra
749 4006 809 4064 Dei.

164 4099 259 4158 Ariete
272 4111 333 4154 non
346 4093 458 4166 fragilis
474 4093 577 4167 patrias
591 4110 698 4152 murus
712 4094 768 4152 fuit
779 4095 854 4170 ipse,

1093 1692 1284 1766 austerisque
1299 1709 1440 1766 premens
1454 1696 1677 1770 indomitosque
1688 1702 1794 1757 Dacos.

1056 1779 1174 1838 Ordinis
1190 1786 1279 1856 atque
1294 1783 1405 1854 gradus
1415 1784 1508 1842 1101111
1518 1785 1610 1843 decus
1621 1803 1774 1862 omneper
1785 1806 1888 1865 omns,

1090 1874 1131 1926 Ae
1147 1871 1370 1930 firmamentum
1385 1873 1499 1930 ordinis
1514 1879 1603 1949 atque
1616 1876 1741 1947 gradus.

1056 1957 1194 2033 alloquio
1209 1960 1343 2034 celebris,
1355 1962 1501 2019 virtutum
1513 1964 1662 2035 agalmate
1677 1967 1808 2041 pinguis,

1091 2051 1260 2106 filausuetus
1275 2050 1379 2121 verbo,
1395 2051 1526 2125 alloquio
1542 2053 1678 2112 celebris.

1054 2137 1244 2195 Causidicum
1258 2145 1401 2212 superant
1412 2141 1478 2213 ejus
1493 2157 1542 2199 me
1556 2158 1637 2200 nunc
1653 2143 1811 2218 bonitates,

1089 2232 1184 2300 Atque
1198 2228 1353 2286 facultates
1374 2230 1561 2289 causidicum
1575 2239 1726 2307 superant.

1039 2317 1209 2373 'Permanet
1220 2316 1365 2374 indicium
1380 2318 1459 2376 illius
1473 2336 1578 2377 verum
1592 2321 1756 2395 probitatis,

1091 2404 1181 2475 Signa
1193 2410 1222 2461 et
1234 2405 1333 2462 adhuc
1346 2407 1476 2476 rutilant,
1493 2410 1648 2482 permanei
1663 2410 1817 2468 indicium.

1054 2493 1190 2566 Amphus
1206 2494 1338 2569 eloquar.
1357 2513 1396 2554 an
1412 2497 1516 2555 sileam
1526 2515 1593 2572 quaa
1607 2505 1692 2569 gesta
1706 2500 1855 2571 videntur,

1089 2582 1233 2652 Tempore
1248 2585 1373 2638 venturo
1390 2581 1524 2656 eloquar,
1541 2589 1592 2640 aut
1606 2583 1739 2642 sileam?

1054 2667 1165 2725 Garriet
1179 2685 1247 2725 ecce
1262 2685 1347 2726 meus
1362 2670 1471 2744 poterit
1483 2686 1672 2746 quaecunque
1686 2672 1808 2744 relatus,

1088 2760 1299 2831 tractatusque
1309 2758 1398 2814 simul
1408 2759 1517 2830 garriet
1526 2775 1595 2818 ecce
1607 2775 1702 2818 meus.

1052 2848 1128 2904 Voce
1140 2846 1241 2904 boabo
1253 2847 1393 2916 fremens,
1407 2849 1577 2907 vehementi
1595 2850 1685 2908 corde
1704 2855 1884 2923 retractans,

1018 2962 1038 3018 C
1088 2937 1160 3001 Quae
1174 2935 1272 2993 retulit
1285 2935 1387 2992 vivens
1402 2952 1476 2994 voce
1491 2936 1592 2994 boabo
1606 2937 1747 2997 hemeris.

1053 3026 1074 3082 0
1089 3025 1271 3096 venerande,
1286 3025 1344 3098 pie,
1356 3026 1523 3099 recolende,
1539 3029 1669 3086 verende
1681 3033 1819 3103 patrone,

1087 3115 1197 3190 Praesul
1213 3115 1359 3184 1101110111,
1376 3132 1394 3173 0
1407 3116 1565 3174 recolende
1578 3118 1636 3191 pie.

1052 3207 1246 3261 Immemores
1256 3204 1349 3277 patris
1360 3209 1388 3261 et
1399 3193 1548 3263 memores
1556 3212 1689 3264 scrutare
1700 3208 1868 3283 triumphos

1087 3297 1176 3349 lictus
1190 3293 1329 3368 perquire
1339 3293 1592 3369 immemoresque
1602 3295 1706 3369 patris.

1051 3383 1258 3458 Exhibeasque
1271 3383 1364 3458 patris
1374 3383 1460 3440 dictis
1475 3387 1565 3443 temet
1577 3385 1758 3456 reverendis,

1086 3472 1179 3529 Factis
1193 3477 1221 3529 te
1234 3472 1393 3546 speculans
1406 3471 1610 3547 exhibeasque
1625 3475 1712 3549 patri.

1049 3561 1209 3618 Subveniat
1218 3561 1328 3633 jugiter
1342 3576 1474 3634 presens
1484 3561 1579 3620 oratio
1590 3563 1684 3636 patris

1085 3652 1215 3723 Vetaque
1230 3649 1372 3706 continua
1387 3649 1569 3707 subveniant
1578 3650 1699 3723 jugiter.

1049 3739 1071 3794 0
1087 3737 1203 3794 utinam
1216 3736 1327 3807 valeas,
1343 3739 1454 3810 vigeas,
1469 3755 1523 3812 per
1536 3739 1615 3798 secla
1624 3744 1769 3814 potenter,

1083 3826 1157 3896 cum
1172 3825 1289 3883 Christo
1305 3841 1444 3897 regnans,
1459 3844 1478 3883 0
1493 3827 1609 3886 utinam
1625 3829 1728 3900 vigeas
1743 3829 1751 3885 l

1048 3915 1135 3974 Flisio
1149 3931 1274 3972 maneas
1289 3931 1398 3989 campo
1412 3920 1497 3989 patre
1510 3934 1579 3974 cum
1594 3918 1771 3992 reverendo,

1082 4003 1227 4077 Empireae
1241 4003 1344 4077 patriae
1356 4003 1445 4062 Elisio
1460 4022 1595 4066 maneas.

474 4255 609 4312 VERSUS
627 4259 674 4312 Ait
695 4258 848 4317 cultiles
867 4259 1057 4316 aonuirull
1076 4254 1183 4312 flotus
1202 4254 1327 4311 OPERIS
1345 4255 1566 4314 atteruntur.

163 4378 260 4436 Virtus
275 4381 304 4434 et
317 4390 429 4432 nomen
443 4374 565 4446 vulgata
579 4378 711 4449 potentia
725 4381 840 4454 passim

162 4466 361 4536 Flammigero
376 4463 459 4534 regni
475 4464 647 4522 substractis
658 4469 748 4525 crevit
757 4469 788 4525 in
799 4470 883 4543 orbe,

163 4558 276 4616 Cedant
285 4554 413 4613 convicti
426 4553 542 4611 comitis
553 4555 702 4628 probitate
717 4559 844 4619 Rodulti.

162 4647 220 4705 illis
235 4645 409 4704 consulibus
422 4648 575 4701 Romanus
590 4645 691 4703 calluit
700 4647 792 4720 orbis,

161 4741 244 4795 Nunc
257 4735 479 4793 Northmannus
492 4750 568 4808 apex
584 4737 698 4793 1110111111
711 4737 831 4796 culmen
852 4741 987 4810 honoris,

159 4827 259 4884 fotius
273 4826 356 4898 regni
370 4823 472 4894 virtus,
484 4823 576 4880 decus
591 4829 681 4899 atque
693 4832 835 4900 potestas,

159 4917 289 4976 floribus
305 4920 334 4975 et
348 4914 459 4972 meritis
474 4919 591 4971 mactus
607 4918 734 4973 floruere
746 4918 897 4992 benignis,

159 5006 339 5063 flitrihuente
354 5005 443 5076 viget,
459 5003 551 5072 timet,
568 5009 657 5078 atquc
673 5007 829 5081 superstite
843 5010 944 5084 pollet,

158 5094 334 5169 Praepollens
348 5094 493 5166 gravimte
507 5093 599 5153 animi
612 5094 770 5170 cordisque
785 5098 936 5171 profundi.

158 5185 214 5240 Ore
227 5183 321 5240 salem
335 5183 436 5240 fundis
451 5182 602 5257 tranquilli
614 5184 752 5258 pectoris,
764 5185 844 5245 almo

159 5274 193 5328 Ut
206 5271 274 5328 salis
290 5270 373 5327 unda
387 5272 481 5343 cibos,
497 5273 540 5330 sic
556 5289 662 5331 sensus
678 5280 706 5332 tu
722 5292 844 5350 quoque
868 5281 983 5340 condis.

157 5360 251 5417 Radix
266 5359 380 5416 consilii
390 5360 510 5418 fecundi
523 5365 651 5420 nectaris
666 5381 752 5426 urna.

155 5448 249 5506 vivax
262 5447 394 5520 ingenio,
409 5448 488 5507 mitis
503 5451 640 5508 rutilante
657 5451 787 5526 loquela.

190 5609 248 5680 (lt)
268 5606 315 5666 Sic
328 5608 494 5682 1111111110.

1046 4376 1878 4445 Solveluthuncmundum,refcvessicsirmatacunctos.

1044 4467 1125 4526 Nilus
1136 4474 1170 4524 ot
1182 4469 1354 4540 AEgyptum,
1369 4483 1487 4524 recreas
1500 4467 1542 4525 sic
1557 4468 1650 4526 corda
1664 4473 1796 4528 tuorum.

1043 4559 1081 4613 Fe
1097 4555 1182 4613 tellus
1195 4553 1316 4611 rutilum
1332 4556 1440 4614 meruit
1454 4556 1687 4614 Northmannica
1701 4557 1816 4616 lumen.

1044 4643 1191 4716 Splendor
1205 4642 1317 4715 ubique
1332 4643 1491 4718 micas,qui
1501 4645 1600 4702 cordis
1611 4645 1755 4720 lampade
1765 4646 1879 4720 fulges.

1042 4731 1232 4804 Archipatres
1245 4731 1336 4804 prisci
1346 4733 1465 4806 pariter,
1481 4749 1681 4808 proceresque
1695 4735 1848 4810 moderni,

1043 4819 1150 4895 Scipio,
1167 4819 1396 4894 Pompeiusque,
1413 4823 1484 4880 Cato
1498 4823 1567 4896 quis
1583 4822 1678 4894 gloria
1692 4827 1806 4894 flomae,

1041 4907 1231 4980 Magnificum
1245 4909 1347 4978 decus,
1361 4910 1523 4984 imperium
1541 4911 1765 4988 dominansque
1786 4929 1880 4972 coru-

1765 5003 1878 5074 [scum.

1042 5088 1064 5144 0
1080 5085 1162 5143 Felix
1180 5085 1309 5154 animus,
1323 5086 1426 5160 patriae
1441 5087 1493 5160 qui
1506 5087 1638 5146 consulis
1652 5093 1747 5159 actus,

1040 5173 1191 5231 Auxilium
1204 5175 1300 5247 regni,
1314 5173 1551 5248 firmamentum,
1567 5179 1660 5236 decus
1673 5183 1764 5254 atque

1040 5263 1130 5334 Cujus
1143 5279 1210 5336 quae
1225 5268 1365 5322 constant
1376 5264 1453 5322 libro
1464 5267 1521 5324 hoc
1536 5267 1705 5341 conscripta
1720 5268 1828 5340 relatu,

1039 5351 1152 5422 Digessi
1166 5353 1319 5422 attonitus,
1334 5355 1488 5425 tremulus,
1504 5355 1609 5428 hebes,
1625 5357 1745 5426 1111111111,
1758 5375 1878 5436 anceps

1040 5439 1081 5498 Sit
1095 5441 1147 5498 tihi
1161 5459 1299 5500 summus
1313 5445 1410 5502 honor
1419 5445 1532 5504 Christo
1542 5451 1685 5518 regnante
1696 5463 1750 5522 per
1757 5465 1874 5510 avum.

1037 5529 1161 5605 vitaque
1176 5533 1213 5590 sit
1226 5549 1358 5607 presens
1374 5551 1444 5592 cum
1459 5536 1568 5594 sanctis
1583 5541 1674 5611 atque
1690 5537 1800 5598 futura.
