3990 6184
207 194 275 248 1111
747 187 871 243 111111
882 175 1150 242 'artmannus
1168 183 1369 242 -11011111,
1854 186 1914 242 1111

204 331 284 373 anno
297 317 408 372 decimo
422 313 508 368 tertio
523 311 712 381 imperatoris
737 311 863 367 Henrici
875 311 935 380 filii
959 309 1033 366 Con·
1047 312 1071 364 A
1090 309 1349 366 Fre'snedominus
1361 310 1512 380 ducange
1525 309 1555 366 in
1571 309 1744 383 praefatione
1754 308 1915 366 adGlossa-

205 406 283 472 radi,
307 403 419 471 Papias
446 401 555 455 tibrum
578 415 675 466 snum,
701 401 836 457 videlicet
865 401 1034 455 Elernenta-
1089 397 1167 453 rium
1183 397 1289 454 medin
1304 397 1455 454 etinfimse
1475 398 1649 466 Latinitatis,
1666 401 1747 466 §scu
1763 413 1853 469 num,
1877 402 1916 465 11,

205 494 283 548 rium
297 489 443 545 doctrinis
457 487 699 558 Erudimentum,
726 489 818 544 edidit
833 505 839 542 :
861 487 941 559 quod
949 527 952 538 .
966 501 1034 556 prc-
1090 487 1303 561 praestruis
1319 503 1374 544 seu
1388 503 1471 556 num,
1485 491 1530 558 11,
1544 503 1575 562 p.
1590 492 1635 554 37,
1647 489 1709 544 hssc
1723 487 1818 544 addit

205 580 294 634 batur
300 593 358 647 per
368 591 524 634 numerum
538 590 699 646 annornm,
713 578 766 632 ubi
775 577 838 647 apii
853 576 889 632 de
899 575 1036 633 eruribus
1126 597 1141 626 «
1157 576 1281 650 Papiam
1290 577 1398 650 excipit
1412 579 1520 648 Uputio
1540 579 1681 646 Pisanus,
1696 577 1748 650 qrri
1763 576 1856 646 longe
1880 576 1919 631 tu-

203 667 306 724 1111111
319 666 351 720 in
361 665 464 735 prima
486 666 600 734 littere,
622 671 649 722 et
673 665 876 722 enumerando
888 663 1036 735 pertinpit
1090 661 1152 720 sius
1165 664 1308 722 acmulta
1328 664 1547 722 vocabulorum
1570 669 1598 722 et
1623 665 1724 738 tripos
1747 664 1919 720 accessione

203 756 244 812 ad
259 753 339 811 dunc
353 769 477 811 annum.
492 758 568 810 tneo
583 769 674 827 porro
686 753 846 810 condendo
855 753 1036 810 decennium
1089 751 1150 810 sive
1166 752 1348 811 Glossarium
1364 754 1425 810 sire
1448 753 1661 810 bictionarium
1675 752 1794 809 aucbus
1817 752 1918 810 edidit.

203 843 386 917 insumpisse
413 847 559 900 testantur
580 858 684 899 versus
713 841 859 916 adscripti
885 843 982 916 Papia
1003 842 1034 899 in
1088 841 1172 914 quod
1185 858 1258 899 mss.
1274 841 1305 898 in
1319 841 1509 900 bibliothecis
1531 841 1645 915 passim
1668 841 1826 914 reperitur.
1848 843 1919 896 Nam

204 929 426 1004 aquicinctensi
445 930 495 986 illo
510 930 684 1003 exemplari,
698 935 726 986 et
741 945 759 986 a
773 930 837 986 viro
861 929 1034 986 doctissimo
1088 931 1167 1004 typis
1180 947 1325 988 excusum
1338 947 1399 988 non
1412 935 1498 1005 puto,
1513 931 1596 1004 quod
1613 947 1683 987 cum
1701 947 1752 986 ars
1778 937 1919 1003 typogra-

202 1019 337 1092 mihique
360 1017 542 1075 amicissimo
563 1022 678 1075 toanne
693 1018 860 1076 ltabillonio
884 1018 1033 1091 exscripti,
1087 1020 1177 1093 phica
1204 1020 1325 1077 inventa
1354 1025 1407 1089 est,
1432 1020 1507 1077 illud
1521 1022 1552 1076 in
1566 1019 1674 1076 scholis
1689 1025 1760 1076 tunc
1795 1019 1919 1076 habere-

203 1123 280 1181 quos
293 1107 340 1163 hic
355 1123 521 1181 apponam,
537 1107 589 1163 ubi
602 1108 703 1165 nescio
717 1109 784 1180 quis
807 1107 969 1164 Reinaldns
983 1123 1036 1163 no-
1090 1113 1145 1178 tur,
1162 1110 1244 1182 quod
1260 1112 1405 1166 aloanne
1416 1110 1453 1167 de
1468 1113 1565 1167 lanua
1579 1125 1614 1168 ex
1627 1109 1719 1182 Papia
1731 1113 1761 1165 et
1778 1109 1920 1178 Ugutione

203 1195 455 1268 minatur,aquo
474 1195 522 1253 bic
540 1197 633 1254 codex
656 1213 737 1254 anno
761 1197 868 1255 Christi
895 1195 1035 1253 1113111-
1088 1198 1323 1254 consectemur.
1339 1199 1409 1265 Quis
1425 1199 1479 1256 iste
1493 1197 1709 1269 Ugutioiuerit,
1726 1198 1775 1253 vel
1800 1213 1866 1270 quo
1881 1199 1919 1252 si-

204 1283 332 1356 scriptus
348 1283 412 1340 luit.
1088 1287 1163 1344 xerit
1177 1288 1299 1354 saeculo,
1314 1288 1538 1363 exproelationc
1553 1288 1651 1362 operis
1671 1286 1751 1343 illius
1775 1302 1837 1343 non
1862 1303 1922 1360 per-

1088 1377 1233 1450 cipimus;
1250 1378 1302 1433 scd
1317 1378 1349 1434 id
1362 1379 1509 1434 docemur
1522 1393 1558 1434 ex
1575 1377 1720 1434 Chronico
1735 1393 1796 1432 m··.
1806 1379 1920 1432 Nouan-

1089 1466 1201 1534 tulano,
1218 1467 1304 1537 cujus
1328 1466 1422 1523 verba
1443 1466 1491 1522 hio
1515 1465 1745 1523 describemus:
1770 1466 1834 1521 Per
1863 1467 1919 1520 isc

1088 1560 1222 1624 ternpora
1243 1555 1332 1626 (circa
1347 1571 1374 1612 a.
1392 1557 1473 1626 itai)
1487 1556 1574 1626 Apnc
1592 1555 1710 1625 Uputio,
1727 1555 1853 1610 natione
1878 1555 1921 1609 Pi

1048 1657 1190 1713 psanns,
1205 1645 1359 1713 episcopus
1378 1644 1593 1712 Ferrariensis,
1619 1643 1673 1714 qui
1697 1643 1791 1698 datus
1814 1658 1833 1697 a
1859 1643 1921 1698 sede

1087 1731 1252 1800 apostatica
1267 1731 1427 1801 coadiutor
1444 1731 1547 1787 abbati
1560 1731 1735 1786 monasterii
1759 1730 1920 1786 Nouamu-

1089 1819 1154 1874 tani
1165 1818 1292 1891 prodipc
1307 1819 1429 1888 bomini,
1441 1833 1478 1875 ec
1494 1818 1570 1874 libro
1585 1815 1699 1888 Papia,
1723 1819 1780 1889 qtri
1804 1819 1870 1873 itb'c
1884 1825 1920 1871 est

1090 1909 1199 1964 tibrum
1211 1909 1438 1964 Derivationum
1450 1907 1623 1978 composuit.
1630 1910 1662 1963 ln
1668 1905 1848 1979 praelatione
1857 1921 1922 1961 vero

1087 1993 1246 2051 consilium
1261 1993 1360 2068 operis
1374 1997 1403 2050 et
1417 2009 1529 2050 nomeu
1545 2009 1636 2050 suum
1646 1993 1690 2049 ita
1711 1993 1821 2066 aperit
1844 1993 1921 2063 apuu

1088 2086 1183 2154 ipitur
1194 2085 1299 2142 diuina
1312 2086 1434 2155 fauente
1446 2087 1548 2155 pratia
1558 2098 1738 2153 componere
1750 2087 1919 2139 elmuinus.

1087 2176 1119 2230 in
1132 2190 1190 2244 quo
1201 2189 1266 2244 pres
1294 2175 1374 2244 otiis,
1391 2173 1605 2230 uocabulorum
1623 2173 1870 2243 smntlicationes,
1886 2174 1919 2226 si-

1087 2264 1315 2334 pnificationnm
1343 2263 1557 2330 distinctiones,
1588 2262 1808 2318 &unctionum
1832 2261 1916 2330 empi-

1089 2366 1149 2420 nes,
1166 2353 1415 2422 etpmotopiarum
1461 2352 1671 2422 ssipnctioncs,
1692 2357 1723 2407 et
1746 2351 1917 2420 interprete

203 1428 239 1484 Si
249 1428 380 1484 durante
393 1429 441 1485 die
454 1444 610 1500 nunquam
622 1429 832 1487 tenebresceret
848 1431 937 1498 orbis,

244 1517 360 1573 Visibus
377 1517 516 1575 inmunis
530 1520 619 1574 nnita
635 1521 759 1576 lucana
774 1520 863 1589 foret.

203 1607 255 1662 Sic
268 1607 300 1661 in
315 1607 473 1676 Scriptura
489 1609 542 1678 qui
553 1611 698 1677 prospicit
711 1612 811 1665 omnia
827 1611 919 1677 ctare,

239 1697 307 1752 Non
323 1702 386 1766 epet
402 1697 487 1752 istius
496 1698 704 1753 commoditate
720 1699 800 1753 libri.

203 1782 262 1860 Sed
276 1787 417 1855 quoniam
431 1787 526 1856 qitinis
543 1786 596 1856 qui
609 1789 725 1842 nocuit
740 1787 840 1842 omniu
852 1802 912 1842 non
927 1791 979 1851 est,

240 1875 292 1928 list
307 1875 534 1943 amplectendus
551 1876 686 1931 ornnibus
702 1877 756 1931 iste
772 1877 856 1931 tiber.

203 1961 308 2015 Instar
321 1963 386 2028 apis
400 1962 491 2016 melta
507 1962 632 2017 collecta
648 1963 749 2018 labore
762 1965 895 2019 decenni.

242 2047 365 2104 Cunctis
377 2047 490 2118 Papias
506 2051 563 2105 ista
578 2050 703 2120 tepentia
717 2051 809 2108 dedit.

203 2137 244 2191 At
255 2137 337 2192 cibus
350 2141 382 2191 ut
396 2142 497 2193 noster
509 2139 545 2193 de
557 2138 648 2194 diuite
660 2140 751 2194 ditior
764 2146 848 2208 esset,

241 2225 389 2295 Apposuit
408 2225 491 2281 nobis
508 2226 562 2282 ilas
576 2227 746 2284 Rtuinatdns
762 2243 840 2296 apes.

204 2313 250 2370 Ne
265 2313 322 2368 tali
335 2320 439 2369 nostra
452 2314 612 2371 dulcedine
622 2330 724 2372 menso
737 2321 863 2382 careret,

180 2417 184 2424 ·
240 2403 353 2458 Ectitit
367 2405 431 2472 ejus
446 2405 477 2458 in
494 2405 549 2460 boc
561 2406 696 2474 officiosa
714 2421 831 2462 manus.

205 2493 292 2547 Istud
307 2491 383 2547 trabe
397 2494 525 2562 pradum
539 2509 647 2549 munus
661 2495 815 2562 Satuator,
832 2501 858 2550 et
874 2496 923 2551 itti

239 2581 419 2650 Perpetuam
436 2584 566 2652 requiem
581 2590 732 2652 comparet
747 2584 801 2640 iste
814 2584 909 2640 tabor.

1090 2441 1203 2495 tionum
1214 2441 1403 2510 reperientur
1413 2440 1610 2509 repositiones
1625 2455 1772 2510 :quorum
1783 2441 1919 2509 1911111111-

1089 2529 1131 2584 tia
1146 2529 1295 2584 Latinitas
1310 2529 1495 2584 naturaiiter
1508 2527 1755 2598 bedipaquadam
1767 2527 1915 2582 1111111111

1032 2673 1037 2683 ,
1086 2618 1212 2688 pipritia
1228 2632 1287 2672 non
1298 2618 1447 2672 modicum
1461 2617 1718 2673 coarctatur.Nec
1734 2617 1793 2672 ttoc
1808 2623 1917 2672 tontum

1090 2714 1122 2762 ut
1137 2707 1263 2761 vitream
1279 2706 1449 2762 cenodoxia
1462 2707 1663 2776 frapilitutem
1681 2707 1917 2776 lucrifaciamus,

1089 2795 1254 2863 adimplere
1269 2795 1454 2859 conabimur,
1469 2801 1616 2866 quantum
1627 2801 1659 2849 ut
1684 2795 1820 2850 omnium
1834 2795 1920 2849 scien

1089 2884 1138 2937 tice
1152 2885 1281 2940 litteram
1294 2884 1518 2954 incipitantinm
1531 2885 1697 2939 communis
1719 2883 1790 2939 inde
1804 2884 1919 2938 utilitas

1088 2973 1266 3042 efflorescat.
1283 2973 1345 3029 Nec
1358 2975 1457 3028 minus
1469 2972 1630 3028 descendat
1652 2974 1685 3027 in
1707 2977 1846 3036 mentem,
1870 2987 1919 3026 nos

1088 3061 1118 3115 in
1144 3060 1200 3117 boc
1221 3076 1308 3131 opere
1329 3063 1541 3131 perfectionem
1566 3063 1744 3118 insinuetim
1767 3060 1917 3120 adbibere.

1089 3164 1156 3205 cunr
1166 3149 1197 3205 in
1213 3152 1353 3206 trumonis
1363 3151 1491 3206 nitritad
1503 3165 1633 3221 unpuem
1645 3151 1822 3206 inueniatur
1831 3165 1918 3218 erpo

205 2669 296 2724 Hurrc
310 2675 398 2739 amet,
415 2669 494 2725 bunc
505 2673 630 2741 releuat,
642 2671 697 2727 troc
707 2673 880 2738 delectetur,
904 2679 932 2727 et
956 2687 1036 2728 cinni

239 2758 330 2812 Hunc
343 2758 440 2812 studio
455 2764 661 2829 secreturus,
682 2761 850 2830 Aquicinte,
868 2766 946 2815 tuus.

203 2845 319 2913 Scripti
330 2849 446 2914 tempus
462 2847 560 2912 nubet,
577 2850 630 2918 qui
641 2848 733 2903 dbesu
747 2851 868 2917 copulet
881 2849 968 2904 annis

242 2933 383 2988 Undecies
400 2940 516 2989 centnm
531 2937 721 3004 septunpinta
735 2936 840 2991 tribus.

204 3019 327 3074 Noueris
341 3023 399 3074 ista
416 3020 526 3089 tepens,
542 3023 621 3092 quod
635 3038 694 3092 pro
709 3023 842 3080 mercede
857 3023 967 3080 laboris
1050 3003 1070 3060 C

238 3105 307 3186 lion
319 3121 428 3162 aurum
441 3109 570 3177 scriptor
582 3115 728 3179 postulat,
745 3113 803 3167 irnc
817 3127 944 3181 precem.

203 3194 286 3265 Erpa
298 3210 414 3264 precem
429 3196 529 3264 redde,
546 3201 688 3270 quoniam
695 3201 857 3269 pretiosius
870 3216 956 3268 nstro,

238 3285 266 3340 Ε
613 3291 618 3300 ,
638 3291 643 3301 ,
1090 3239 1187 3308 litum,
1203 3241 1270 3296 ticet
1281 3241 1350 3296 eliis
1361 3241 1396 3296 de
1412 3242 1469 3296 bac
1482 3240 1840 3296 eademretractontibus
1851 3253 1919 3310 qua-

266 3291 294 3340 st
305 3301 395 3354 prece
408 3287 514 3344 deuota
526 3296 695 3358 propitiare
708 3292 813 3346 Deum.

204 3411 304 3466 Exstat
328 3416 428 3467 autem
453 3412 532 3469 istud
554 3413 785 3472 Elementarium
810 3417 909 3489 Papiae
924 3415 974 3472 iol.
1004 3417 1035 3474 in
1085 3431 1242 3484 possumus
1257 3417 1413 3473 excellere.
1428 3417 1507 3473 Nam
1521 3417 1569 3473 tric
1588 3417 1735 3486 paruulus
1754 3415 1919 3472 detectabi-

202 3498 382 3554 membrana
417 3500 448 3555 in
476 3501 656 3559 bibliotheca
688 3509 792 3560 nostra
821 3505 1034 3574 lingduno-Ba-
1087 3507 1140 3558 tur
1153 3505 1286 3574 suavius,
1314 3504 1362 3561 dic
1386 3505 1510 3562 adultus
1539 3504 1653 3560 uberius
1677 3501 1837 3570 1111111111,
1867 3503 1920 3558 dic

1089 3327 1157 3383 darn
1185 3330 1337 3399 sinputari
1355 3330 1551 3406 perfectione,
1577 3327 1660 3384 baud
1683 3329 1798 3398 injmio
1825 3328 1920 3384 cederi
1988 3395 1989 3416 Χ

203 3586 279 3643 tara.
297 3584 373 3640 inter
386 3601 459 3641 mss.
477 3588 599 3644 Codices
612 3591 731 3645 Latinos
747 3607 830 3646 uum.
844 3594 886 3654 11,
904 3590 1035 3648 uthabet
1084 3593 1237 3662 perfectus
1261 3594 1436 3662 affluentius
1453 3593 1664 3649 delectabitur:
1689 3591 1735 3645 liic
1752 3605 1918 3660 damnoso·
1988 3645 1989 3650 ,

204 3670 519 3741 Cataloguslibrorum
535 3676 625 3746 hujus
641 3677 826 3733 bibliothecae
842 3679 938 3734 editus
960 3679 1033 3735 1111ο
1084 3681 1195 3748 pilistce
1216 3682 1362 3751 triuiales,
1379 3683 1427 3737 bic
1449 3681 1604 3738 Didascati
1625 3679 1842 3750 nmdriuioles,
1871 3677 1920 3734 1111

204 3759 555 3829 Lugdunni-Batavorum
582 3768 659 3828 1671,
681 3782 698 3821 a
722 3765 877 3822 petrono
903 3769 1034 3840 Spanhe-
1089 3769 1187 3838 iepnm
1199 3771 1392 3840 professores,
1409 3771 1458 3826 tic
1482 3771 1648 3842 aleonum
1667 3774 1918 3840 perscrutatores,

202 3847 274 3914 mio,
293 3863 362 3920 pag.
382 3852 445 3917 400,
468 3866 559 3922 quem
584 3851 663 3909 vide.
690 3853 848 3926 Scripsisse
872 3855 962 3912 etiam
983 3857 1033 3913 Pa·
1088 3859 1137 3914 tic
1152 3861 1357 3916 Ecclesiarum
1370 3861 1528 3930 proficient
1541 3861 1764 3932 pubematores.
1781 3859 1843 3914 Hic
1855 3875 1919 3928 sup

203 3938 286 4010 piam
306 3937 504 4012 Epistolarum
520 3940 630 3998 librum
646 3942 684 3998 ad
705 3942 847 4010 biversos,
873 3950 1034 4001 auctorest
1083 3949 1217 4017 plebitur
1229 3950 1371 4020 quicquid
1384 3949 1527 4006 bactenus
1539 3950 1671 4007 scientie
1696 3949 1818 4018 defectu
1844 3963 1917 4017 pre-

202 4026 354 4084 lohannes
375 4028 552 4086 Trithemius
575 4030 641 4087 loco
665 4033 764 4089 citato.
789 4033 933 4090 Prwterea
958 4035 1034 4092 Elias
1088 4039 1255 4094 lambrum
1271 4045 1323 4107 est,
1354 4040 1403 4095 nic
1431 4039 1605 4096 eiimubitur
1628 4038 1773 4110 quicquid
1796 4053 1817 4093 n
1834 4039 1918 4106 tortpo

203 4115 359 4170 Putschius
374 4115 476 4183 edidit,
490 4118 565 4175 inter
580 4122 793 4189 grammaticos
806 4127 926 4192 veteres,
940 4125 1032 4198 Explr-
1087 4132 1218 4196 tempore
1229 4129 1310 4184 mata
1324 4135 1503 4198 usurpatum
1517 4134 1568 4184 est.
1586 4129 1622 4184 Si
1635 4129 1702 4200 qun
1716 4133 1835 4200 quierat
1859 4143 1917 4196 cpe
1987 4177 1988 4184 ,

202 4201 335 4257 cationes
361 4210 501 4262 notarum
527 4213 662 4264 veterum
689 4226 725 4264 cs
745 4211 843 4284 Papiae
873 4211 1031 4284 Glossario,
1087 4217 1129 4270 ris
1144 4217 1311 4287 nujusquts
1335 4223 1421 4273 actor
1436 4217 1542 4286 fuerit,
1563 4216 1724 4273 dicendum
1747 4223 1802 4284 est,
1833 4217 1915 4270 Deus.
1987 4215 1988 4236 ¹

202 4303 281 4387 quas
295 4288 327 4343 in
340 4305 412 4346 mss.
429 4293 583 4351 codicibus
602 4313 679 4369 quos
704 4299 804 4356 videre
828 4301 950 4371 contigit
971 4317 1031 4358 non
1045 4349 1067 4402 D
1086 4306 1119 4359 Si
1132 4311 1246 4376 querat
1258 4306 1339 4378 quod
1349 4308 1446 4376 aperis
1462 4305 1552 4376 dttjns
1562 4307 1658 4376 fucrit
1672 4307 1913 4362 instrumentum.

203 4377 415 4435 ammadvertit
449 4382 573 4438 Carolus
601 4387 641 4440 clu
670 4391 779 4457 Gange.
817 4392 929 4446 Prostut
962 4408 1032 4448 vero
1087 4387 1325 4464 respondendum
1345 4401 1387 4452 est
1414 4397 1494 4466 quod
1506 4397 1611 4465 patria
1631 4396 1775 4464 Pisanus,
1800 4395 1916 4448 nomine

202 4465 267 4537 ejus
283 4466 470 4525 Glossarium
485 4471 564 4544 typis
580 4474 693 4530 editum
717 4494 789 4533 cura
816 4481 918 4537 bonini
940 4484 1031 4538 llum·
1086 4484 1232 4554 Huputio,
1255 4486 1343 4555 quasi
1359 4485 1498 4555 liupetic,
1520 4485 1553 4540 id
1575 4489 1627 4552 cst,
1654 4484 1918 4549 semimares

201 4555 290 4628 britii,
307 4557 393 4629 cujus
414 4565 484 4616 sunt
503 4559 566 4617 duo
592 4562 747 4620 volumina
771 4570 811 4624 Ite
833 4569 898 4625 vitis
916 4577 1032 4628 sancto·
1071 4579 1204 4627 ’turrium
1221 4573 1428 4643 presentibus,
1441 4573 1594 4642 sedetiam
1616 4574 1760 4643 futuris:
1783 4575 1831 4630 uei
1856 4573 1919 4627 1111-

201 4657 279 4713 rum,
295 4662 405 4719 nempe
418 4649 543 4705 venetiis
558 4667 638 4708 anno
657 4653 734 4723 11911,
750 4671 853 4712 mense
865 4659 967 4732 Aprili,
984 4661 1032 4717 die
1085 4667 1178 4730 pietro,
1195 4663 1283 4730 qrrasi
1301 4662 1419 4731 Vipilio,
1430 4663 1463 4717 id
1476 4667 1518 4718 est
1529 4664 1627 4720 uirens
1641 4669 1735 4728 tura,
1748 4677 1811 4716 non
1825 4663 1917 4717 solum

200 4749 261 4788 11111.
277 4736 353 4792 Sane
367 4752 427 4792 non
442 4733 505 4795 tant
519 4740 555 4796 de
572 4757 651 4798 novo
666 4743 835 4801 condidisse
858 4763 950 4820 quarn
977 4766 1031 4806 an·
1085 4750 1150 4818 sibi,
1173 4750 1330 4806 sedetiam
1360 4752 1439 4807 aliis.
1468 4751 1538 4821 Ejus
1562 4750 1680 4807 obitum
1697 4749 1779 4806 circa
1805 4766 1918 4806 annum

200 4825 248 4879 tea
263 4828 414 4899 utcunque
429 4825 579 4898 digestum
595 4831 780 4889 Glossarium
795 4850 829 4890 ac
844 4835 1031 4894 elaboratum
1087 4842 1155 4894 1112
1170 4839 1290 4908 conjicit
1305 4839 1445 4907 Ugbellus
1458 4838 1489 4894 in
1503 4839 1652 4911 episcopis
1666 4839 1918 4898 Ferrariensibus,
1986 4897 1987 4912 ¹

199 4913 331 4981 auxisse,
357 4915 422 4988 ipso
451 4916 574 4974 innuere
601 4921 718 4977 videtur
742 4923 771 4979 in
794 4925 968 4997 praelatione
985 4929 1031 4984 liis
1085 4927 1210 4983 euihoec
1233 4928 1270 4983 de
1296 4927 1441 4997 ligatione
1465 4927 1549 4984 haud
1569 4933 1643 4984 nota
1662 4927 1795 4983 luerunt.
1817 4953 1831 4976 1
1855 4928 1918 4982 llere

199 4997 296 5056 verbis
313 5017 319 5055 ε
336 5003 405 5058 darn
418 5019 486 5060 vero
501 5006 537 5062 de
553 5008 644 5078 liujus
656 5013 731 5066 artis
746 5015 865 5069 nonrine
879 5029 938 5070 non
950 5031 1030 5086 prae-
1085 5015 1264 5071 verbotenus
1279 5015 1402 5072 Carolus
1411 5016 1453 5072 du
1465 5019 1581 5086 Fresne,
1595 5016 1739 5073 dominus
1754 5015 1798 5072 du
1810 5019 1918 5086 Gange.

198 5088 420 5147 termittendurn
437 5092 566 5166 uidetur,
579 5097 658 5166 quod
670 5099 788 5168 quidem
802 5103 946 5170 1111111111,
960 5106 1030 5175 quia
1084 5105 1157 5160 locis
1178 5105 1284 5161 citatis.
1310 5105 1438 5162 lleminit
1461 5121 1583 5179 quoque
1610 5107 1705 5180 Papius
1728 5116 1917 5176 grammatici

198 5175 320 5233 1111111
336 5181 513 5249 simpliciter
526 5185 615 5240 cenius
629 5187 755 5244 atterius
770 5191 910 5246 dictionis
923 5195 1031 5250 retine-
1085 5193 1237 5248 Cornelius
1256 5210 1274 5250 a
1293 5193 1446 5264 Beughem
1469 5195 1500 5250 in
1513 5195 1659 5268 opusculo
1672 5196 1713 5250 De
1724 5194 1916 5252 incunabulis

199 5263 249 5320 bat
264 5265 550 5337 interpretationem,
568 5271 752 5331 Glossarium
768 5285 925 5336 uocaretur·
935 5297 946 5336 .·
963 5284 1030 5352 farn
1084 5282 1292 5355 typographia
1304 5283 1397 5338 verbo
1410 5283 1535 5352 Papias,
1555 5283 1808 5356 pag.103,cujus
1834 5286 1916 5338 voce·

197 5366 266 5409 vm
279 5353 511 5427 defibiiwnt'bub
528 5367 556 5416 et
569 5363 731 5419 secundum
754 5369 875 5436 reputas
902 5373 1031 5427 nationi·
1084 5369 1235 5427 bularium
1257 5371 1353 5444 inquit
1372 5371 1553 5444 impressum
1569 5371 1641 5430 olim
1667 5372 1833 5429 Mediolani
1857 5377 1912 5428 1171

199 5439 261 5510 bus,
277 5448 420 5502 sententis
437 5464 562 5520 quoque,
577 5455 605 5507 et
621 5453 723 5508 mattis
736 5455 768 5509 id
782 5471 875 5525 penus
887 5462 1031 5529 superatt—
1083 5459 1192 5523 in-lol.,
1203 5461 1328 5516 venetiis
1342 5461 1488 5528 insulsus
1501 5464 1529 5517 et
1542 5461 1713 5518 1191111101.
1726 5460 1819 5518 illum
1829 5469 1912 5518 nabis

196 5527 278 5597 ditis,
294 5534 386 5590 citius
408 5540 861 5608 atqueaptiuslitementarium
878 5549 1030 5604 Doctrina
1083 5563 1121 5604 ne
1143 5548 1357 5620 lombardum,
1380 5554 1442 5606 arte
1460 5549 1705 5619 grammaticum,
1728 5549 1814 5608 male
1841 5565 1910 5608 com.
1985 5593 1986 5611 .

197 5617 419 5682 erudimentum
448 5627 603 5685 nominari
625 5633 746 5700 poterit.
775 5637 816 5690 lte
839 5636 961 5694 Carolus
988 5637 1029 5694 du
1084 5637 1248 5695 Trithomio
1260 5638 1301 5695 ad
1313 5655 1429 5696 annum
1444 5640 1549 5698 Christi
1564 5642 1631 5696 libb
1646 5639 1794 5698 claruisse
1807 5639 1911 5697 scribit.
