<?xml version="1.0" encoding="UTF-8"?>
<!DOCTYPE html PUBLIC "-//W3C//DTD XHTML 1.0 Transitional//EN"
    "http://www.w3.org/TR/xhtml1/DTD/xhtml1-transitional.dtd">
<html xmlns="http://www.w3.org/1999/xhtml" xml:lang="en" lang="en">
 <head>
  <title>
</title>
<meta http-equiv="Content-Type" content="text/html;charset=utf-8" />
  <meta name='ocr-system' content='tesseract 3.04.00' />
  <meta name='ocr-capabilities' content='ocr_page ocr_carea ocr_par ocr_line ocrx_word'/>
</head>
<body>
  <div class='ocr_page' id='page_1' title='image "./patrologiaecurs127unkngoog_0711.png"; bbox 0 0 3990 6184; ppageno 0'>
   <div class='ocr_carea' id='block_1_1' title="bbox 128 213 1219 272">
    <p class='ocr_par' dir='ltr' id='par_1_1' title="bbox 128 213 1219 272">
     <span class='ocr_line' id='line_1_1' title="bbox 128 213 1219 272; baseline 0 -2"><span class='ocrx_word' id='word_1_1' title='bbox 128 215 192 272; x_wconf 81' lang='grc'><strong>13111</strong></span> <span class='ocrx_word' id='word_1_2' title='bbox 749 213 925 270; x_wconf 81' lang='lat' dir='ltr'>EPISTOLAE</span> <span class='ocrx_word' id='word_1_3' title='bbox 945 214 987 270; x_wconf 86' lang='lat' dir='ltr'><strong>ET</strong></span> <span class='ocrx_word' id='word_1_4' title='bbox 1006 213 1219 270; x_wconf 71' lang='lat' dir='ltr'><strong>blaterare.</strong></span> 
     </span>
    </p>
   </div>
   <div class='ocr_carea' id='block_1_2' title="bbox 114 333 1898 4408">
    <p class='ocr_par' dir='ltr' id='par_1_2' title="bbox 114 333 1898 4408">
     <span class='ocr_line' id='line_1_2' title="bbox 126 333 1837 410; baseline -0.004 -15"><span class='ocrx_word' id='word_1_5' title='bbox 126 338 266 394; x_wconf 89' lang='lat' dir='ltr'><strong>universo</strong></span> <span class='ocrx_word' id='word_1_6' title='bbox 282 334 361 393; x_wconf 93' lang='lat' dir='ltr'><strong>clero</strong></span> <span class='ocrx_word' id='word_1_7' title='bbox 376 335 549 408; x_wconf 89' lang='lat' dir='ltr'><strong>cunctisque</strong></span> <span class='ocrx_word' id='word_1_8' title='bbox 569 336 688 410; x_wconf 89' lang='lat' dir='ltr'><strong>populis</strong></span> <span class='ocrx_word' id='word_1_9' title='bbox 708 341 769 394; x_wconf 91' lang='lat' dir='ltr'><strong>tam</strong></span> <span class='ocrx_word' id='word_1_10' title='bbox 781 337 865 408; x_wconf 89' lang='lat' dir='ltr'><strong>regni</strong></span> <span class='ocrx_word' id='word_1_11' title='bbox 879 339 953 393; x_wconf 84' lang='lat' dir='ltr'><strong>Teu·</strong></span> <span class='ocrx_word' id='word_1_12' title='bbox 969 339 992 392; x_wconf 88' lang='grc' dir='ltr'>Α</span> <span class='ocrx_word' id='word_1_13' title='bbox 1007 336 1151 394; x_wconf 88' lang='lat' dir='ltr'><strong>tutatione</strong></span> <span class='ocrx_word' id='word_1_14' title='bbox 1167 336 1413 410; x_wconf 75' lang='lat' dir='ltr'><strong>praenotavimus,</strong></span> <span class='ocrx_word' id='word_1_15' title='bbox 1423 333 1583 390; x_wconf 90' lang='lat' dir='ltr'><strong>notumhis</strong></span> <span class='ocrx_word' id='word_1_16' title='bbox 1594 334 1697 392; x_wconf 87' lang='lat' dir='ltr'><strong>litteris</strong></span> <span class='ocrx_word' id='word_1_17' title='bbox 1709 333 1837 390; x_wconf 86' lang='lat' dir='ltr'><strong>facimus</strong></span> 
     </span>
     <span class='ocr_line' id='line_1_3' title="bbox 125 423 1838 500; baseline -0.002 -18"><span class='ocrx_word' id='word_1_18' title='bbox 125 427 225 495; x_wconf 91' lang='lat' dir='ltr'><strong>tonici,</strong></span> <span class='ocrx_word' id='word_1_19' title='bbox 249 441 343 500; x_wconf 88' lang='lat' dir='ltr'><strong>quam</strong></span> <span class='ocrx_word' id='word_1_20' title='bbox 359 426 448 481; x_wconf 91' lang='lat' dir='ltr'><strong>etiam</strong></span> <span class='ocrx_word' id='word_1_21' title='bbox 471 439 723 498; x_wconf 87' lang='lat' dir='ltr'><strong>quarumcunque</strong></span> <span class='ocrx_word' id='word_1_22' title='bbox 737 426 894 482; x_wconf 87' lang='lat' dir='ltr'><strong>nationum</strong></span> <span class='ocrx_word' id='word_1_23' title='bbox 909 425 954 482; x_wconf 91' lang='lat' dir='ltr'><strong>vel</strong></span> <span class='ocrx_word' id='word_1_24' title='bbox 1006 425 1226 498; x_wconf 84' lang='lat' dir='ltr'><strong>quidexeare</strong></span> <span class='ocrx_word' id='word_1_25' title='bbox 1242 425 1458 483; x_wconf 83' lang='lat' dir='ltr'><strong>censuerimus.</strong></span> <span class='ocrx_word' id='word_1_26' title='bbox 1476 427 1551 480; x_wconf 89' lang='lat' dir='ltr'><strong>Nam</strong></span> <span class='ocrx_word' id='word_1_27' title='bbox 1576 423 1613 492; x_wconf 79' lang='lat'><strong>(4)</strong></span> <span class='ocrx_word' id='word_1_28' title='bbox 1636 423 1757 480; x_wconf 90' lang='lat' dir='ltr'><strong>collecta</strong></span> <span class='ocrx_word' id='word_1_29' title='bbox 1784 426 1838 480; x_wconf 87' lang='lat' dir='ltr'><strong>Ro·</strong></span> 
     </span>
     <span class='ocr_line' id='line_1_4' title="bbox 123 510 1837 588; baseline -0.002 -18"><span class='ocrx_word' id='word_1_30' title='bbox 123 515 307 586; x_wconf 84' lang='lat' dir='ltr'><strong>linguarum,</strong></span> <span class='ocrx_word' id='word_1_31' title='bbox 323 514 448 571; x_wconf 90' lang='lat' dir='ltr'><strong>salutem</strong></span> <span class='ocrx_word' id='word_1_32' title='bbox 464 513 672 570; x_wconf 83' lang='lat' dir='ltr'><strong>charissimam</strong></span> <span class='ocrx_word' id='word_1_33' title='bbox 688 531 758 571; x_wconf 90' lang='lat' dir='ltr'><strong>eum</strong></span> <span class='ocrx_word' id='word_1_34' title='bbox 773 513 953 571; x_wconf 72' lang='lat' dir='ltr'><strong>henedictio-</strong></span> <span class='ocrx_word' id='word_1_35' title='bbox 1006 515 1089 570; x_wconf 90' lang='lat' dir='ltr'><strong>mani</strong></span> <span class='ocrx_word' id='word_1_36' title='bbox 1105 516 1198 571; x_wconf 87' lang='lat' dir='ltr'><strong>nostri</strong></span> <span class='ocrx_word' id='word_1_37' title='bbox 1211 516 1282 572; x_wconf 89' lang='lat' dir='ltr'><strong>cleri</strong></span> <span class='ocrx_word' id='word_1_38' title='bbox 1298 514 1457 588; x_wconf 87' lang='lat' dir='ltr'><strong>splendida</strong></span> <span class='ocrx_word' id='word_1_39' title='bbox 1472 510 1663 578; x_wconf 77' lang='lat' dir='ltr'><strong>fraternitate,</strong></span> <span class='ocrx_word' id='word_1_40' title='bbox 1680 527 1750 566; x_wconf 89' lang='lat' dir='ltr'><strong>cum</strong></span> <span class='ocrx_word' id='word_1_41' title='bbox 1768 527 1837 584; x_wconf 91' lang='lat' dir='ltr'><strong>par-</strong></span> 
     </span>
     <span class='ocr_line' id='line_1_5' title="bbox 123 595 1837 677; baseline -0.002 -17"><span class='ocrx_word' id='word_1_42' title='bbox 123 619 161 660; x_wconf 92' lang='lat' dir='ltr'><strong>ne</strong></span> <span class='ocrx_word' id='word_1_43' title='bbox 176 603 352 677; x_wconf 87' lang='lat' dir='ltr'><strong>apostolica.</strong></span> <span class='ocrx_word' id='word_1_44' title='bbox 950 595 956 602; x_wconf 86' lang='grc'><strong>’</strong></span> <span class='ocrx_word' id='word_1_45' title='bbox 1006 604 1054 658; x_wconf 86' lang='lat' dir='ltr'><strong>tus</strong></span> <span class='ocrx_word' id='word_1_46' title='bbox 1070 605 1278 660; x_wconf 84' lang='lat' dir='ltr'><strong>sacratissimas</strong></span> <span class='ocrx_word' id='word_1_47' title='bbox 1294 603 1420 674; x_wconf 84' lang='lat' dir='ltr'><strong>Virginis</strong></span> <span class='ocrx_word' id='word_1_48' title='bbox 1435 616 1537 658; x_wconf 89' lang='lat' dir='ltr'><strong>annuo</strong></span> <span class='ocrx_word' id='word_1_49' title='bbox 1552 615 1675 656; x_wconf 89' lang='lat' dir='ltr'><strong>recursu</strong></span> <span class='ocrx_word' id='word_1_50' title='bbox 1689 614 1744 670; x_wconf 89' lang='lat' dir='ltr'><strong>per</strong></span> <span class='ocrx_word' id='word_1_51' title='bbox 1758 600 1837 656; x_wconf 89' lang='lat' dir='ltr'><strong>hunc</strong></span> 
     </span>
     <span class='ocr_line' id='line_1_6' title="bbox 160 687 1839 766; baseline -0.005 -16"><span class='ocrx_word' id='word_1_52' title='bbox 160 693 271 750; x_wconf 76' lang='lat' dir='ltr'><strong>Divinae</strong></span> <span class='ocrx_word' id='word_1_53' title='bbox 287 694 453 766; x_wconf 86' lang='lat' dir='ltr'><strong>majestatis</strong></span> <span class='ocrx_word' id='word_1_54' title='bbox 468 694 676 752; x_wconf 87' lang='lat' dir='ltr'><strong>inenarrabilis</strong></span> <span class='ocrx_word' id='word_1_55' title='bbox 692 693 852 751; x_wconf 88' lang='lat' dir='ltr'><strong>auctoritas</strong></span> <span class='ocrx_word' id='word_1_56' title='bbox 874 708 952 748; x_wconf 91' lang='lat' dir='ltr'><strong>sem·</strong></span> <span class='ocrx_word' id='word_1_57' title='bbox 1006 690 1109 748; x_wconf 67' lang='lat' dir='ltr'><strong>orben</strong></span> <span class='ocrx_word' id='word_1_58' title='bbox 1127 692 1266 761; x_wconf 89' lang='lat' dir='ltr'><strong>radiaret,</strong></span> <span class='ocrx_word' id='word_1_59' title='bbox 1296 691 1436 749; x_wconf 80' lang='lat' dir='ltr'><strong>concordi</strong></span> <span class='ocrx_word' id='word_1_60' title='bbox 1465 689 1678 746; x_wconf 85' lang='lat' dir='ltr'><strong>deliberatione</strong></span> <span class='ocrx_word' id='word_1_61' title='bbox 1702 687 1839 742; x_wconf 87' lang='lat' dir='ltr'><strong>determi-</strong></span> 
     </span>
     <span class='ocr_line' id='line_1_7' title="bbox 123 774 1837 856; baseline -0.005 -19"><span class='ocrx_word' id='word_1_62' title='bbox 123 797 177 856; x_wconf 91' lang='lat' dir='ltr'><strong>per</strong></span> <span class='ocrx_word' id='word_1_63' title='bbox 191 781 404 840; x_wconf 86' lang='lat' dir='ltr'><strong>inenarrabilia</strong></span> <span class='ocrx_word' id='word_1_64' title='bbox 422 782 546 854; x_wconf 91' lang='lat' dir='ltr'><strong>faciens,</strong></span> <span class='ocrx_word' id='word_1_65' title='bbox 561 784 636 840; x_wconf 92' lang='lat' dir='ltr'><strong>sieut</strong></span> <span class='ocrx_word' id='word_1_66' title='bbox 650 783 680 840; x_wconf 97' lang='lat' dir='ltr'><strong>in</strong></span> <span class='ocrx_word' id='word_1_67' title='bbox 696 783 806 840; x_wconf 86' lang='lat' dir='ltr'><strong>sanctis</strong></span> <span class='ocrx_word' id='word_1_68' title='bbox 821 782 882 838; x_wconf 88' lang='lat' dir='ltr'><strong>suis</strong></span> <span class='ocrx_word' id='word_1_69' title='bbox 896 780 950 837; x_wconf 93' lang='lat' dir='ltr'><strong>mi-</strong></span> <span class='ocrx_word' id='word_1_70' title='bbox 1006 780 1159 848; x_wconf 88' lang='lat' dir='ltr'><strong>navimus,</strong></span> <span class='ocrx_word' id='word_1_71' title='bbox 1189 789 1217 839; x_wconf 90' lang='lat' dir='ltr'><strong>et</strong></span> <span class='ocrx_word' id='word_1_72' title='bbox 1244 781 1304 840; x_wconf 87' lang='lat' dir='ltr'><strong>alta</strong></span> <span class='ocrx_word' id='word_1_73' title='bbox 1332 780 1483 837; x_wconf 77' lang='lat' dir='ltr'><strong>sententiis</strong></span> <span class='ocrx_word' id='word_1_74' title='bbox 1505 778 1606 834; x_wconf 88' lang='lat' dir='ltr'><strong>radice</strong></span> <span class='ocrx_word' id='word_1_75' title='bbox 1630 774 1837 844; x_wconf 85' lang='lat' dir='ltr'><strong>fundavimus,</strong></span> 
     </span>
     <span class='ocr_line' id='line_1_8' title="bbox 123 863 1837 946; baseline -0.005 -20"><span class='ocrx_word' id='word_1_76' title='bbox 123 870 225 928; x_wconf 87' lang='lat' dir='ltr'><strong>rabilis</strong></span> <span class='ocrx_word' id='word_1_77' title='bbox 238 871 428 944; x_wconf 78' lang='lat' dir='ltr'><strong>predicatur.</strong></span> <span class='ocrx_word' id='word_1_78' title='bbox 441 871 523 929; x_wconf 88' lang='lat' dir='ltr'><strong>itaet</strong></span> <span class='ocrx_word' id='word_1_79' title='bbox 537 870 952 946; x_wconf 87' lang='lat' dir='ltr'><strong>operibusdeclaratur,dans</strong></span> <span class='ocrx_word' id='word_1_80' title='bbox 1006 867 1147 924; x_wconf 89' lang='lat' dir='ltr'><strong>eumdem</strong></span> <span class='ocrx_word' id='word_1_81' title='bbox 1167 870 1265 926; x_wconf 90' lang='lat' dir='ltr'><strong>virum</strong></span> <span class='ocrx_word' id='word_1_82' title='bbox 1287 869 1338 924; x_wconf 87' lang='lat' dir='ltr'><strong>Dei</strong></span> <span class='ocrx_word' id='word_1_83' title='bbox 1361 869 1542 930; x_wconf 87' lang='lat' dir='ltr'><strong>Simeonem,</strong></span> <span class='ocrx_word' id='word_1_84' title='bbox 1570 881 1662 939; x_wconf 91' lang='lat' dir='ltr'><strong>quem</strong></span> <span class='ocrx_word' id='word_1_85' title='bbox 1693 863 1837 920; x_wconf 84' lang='lat' dir='ltr'><strong>Dominus</strong></span> 
     </span>
     <span class='ocr_line' id='line_1_9' title="bbox 123 953 1837 1030; baseline -0.005 -16"><span class='ocrx_word' id='word_1_86' title='bbox 123 957 166 1014; x_wconf 91' lang='lat' dir='ltr'><strong>eis</strong></span> <span class='ocrx_word' id='word_1_87' title='bbox 194 957 332 1016; x_wconf 90' lang='lat' dir='ltr'><strong>virtutem</strong></span> <span class='ocrx_word' id='word_1_88' title='bbox 356 963 384 1017; x_wconf 92' lang='lat' dir='ltr'><strong>et</strong></span> <span class='ocrx_word' id='word_1_89' title='bbox 405 959 608 1017; x_wconf 88' lang='lat' dir='ltr'><strong>fortitudinem</strong></span> <span class='ocrx_word' id='word_1_90' title='bbox 631 977 735 1018; x_wconf 88' lang='lat' dir='ltr'><strong>curare</strong></span> <span class='ocrx_word' id='word_1_91' title='bbox 750 975 871 1017; x_wconf 90' lang='lat' dir='ltr'><strong>omnem</strong></span> <span class='ocrx_word' id='word_1_92' title='bbox 886 956 951 1014; x_wconf 90' lang='lat' dir='ltr'><strong>lan·</strong></span> <span class='ocrx_word' id='word_1_93' title='bbox 1006 957 1200 1014; x_wconf 87' lang='lat' dir='ltr'><strong>commendat</strong></span> <span class='ocrx_word' id='word_1_94' title='bbox 1214 963 1303 1030; x_wconf 87' lang='lat' dir='ltr'><strong>atque</strong></span> <span class='ocrx_word' id='word_1_95' title='bbox 1319 957 1436 1030; x_wconf 88' lang='lat' dir='ltr'><strong>probat,</strong></span> <span class='ocrx_word' id='word_1_96' title='bbox 1453 953 1669 1025; x_wconf 87' lang='lat' dir='ltr'><strong>significatione</strong></span> <span class='ocrx_word' id='word_1_97' title='bbox 1684 955 1837 1009; x_wconf 90' lang='lat' dir='ltr'><strong>tantarum</strong></span> 
     </span>
     <span class='ocr_line' id='line_1_10' title="bbox 124 1039 1835 1118; baseline -0.005 -16"><span class='ocrx_word' id='word_1_98' title='bbox 124 1061 248 1118; x_wconf 89' lang='lat' dir='ltr'><strong>guorem</strong></span> <span class='ocrx_word' id='word_1_99' title='bbox 261 1051 290 1103; x_wconf 90' lang='lat' dir='ltr'><strong>et</strong></span> <span class='ocrx_word' id='word_1_100' title='bbox 302 1063 425 1105; x_wconf 90' lang='lat' dir='ltr'><strong>omnem</strong></span> <span class='ocrx_word' id='word_1_101' title='bbox 439 1047 652 1105; x_wconf 86' lang='lat' dir='ltr'><strong>infirmitatem.</strong></span> <span class='ocrx_word' id='word_1_102' title='bbox 675 1049 761 1116; x_wconf 87' lang='lat' dir='ltr'><strong>Quod</strong></span> <span class='ocrx_word' id='word_1_103' title='bbox 775 1047 952 1104; x_wconf 87' lang='lat' dir='ltr'><strong>donativum</strong></span> <span class='ocrx_word' id='word_1_104' title='bbox 1006 1046 1148 1102; x_wconf 89' lang='lat' dir='ltr'><strong>virtutum</strong></span> <span class='ocrx_word' id='word_1_105' title='bbox 1165 1047 1329 1103; x_wconf 81' lang='lat' dir='ltr'><strong>sanctitatis</strong></span> <span class='ocrx_word' id='word_1_106' title='bbox 1345 1051 1373 1102; x_wconf 90' lang='lat' dir='ltr'><strong>et</strong></span> <span class='ocrx_word' id='word_1_107' title='bbox 1386 1046 1487 1116; x_wconf 73' lang='lat' dir='ltr'><strong>gratita</strong></span> <span class='ocrx_word' id='word_1_108' title='bbox 1502 1042 1682 1116; x_wconf 87' lang='lat' dir='ltr'><strong>plenum,ab</strong></span> <span class='ocrx_word' id='word_1_109' title='bbox 1692 1039 1835 1098; x_wconf 86' lang='lat' dir='ltr'><strong>omnibus</strong></span> 
     </span>
     <span class='ocr_line' id='line_1_11' title="bbox 123 1129 1835 1210; baseline -0.004 -19"><span class='ocrx_word' id='word_1_110' title='bbox 123 1135 189 1208; x_wconf 91' lang='lat' dir='ltr'><strong>ipse</strong></span> <span class='ocrx_word' id='word_1_111' title='bbox 218 1138 306 1206; x_wconf 82' lang='lat' dir='ltr'><strong>aeus,</strong></span> <span class='ocrx_word' id='word_1_112' title='bbox 338 1136 537 1210; x_wconf 87' lang='lat' dir='ltr'><strong>spiritualium</strong></span> <span class='ocrx_word' id='word_1_113' title='bbox 559 1136 709 1194; x_wconf 88' lang='lat' dir='ltr'><strong>donorum</strong></span> <span class='ocrx_word' id='word_1_114' title='bbox 732 1135 905 1193; x_wconf 88' lang='lat' dir='ltr'><strong>distributor</strong></span> <span class='ocrx_word' id='word_1_115' title='bbox 924 1139 953 1191; x_wconf 90' lang='lat' dir='ltr'><strong>et</strong></span> <span class='ocrx_word' id='word_1_116' title='bbox 1006 1135 1134 1208; x_wconf 88' lang='lat' dir='ltr'><strong>populis,</strong></span> <span class='ocrx_word' id='word_1_117' title='bbox 1152 1136 1290 1192; x_wconf 87' lang='lat' dir='ltr'><strong>tribubus</strong></span> <span class='ocrx_word' id='word_1_118' title='bbox 1306 1141 1334 1192; x_wconf 91' lang='lat' dir='ltr'><strong>et</strong></span> <span class='ocrx_word' id='word_1_119' title='bbox 1346 1134 1457 1205; x_wconf 90' lang='lat' dir='ltr'><strong>linguis</strong></span> <span class='ocrx_word' id='word_1_120' title='bbox 1473 1137 1612 1189; x_wconf 87' lang='lat' dir='ltr'><strong>sanctum</strong></span> <span class='ocrx_word' id='word_1_121' title='bbox 1622 1130 1727 1204; x_wconf 90' lang='lat' dir='ltr'><strong>procul</strong></span> <span class='ocrx_word' id='word_1_122' title='bbox 1742 1129 1835 1186; x_wconf 91' lang='lat' dir='ltr'><strong>dubio</strong></span> 
     </span>
     <span class='ocr_line' id='line_1_12' title="bbox 124 1219 1835 1298; baseline -0.004 -18"><span class='ocrx_word' id='word_1_123' title='bbox 124 1229 227 1281; x_wconf 88' lang='lat' dir='ltr'><strong>auctor</strong></span> <span class='ocrx_word' id='word_1_124' title='bbox 241 1225 385 1282; x_wconf 89' lang='lat' dir='ltr'><strong>militibus</strong></span> <span class='ocrx_word' id='word_1_125' title='bbox 402 1226 473 1293; x_wconf 85' lang='lat' dir='ltr'><strong>suis,</strong></span> <span class='ocrx_word' id='word_1_126' title='bbox 490 1241 621 1298; x_wconf 91' lang='lat' dir='ltr'><strong>quorum</strong></span> <span class='ocrx_word' id='word_1_127' title='bbox 647 1243 707 1283; x_wconf 92' lang='lat' dir='ltr'><strong>non</strong></span> <span class='ocrx_word' id='word_1_128' title='bbox 733 1230 776 1283; x_wconf 90' lang='lat' dir='ltr'><strong>est</strong></span> <span class='ocrx_word' id='word_1_129' title='bbox 796 1241 950 1294; x_wconf 90' lang='lat' dir='ltr'><strong>numerus,</strong></span> <span class='ocrx_word' id='word_1_130' title='bbox 1006 1221 1597 1297; x_wconf 70' lang='lat' dir='ltr'><strong>esseiiominandum,e1&#39;usquenatalem</strong></span> <span class='ocrx_word' id='word_1_131' title='bbox 1611 1219 1835 1290; x_wconf 89' lang='lat' dir='ltr'><strong>singulisannis</strong></span> 
     </span>
     <span class='ocr_line' id='line_1_13' title="bbox 122 1308 1836 1387; baseline -0.004 -19"><span class='ocrx_word' id='word_1_132' title='bbox 122 1311 153 1368; x_wconf 92' lang='lat' dir='ltr'><strong>in</strong></span> <span class='ocrx_word' id='word_1_133' title='bbox 165 1311 222 1368; x_wconf 91' lang='lat' dir='ltr'><strong>hoo</strong></span> <span class='ocrx_word' id='word_1_134' title='bbox 238 1312 329 1369; x_wconf 88' lang='lat' dir='ltr'><strong>etiam</strong></span> <span class='ocrx_word' id='word_1_135' title='bbox 344 1313 460 1370; x_wconf 85' lang='lat' dir='ltr'><strong>mortali</strong></span> <span class='ocrx_word' id='word_1_136' title='bbox 475 1329 610 1386; x_wconf 89' lang='lat' dir='ltr'><strong>corpore,</strong></span> <span class='ocrx_word' id='word_1_137' title='bbox 626 1315 701 1371; x_wconf 91' lang='lat' dir='ltr'><strong>dum</strong></span> <span class='ocrx_word' id='word_1_138' title='bbox 715 1315 746 1371; x_wconf 92' lang='lat' dir='ltr'><strong>in</strong></span> <span class='ocrx_word' id='word_1_139' title='bbox 767 1313 878 1370; x_wconf 71' lang='lat' dir='ltr'><strong>saeculo</strong></span> <span class='ocrx_word' id='word_1_140' title='bbox 901 1312 951 1368; x_wconf 92' lang='lat' dir='ltr'><strong>de·</strong></span> <span class='ocrx_word' id='word_1_141' title='bbox 1005 1318 1206 1370; x_wconf 89' lang='lat' dir='ltr'><strong>recurrentem</strong></span> <span class='ocrx_word' id='word_1_142' title='bbox 1229 1315 1344 1387; x_wconf 87' lang='lat' dir='ltr'><strong>passim</strong></span> <span class='ocrx_word' id='word_1_143' title='bbox 1370 1312 1541 1369; x_wconf 88' lang='lat' dir='ltr'><strong>solemniter</strong></span> <span class='ocrx_word' id='word_1_144' title='bbox 1562 1308 1786 1366; x_wconf 90' lang='lat' dir='ltr'><strong>observandum</strong></span> <span class='ocrx_word' id='word_1_145' title='bbox 1808 1312 1836 1362; x_wconf 89' lang='lat' dir='ltr'><strong>et</strong></span> 
     </span>
     <span class='ocr_line' id='line_1_14' title="bbox 123 1396 1836 1476; baseline -0.003 -20"><span class='ocrx_word' id='word_1_146' title='bbox 123 1407 235 1471; x_wconf 87' lang='lat' dir='ltr'><strong>gerent,</strong></span> <span class='ocrx_word' id='word_1_147' title='bbox 251 1406 410 1475; x_wconf 87' lang='lat' dir='ltr'><strong>propterea</strong></span> <span class='ocrx_word' id='word_1_148' title='bbox 425 1401 581 1470; x_wconf 88' lang='lat' dir='ltr'><strong>concessit,</strong></span> <span class='ocrx_word' id='word_1_149' title='bbox 599 1408 630 1460; x_wconf 92' lang='lat' dir='ltr'><strong>ut</strong></span> <span class='ocrx_word' id='word_1_150' title='bbox 642 1408 670 1460; x_wconf 91' lang='lat' dir='ltr'><strong>et</strong></span> <span class='ocrx_word' id='word_1_151' title='bbox 684 1403 775 1460; x_wconf 90' lang='lat' dir='ltr'><strong>iidem</strong></span> <span class='ocrx_word' id='word_1_152' title='bbox 791 1403 846 1476; x_wconf 90' lang='lat' dir='ltr'><strong>ipsi</strong></span> <span class='ocrx_word' id='word_1_153' title='bbox 861 1416 951 1474; x_wconf 87' lang='lat' dir='ltr'><strong>super</strong></span> <span class='ocrx_word' id='word_1_154' title='bbox 1005 1398 1144 1459; x_wconf 84' lang='lat' dir='ltr'><strong>ferialiter</strong></span> <span class='ocrx_word' id='word_1_155' title='bbox 1157 1402 1373 1459; x_wconf 88' lang='lat' dir='ltr'><strong>celebrandum</strong></span> <span class='ocrx_word' id='word_1_156' title='bbox 1388 1418 1423 1458; x_wconf 85' lang='lat' dir='ltr'><strong>ao</strong></span> <span class='ocrx_word' id='word_1_157' title='bbox 1445 1398 1663 1465; x_wconf 89' lang='lat' dir='ltr'><strong>venerandum,</strong></span> <span class='ocrx_word' id='word_1_158' title='bbox 1689 1396 1836 1452; x_wconf 88' lang='lat' dir='ltr'><strong>adinstar</strong></span> 
     </span>
     <span class='ocr_line' id='line_1_15' title="bbox 124 1485 1835 1566; baseline -0.003 -22"><span class='ocrx_word' id='word_1_159' title='bbox 124 1506 176 1562; x_wconf 90' lang='lat' dir='ltr'><strong>spe</strong></span> <span class='ocrx_word' id='word_1_160' title='bbox 192 1489 298 1548; x_wconf 75' lang='lat' dir='ltr'><strong>futurae</strong></span> <span class='ocrx_word' id='word_1_161' title='bbox 322 1491 523 1548; x_wconf 85' lang='lat' dir='ltr'><strong>retributionis</strong></span> <span class='ocrx_word' id='word_1_162' title='bbox 549 1492 695 1549; x_wconf 85' lang='lat' dir='ltr'><strong>babentes</strong></span> <span class='ocrx_word' id='word_1_163' title='bbox 717 1493 812 1549; x_wconf 88' lang='lat' dir='ltr'><strong>saneti</strong></span> <span class='ocrx_word' id='word_1_164' title='bbox 828 1491 951 1566; x_wconf 85' lang='lat' dir='ltr'><strong>Spiritus</strong></span> <span class='ocrx_word' id='word_1_165' title='bbox 1005 1493 1063 1548; x_wconf 88' lang='lat' dir='ltr'><strong>diei</strong></span> <span class='ocrx_word' id='word_1_166' title='bbox 1077 1493 1141 1548; x_wconf 89' lang='lat' dir='ltr'><strong>festi</strong></span> <span class='ocrx_word' id='word_1_167' title='bbox 1159 1509 1165 1546; x_wconf 91' lang='lat'>:</span> <span class='ocrx_word' id='word_1_168' title='bbox 1182 1509 1293 1548; x_wconf 89' lang='lat' dir='ltr'><strong>nomen</strong></span> <span class='ocrx_word' id='word_1_169' title='bbox 1309 1507 1430 1566; x_wconf 91' lang='lat' dir='ltr'><strong>quoque</strong></span> <span class='ocrx_word' id='word_1_170' title='bbox 1441 1489 1535 1564; x_wconf 90' lang='lat' dir='ltr'><strong>ipsius</strong></span> <span class='ocrx_word' id='word_1_171' title='bbox 1548 1485 1755 1559; x_wconf 86' lang='lat' dir='ltr'><strong>llartyrologio</strong></span> <span class='ocrx_word' id='word_1_172' title='bbox 1765 1501 1835 1540; x_wconf 90' lang='lat' dir='ltr'><strong>cuui</strong></span> 
     </span>
     <span class='ocr_line' id='line_1_16' title="bbox 122 1572 1835 1653; baseline -0.004 -19"><span class='ocrx_word' id='word_1_173' title='bbox 122 1577 209 1635; x_wconf 87' lang='lat' dir='ltr'><strong>fidele</strong></span> <span class='ocrx_word' id='word_1_174' title='bbox 224 1581 343 1653; x_wconf 89' lang='lat' dir='ltr'><strong>pignus,</strong></span> <span class='ocrx_word' id='word_1_175' title='bbox 360 1581 529 1638; x_wconf 85' lang='lat' dir='ltr'><strong>fiducialius</strong></span> <span class='ocrx_word' id='word_1_176' title='bbox 543 1587 571 1637; x_wconf 92' lang='lat' dir='ltr'><strong>et</strong></span> <span class='ocrx_word' id='word_1_177' title='bbox 586 1581 690 1638; x_wconf 91' lang='lat' dir='ltr'><strong>fortius</strong></span> <span class='ocrx_word' id='word_1_178' title='bbox 704 1582 908 1648; x_wconf 86' lang='lat' dir='ltr'><strong>inniterentur,</strong></span> <span class='ocrx_word' id='word_1_179' title='bbox 923 1583 952 1636; x_wconf 92' lang='lat' dir='ltr'><strong>et</strong></span> <span class='ocrx_word' id='word_1_180' title='bbox 1006 1581 1044 1652; x_wconf 76' lang='grc' dir='ltr'><strong>(ὅ)</strong></span> <span class='ocrx_word' id='word_1_181' title='bbox 1059 1581 1209 1636; x_wconf 90' lang='lat' dir='ltr'><strong>sociorum</strong></span> <span class='ocrx_word' id='word_1_182' title='bbox 1225 1580 1398 1637; x_wconf 91' lang='lat' dir='ltr'><strong>nominibus</strong></span> <span class='ocrx_word' id='word_1_183' title='bbox 1413 1595 1468 1636; x_wconf 92' lang='lat' dir='ltr'><strong>suo</strong></span> <span class='ocrx_word' id='word_1_184' title='bbox 1481 1579 1548 1635; x_wconf 91' lang='lat' dir='ltr'><strong>loco</strong></span> <span class='ocrx_word' id='word_1_185' title='bbox 1563 1575 1766 1632; x_wconf 88' lang='lat' dir='ltr'><strong>inserendum.</strong></span> <span class='ocrx_word' id='word_1_186' title='bbox 1783 1572 1835 1630; x_wconf 89' lang='lat' dir='ltr'><strong>Cui</strong></span> 
     </span>
     <span class='ocr_line' id='line_1_17' title="bbox 123 1663 1835 1744; baseline -0.004 -21"><span class='ocrx_word' id='word_1_187' title='bbox 123 1672 235 1737; x_wconf 86' lang='lat' dir='ltr'><strong>gentes.</strong></span> <span class='ocrx_word' id='word_1_188' title='bbox 251 1669 352 1725; x_wconf 91' lang='lat' dir='ltr'><strong>divina</strong></span> <span class='ocrx_word' id='word_1_189' title='bbox 369 1670 509 1742; x_wconf 84' lang='lat' dir='ltr'><strong>mysteria</strong></span> <span class='ocrx_word' id='word_1_190' title='bbox 522 1670 679 1736; x_wconf 88' lang='lat' dir='ltr'><strong>intuentes,</strong></span> <span class='ocrx_word' id='word_1_191' title='bbox 705 1671 786 1727; x_wconf 91' lang='lat' dir='ltr'><strong>omni</strong></span> <span class='ocrx_word' id='word_1_192' title='bbox 812 1668 951 1744; x_wconf 87' lang='lat' dir='ltr'><strong>supersti-</strong></span> <span class='ocrx_word' id='word_1_193' title='bbox 967 1691 986 1744; x_wconf 75' lang='grc' dir='ltr'><strong>Β</strong></span> <span class='ocrx_word' id='word_1_194' title='bbox 1006 1669 1226 1726; x_wconf 74' lang='lat' dir='ltr'><strong>soractense</strong></span> <span class='ocrx_word' id='word_1_195' title='bbox 1240 1670 1330 1726; x_wconf 88' lang='lat' dir='ltr'><strong>etiam</strong></span> <span class='ocrx_word' id='word_1_196' title='bbox 1345 1663 1730 1739; x_wconf 86' lang='lat' dir='ltr'><strong>subdidimus,utquisquis</strong></span> <span class='ocrx_word' id='word_1_197' title='bbox 1745 1663 1835 1733; x_wconf 84' lang='lat' dir='ltr'><strong>hujus</strong></span> 
     </span>
     <span class='ocr_line' id='line_1_18' title="bbox 121 1754 1836 1830; baseline -0.002 -19"><span class='ocrx_word' id='word_1_198' title='bbox 121 1754 201 1812; x_wconf 91' lang='lat' dir='ltr'><strong>tione</strong></span> <span class='ocrx_word' id='word_1_199' title='bbox 213 1758 391 1830; x_wconf 88' lang='lat' dir='ltr'><strong>postposita,</strong></span> <span class='ocrx_word' id='word_1_200' title='bbox 409 1758 446 1813; x_wconf 86' lang='lat' dir='ltr'><strong>ad</strong></span> <span class='ocrx_word' id='word_1_201' title='bbox 461 1759 541 1814; x_wconf 91' lang='lat' dir='ltr'><strong>viam</strong></span> <span class='ocrx_word' id='word_1_202' title='bbox 569 1759 740 1817; x_wconf 71' lang='lat' dir='ltr'><strong>Christianae</strong></span> <span class='ocrx_word' id='word_1_203' title='bbox 765 1759 896 1815; x_wconf 89' lang='lat' dir='ltr'><strong>veritatis</strong></span> <span class='ocrx_word' id='word_1_204' title='bbox 915 1775 951 1815; x_wconf 85' lang='lat' dir='ltr'><strong>ex</strong></span> <span class='ocrx_word' id='word_1_205' title='bbox 1006 1767 1116 1818; x_wconf 77' lang='lat' dir='ltr'><strong>nostrae</strong></span> <span class='ocrx_word' id='word_1_206' title='bbox 1144 1761 1362 1817; x_wconf 88' lang='lat' dir='ltr'><strong>constitutionis</strong></span> <span class='ocrx_word' id='word_1_207' title='bbox 1392 1759 1565 1816; x_wconf 88' lang='lat' dir='ltr'><strong>temerarius</strong></span> <span class='ocrx_word' id='word_1_208' title='bbox 1592 1757 1779 1826; x_wconf 88' lang='lat' dir='ltr'><strong>contemptor</strong></span> <span class='ocrx_word' id='word_1_209' title='bbox 1807 1757 1836 1808; x_wconf 89' lang='lat' dir='ltr'><strong>ct</strong></span> 
     </span>
     <span class='ocr_line' id='line_1_19' title="bbox 121 1841 1836 1922; baseline -0.001 -23"><span class='ocrx_word' id='word_1_210' title='bbox 121 1841 227 1901; x_wconf 91' lang='lat' dir='ltr'><strong>intimo</strong></span> <span class='ocrx_word' id='word_1_211' title='bbox 242 1847 340 1902; x_wconf 89' lang='lat' dir='ltr'><strong>cordis</strong></span> <span class='ocrx_word' id='word_1_212' title='bbox 355 1852 615 1908; x_wconf 87' lang='lat' dir='ltr'><strong>converterentur:</strong></span> <span class='ocrx_word' id='word_1_213' title='bbox 632 1849 706 1905; x_wconf 89' lang='lat' dir='ltr'><strong>alios</strong></span> <span class='ocrx_word' id='word_1_214' title='bbox 727 1864 806 1916; x_wconf 86' lang='lat' dir='ltr'><strong>vero,</strong></span> <span class='ocrx_word' id='word_1_215' title='bbox 821 1863 951 1922; x_wconf 89' lang='lat' dir='ltr'><strong>quorum</strong></span> <span class='ocrx_word' id='word_1_216' title='bbox 1006 1851 1175 1907; x_wconf 91' lang='lat' dir='ltr'><strong>cervicosus</strong></span> <span class='ocrx_word' id='word_1_217' title='bbox 1190 1851 1355 1920; x_wconf 77' lang='lat' dir='ltr'><strong>refragator</strong></span> <span class='ocrx_word' id='word_1_218' title='bbox 1368 1849 1518 1918; x_wconf 83' lang='lat' dir='ltr'><strong>exstiterit,</strong></span> <span class='ocrx_word' id='word_1_219' title='bbox 1542 1847 1641 1920; x_wconf 90' lang='lat' dir='ltr'><strong>primo</strong></span> <span class='ocrx_word' id='word_1_220' title='bbox 1666 1860 1697 1902; x_wconf 88' lang='lat' dir='ltr'><strong>sa</strong></span> <span class='ocrx_word' id='word_1_221' title='bbox 1720 1842 1836 1899; x_wconf 88' lang='lat' dir='ltr'><strong>noverit</strong></span> 
     </span>
     <span class='ocr_line' id='line_1_20' title="bbox 123 1930 1835 2010; baseline -0.001 -23"><span class='ocrx_word' id='word_1_222' title='bbox 123 1932 256 1991; x_wconf 90' lang='lat' dir='ltr'><strong>similiter</strong></span> <span class='ocrx_word' id='word_1_223' title='bbox 281 1935 593 2010; x_wconf 84' lang='lat' dir='ltr'><strong>incomprehensibllis</strong></span> <span class='ocrx_word' id='word_1_224' title='bbox 619 1942 662 1993; x_wconf 89' lang='lat' dir='ltr'><strong>est</strong></span> <span class='ocrx_word' id='word_1_225' title='bbox 684 1937 855 2004; x_wconf 88' lang='lat' dir='ltr'><strong>multitudo,</strong></span> <span class='ocrx_word' id='word_1_226' title='bbox 884 1941 952 2010; x_wconf 90' lang='lat' dir='ltr'><strong>post</strong></span> <span class='ocrx_word' id='word_1_227' title='bbox 1006 1939 1166 1995; x_wconf 85' lang='lat' dir='ltr'><strong>Dominum</strong></span> <span class='ocrx_word' id='word_1_228' title='bbox 1182 1939 1310 2010; x_wconf 88' lang='lat' dir='ltr'><strong>graviter</strong></span> <span class='ocrx_word' id='word_1_229' title='bbox 1322 1937 1484 2004; x_wconf 81' lang='lat' dir='ltr'><strong>offendere,</strong></span> <span class='ocrx_word' id='word_1_230' title='bbox 1510 1935 1619 1993; x_wconf 89' lang='lat' dir='ltr'><strong>deinde</strong></span> <span class='ocrx_word' id='word_1_231' title='bbox 1642 1933 1736 1990; x_wconf 91' lang='lat' dir='ltr'><strong>sancti</strong></span> <span class='ocrx_word' id='word_1_232' title='bbox 1756 1930 1835 1986; x_wconf 90' lang='lat' dir='ltr'><strong>illius</strong></span> 
     </span>
     <span class='ocr_line' id='line_1_21' title="bbox 122 2021 1835 2100; baseline -0.001 -25"><span class='ocrx_word' id='word_1_233' title='bbox 122 2021 239 2078; x_wconf 88' lang='lat' dir='ltr'><strong>vincula</strong></span> <span class='ocrx_word' id='word_1_234' title='bbox 256 2029 370 2080; x_wconf 91' lang='lat' dir='ltr'><strong>tantum</strong></span> <span class='ocrx_word' id='word_1_235' title='bbox 385 2025 494 2092; x_wconf 81' lang='lat' dir='ltr'><strong>earnis,</strong></span> <span class='ocrx_word' id='word_1_236' title='bbox 511 2026 556 2081; x_wconf 81' lang='lat' dir='ltr'><strong>his</strong></span> <span class='ocrx_word' id='word_1_237' title='bbox 570 2025 712 2098; x_wconf 90' lang='lat' dir='ltr'><strong>operibus</strong></span> <span class='ocrx_word' id='word_1_238' title='bbox 734 2027 876 2081; x_wconf 89' lang='lat' dir='ltr'><strong>virtutum</strong></span> <span class='ocrx_word' id='word_1_239' title='bbox 900 2025 951 2081; x_wconf 78' lang='lat' dir='ltr'><strong>do</strong></span> <span class='ocrx_word' id='word_1_240' title='bbox 1004 2028 1181 2100; x_wconf 87' lang='lat' dir='ltr'><strong>patrocinia,</strong></span> <span class='ocrx_word' id='word_1_241' title='bbox 1196 2029 1256 2084; x_wconf 92' lang='lat' dir='ltr'><strong>imo</strong></span> <span class='ocrx_word' id='word_1_242' title='bbox 1271 2028 1409 2084; x_wconf 92' lang='lat' dir='ltr'><strong>omnium</strong></span> <span class='ocrx_word' id='word_1_243' title='bbox 1425 2031 1608 2092; x_wconf 87' lang='lat' dir='ltr'><strong>sanatorum,</strong></span> <span class='ocrx_word' id='word_1_244' title='bbox 1624 2037 1755 2096; x_wconf 90' lang='lat' dir='ltr'><strong>quorum</strong></span> <span class='ocrx_word' id='word_1_245' title='bbox 1767 2035 1835 2076; x_wconf 87' lang='lat' dir='ltr'><strong>con-</strong></span> 
     </span>
     <span class='ocr_line' id='line_1_22' title="bbox 121 2110 1835 2189; baseline -0.001 -25"><span class='ocrx_word' id='word_1_246' title='bbox 121 2110 204 2164; x_wconf 88' lang='lat' dir='ltr'><strong>navit</strong></span> <span class='ocrx_word' id='word_1_247' title='bbox 217 2115 306 2184; x_wconf 89' lang='lat' dir='ltr'><strong>atque</strong></span> <span class='ocrx_word' id='word_1_248' title='bbox 322 2112 536 2184; x_wconf 87' lang='lat' dir='ltr'><strong>magnificavit,</strong></span> <span class='ocrx_word' id='word_1_249' title='bbox 553 2118 594 2186; x_wconf 90' lang='lat' dir='ltr'><strong>ut,</strong></span> <span class='ocrx_word' id='word_1_250' title='bbox 611 2116 763 2188; x_wconf 84' lang='lat' dir='ltr'><strong>corporeis</strong></span> <span class='ocrx_word' id='word_1_251' title='bbox 782 2115 896 2170; x_wconf 85' lang='lat' dir='ltr'><strong>exuviis</strong></span> <span class='ocrx_word' id='word_1_252' title='bbox 919 2115 949 2170; x_wconf 91' lang='lat' dir='ltr'><strong>in</strong></span> <span class='ocrx_word' id='word_1_253' title='bbox 1004 2116 1142 2173; x_wconf 88' lang='lat' dir='ltr'><strong>tubernio</strong></span> <span class='ocrx_word' id='word_1_254' title='bbox 1158 2116 1335 2189; x_wconf 80' lang='lat' dir='ltr'><strong>gratulatur,</strong></span> <span class='ocrx_word' id='word_1_255' title='bbox 1348 2119 1545 2188; x_wconf 86' lang='lat' dir='ltr'><strong>nostramque</strong></span> <span class='ocrx_word' id='word_1_256' title='bbox 1566 2115 1604 2170; x_wconf 89' lang='lat' dir='ltr'><strong>de</strong></span> <span class='ocrx_word' id='word_1_257' title='bbox 1626 2115 1733 2167; x_wconf 81' lang='lat' dir='ltr'><strong>eaetero</strong></span> <span class='ocrx_word' id='word_1_258' title='bbox 1762 2124 1835 2182; x_wconf 90' lang='lat' dir='ltr'><strong>apo-</strong></span> 
     </span>
     <span class='ocr_line' id='line_1_23' title="bbox 121 2197 1845 2272; baseline 0.001 -21"><span class='ocrx_word' id='word_1_259' title='bbox 121 2197 258 2269; x_wconf 90' lang='lat' dir='ltr'><strong>sepulcro</strong></span> <span class='ocrx_word' id='word_1_260' title='bbox 267 2201 381 2272; x_wconf 89' lang='lat' dir='ltr'><strong>positis,</strong></span> <span class='ocrx_word' id='word_1_261' title='bbox 398 2206 426 2257; x_wconf 92' lang='lat' dir='ltr'><strong>et</strong></span> <span class='ocrx_word' id='word_1_262' title='bbox 442 2202 584 2258; x_wconf 90' lang='lat' dir='ltr'><strong>membris</strong></span> <span class='ocrx_word' id='word_1_263' title='bbox 604 2203 635 2259; x_wconf 94' lang='lat' dir='ltr'><strong>in</strong></span> <span class='ocrx_word' id='word_1_264' title='bbox 648 2207 761 2260; x_wconf 89' lang='lat' dir='ltr'><strong>cineres</strong></span> <span class='ocrx_word' id='word_1_265' title='bbox 776 2219 811 2260; x_wconf 88' lang='lat' dir='ltr'><strong>ac</strong></span> <span class='ocrx_word' id='word_1_266' title='bbox 834 2203 950 2261; x_wconf 87' lang='lat' dir='ltr'><strong>favillas</strong></span> <span class='ocrx_word' id='word_1_267' title='bbox 1004 2205 1139 2262; x_wconf 90' lang='lat' dir='ltr'><strong>stolieam</strong></span> <span class='ocrx_word' id='word_1_268' title='bbox 1154 2205 1326 2262; x_wconf 90' lang='lat' dir='ltr'><strong>nullatenus</strong></span> <span class='ocrx_word' id='word_1_269' title='bbox 1342 2204 1451 2260; x_wconf 86' lang='lat' dir='ltr'><strong>debere</strong></span> <span class='ocrx_word' id='word_1_270' title='bbox 1472 2202 1711 2260; x_wconf 85' lang='lat' dir='ltr'><strong>benedictionem</strong></span> <span class='ocrx_word' id='word_1_271' title='bbox 1732 2213 1845 2271; x_wconf 41' lang='lat' dir='ltr'><strong>speram</strong></span> 
     </span>
     <span class='ocr_line' id='line_1_24' title="bbox 120 2285 1834 2365; baseline -0.001 -25"><span class='ocrx_word' id='word_1_272' title='bbox 120 2285 269 2355; x_wconf 90' lang='lat' dir='ltr'><strong>resolutis,</strong></span> <span class='ocrx_word' id='word_1_273' title='bbox 285 2289 479 2347; x_wconf 89' lang='lat' dir='ltr'><strong>sentientibus</strong></span> <span class='ocrx_word' id='word_1_274' title='bbox 496 2294 586 2365; x_wconf 87' lang='lat' dir='ltr'><strong>atque</strong></span> <span class='ocrx_word' id='word_1_275' title='bbox 608 2291 779 2349; x_wconf 88' lang='lat' dir='ltr'><strong>videntibus</strong></span> <span class='ocrx_word' id='word_1_276' title='bbox 800 2293 950 2350; x_wconf 89' lang='lat' dir='ltr'><strong>mirabilia</strong></span> <span class='ocrx_word' id='word_1_277' title='bbox 1003 2309 1052 2361; x_wconf 92' lang='lat' dir='ltr'><strong>re;</strong></span> <span class='ocrx_word' id='word_1_278' title='bbox 1082 2292 1342 2350; x_wconf 87' lang='lat' dir='ltr'><strong>conservatoribus</strong></span> <span class='ocrx_word' id='word_1_279' title='bbox 1368 2308 1404 2349; x_wconf 93' lang='lat' dir='ltr'><strong>ea</strong></span> <span class='ocrx_word' id='word_1_280' title='bbox 1431 2289 1632 2364; x_wconf 90' lang='lat' dir='ltr'><strong>multiplieiter</strong></span> <span class='ocrx_word' id='word_1_281' title='bbox 1656 2285 1775 2342; x_wconf 92' lang='lat' dir='ltr'><strong>donatis</strong></span> <span class='ocrx_word' id='word_1_282' title='bbox 1802 2285 1834 2340; x_wconf 89' lang='lat' dir='ltr'><strong>in</strong></span> 
     </span>
     <span class='ocr_line' id='line_1_25' title="bbox 121 2371 1778 2448; baseline 0 -20"><span class='ocrx_word' id='word_1_283' title='bbox 121 2371 196 2429; x_wconf 87' lang='lat' dir='ltr'><strong>fides</strong></span> <span class='ocrx_word' id='word_1_284' title='bbox 209 2373 408 2434; x_wconf 85' lang='lat' dir='ltr'><strong>inculcaretur</strong></span> <span class='ocrx_word' id='word_1_285' title='bbox 422 2383 452 2435; x_wconf 89' lang='lat' dir='ltr'><strong>et</strong></span> <span class='ocrx_word' id='word_1_286' title='bbox 469 2379 681 2448; x_wconf 86' lang='lat' dir='ltr'><strong>cumularetur,</strong></span> <span class='ocrx_word' id='word_1_287' title='bbox 708 2397 760 2438; x_wconf 92' lang='lat' dir='ltr'><strong>eos</strong></span> <span class='ocrx_word' id='word_1_288' title='bbox 785 2379 843 2436; x_wconf 92' lang='lat' dir='ltr'><strong>illic</strong></span> <span class='ocrx_word' id='word_1_289' title='bbox 858 2380 949 2438; x_wconf 88' lang='lat' dir='ltr'><strong>felici·</strong></span> <span class='ocrx_word' id='word_1_290' title='bbox 1004 2381 1107 2438; x_wconf 88' lang='lat' dir='ltr'><strong>omnia</strong></span> <span class='ocrx_word' id='word_1_291' title='bbox 1120 2381 1231 2438; x_wconf 78' lang='lat' dir='ltr'><strong>secuto</strong></span> <span class='ocrx_word' id='word_1_292' title='bbox 1241 2380 1429 2438; x_wconf 87' lang='lat' dir='ltr'><strong>saeculorum.</strong></span> <span class='ocrx_word' id='word_1_293' title='bbox 1445 2383 1551 2446; x_wconf 81' lang='lat' dir='ltr'><strong>Amen,</strong></span> <span class='ocrx_word' id='word_1_294' title='bbox 1565 2391 1665 2442; x_wconf 89' lang='lat' dir='ltr'><strong>amen,</strong></span> <span class='ocrx_word' id='word_1_295' title='bbox 1678 2389 1778 2431; x_wconf 90' lang='lat' dir='ltr'><strong>amen.</strong></span> 
     </span>
     <span class='ocr_line' id='line_1_26' title="bbox 122 2462 1445 2542; baseline 0.012 -26"><span class='ocrx_word' id='word_1_296' title='bbox 122 2465 164 2517; x_wconf 90' lang='lat' dir='ltr'><strong>ter</strong></span> <span class='ocrx_word' id='word_1_297' title='bbox 177 2462 286 2534; x_wconf 87' lang='lat' dir='ltr'><strong>vivere,</strong></span> <span class='ocrx_word' id='word_1_298' title='bbox 303 2465 354 2520; x_wconf 91' lang='lat' dir='ltr'><strong>uhi</strong></span> <span class='ocrx_word' id='word_1_299' title='bbox 368 2482 440 2523; x_wconf 89' lang='lat' dir='ltr'><strong>vera</strong></span> <span class='ocrx_word' id='word_1_300' title='bbox 453 2471 496 2524; x_wconf 88' lang='lat' dir='ltr'><strong>est</strong></span> <span class='ocrx_word' id='word_1_301' title='bbox 515 2471 544 2524; x_wconf 90' lang='lat' dir='ltr'><strong>et</strong></span> <span class='ocrx_word' id='word_1_302' title='bbox 564 2473 675 2525; x_wconf 87' lang='lat' dir='ltr'><strong>aeterna</strong></span> <span class='ocrx_word' id='word_1_303' title='bbox 698 2469 769 2537; x_wconf 90' lang='lat' dir='ltr'><strong>vita,</strong></span> <span class='ocrx_word' id='word_1_304' title='bbox 793 2469 833 2527; x_wconf 89' lang='lat' dir='ltr'><strong>ad</strong></span> <span class='ocrx_word' id='word_1_305' title='bbox 855 2485 949 2542; x_wconf 89' lang='lat' dir='ltr'><strong>quam</strong></span> <span class='ocrx_word' id='word_1_306' title='bbox 1390 2467 1445 2523; x_wconf 86' lang='lat' dir='ltr'><strong>Vll·</strong></span> 
     </span>
     <span class='ocr_line' id='line_1_27' title="bbox 121 2549 1833 2630; baseline 0.001 -25"><span class='ocrx_word' id='word_1_307' title='bbox 121 2549 244 2621; x_wconf 92' lang='lat' dir='ltr'><strong>nemini,</strong></span> <span class='ocrx_word' id='word_1_308' title='bbox 259 2553 400 2610; x_wconf 88' lang='lat' dir='ltr'><strong>accedere</strong></span> <span class='ocrx_word' id='word_1_309' title='bbox 415 2554 492 2625; x_wconf 89' lang='lat' dir='ltr'><strong>licet,</strong></span> <span class='ocrx_word' id='word_1_310' title='bbox 507 2556 564 2612; x_wconf 91' lang='lat' dir='ltr'><strong>nisi</strong></span> <span class='ocrx_word' id='word_1_311' title='bbox 577 2557 644 2613; x_wconf 86' lang='lat' dir='ltr'><strong>vitae</strong></span> <span class='ocrx_word' id='word_1_312' title='bbox 668 2557 841 2630; x_wconf 90' lang='lat' dir='ltr'><strong>temporalis</strong></span> <span class='ocrx_word' id='word_1_313' title='bbox 867 2557 948 2615; x_wconf 91' lang='lat' dir='ltr'><strong>oble·</strong></span> <span class='ocrx_word' id='word_1_314' title='bbox 1004 2558 1182 2614; x_wconf 78' lang='lat' dir='ltr'><strong>Beiedfctus</strong></span> <span class='ocrx_word' id='word_1_315' title='bbox 1197 2558 1241 2614; x_wconf 85' lang='lat' dir='ltr'><strong>IX</strong></span> <span class='ocrx_word' id='word_1_316' title='bbox 1253 2559 1285 2613; x_wconf 79' lang='lat' dir='ltr'><strong>iu</strong></span> <span class='ocrx_word' id='word_1_317' title='bbox 1297 2555 1648 2627; x_wconf 76' lang='lat' dir='ltr'><strong>synodopatitarcfiatus</strong></span> <span class='ocrx_word' id='word_1_318' title='bbox 1671 2551 1833 2610; x_wconf 68' lang='lat' dir='ltr'><strong>Gradena</strong></span> 
     </span>
     <span class='ocr_line' id='line_1_28' title="bbox 121 2643 1834 2720; baseline 0.001 -26"><span class='ocrx_word' id='word_1_319' title='bbox 121 2643 270 2697; x_wconf 89' lang='lat' dir='ltr'><strong>ctamenta</strong></span> <span class='ocrx_word' id='word_1_320' title='bbox 294 2657 414 2708; x_wconf 82' lang='lat' dir='ltr'><strong>exosus,</strong></span> <span class='ocrx_word' id='word_1_321' title='bbox 444 2644 482 2701; x_wconf 87' lang='lat' dir='ltr'><strong>ad</strong></span> <span class='ocrx_word' id='word_1_322' title='bbox 507 2643 589 2701; x_wconf 91' lang='lat' dir='ltr'><strong>illam</strong></span> <span class='ocrx_word' id='word_1_323' title='bbox 613 2651 674 2702; x_wconf 90' lang='lat' dir='ltr'><strong>tcta</strong></span> <span class='ocrx_word' id='word_1_324' title='bbox 699 2661 818 2720; x_wconf 91' lang='lat' dir='ltr'><strong>semper</strong></span> <span class='ocrx_word' id='word_1_325' title='bbox 842 2647 950 2705; x_wconf 90' lang='lat' dir='ltr'><strong>mentis</strong></span> <span class='ocrx_word' id='word_1_326' title='bbox 1039 2649 1242 2718; x_wconf 66' lang='lat' dir='ltr'><strong>iutegritatem</strong></span> <span class='ocrx_word' id='word_1_327' title='bbox 1272 2647 1496 2718; x_wconf 74' lang='lat' dir='ltr'><strong>libertatemque</strong></span> <span class='ocrx_word' id='word_1_328' title='bbox 1524 2647 1692 2714; x_wconf 77' lang='lat' dir='ltr'><strong>confirmat,</strong></span> <span class='ocrx_word' id='word_1_329' title='bbox 1723 2643 1834 2698; x_wconf 85' lang='lat' dir='ltr'><strong>Ursone</strong></span> 
     </span>
     <span class='ocr_line' id='line_1_29' title="bbox 121 2726 1833 2811; baseline 0.002 -29"><span class='ocrx_word' id='word_1_330' title='bbox 121 2726 283 2785; x_wconf 88' lang='lat' dir='ltr'><strong>intentione</strong></span> <span class='ocrx_word' id='word_1_331' title='bbox 296 2732 433 2804; x_wconf 89' lang='lat' dir='ltr'><strong>suspiret,</strong></span> <span class='ocrx_word' id='word_1_332' title='bbox 450 2733 473 2788; x_wconf 92' lang='lat' dir='ltr'><strong>si</strong></span> <span class='ocrx_word' id='word_1_333' title='bbox 489 2734 614 2806; x_wconf 90' lang='lat' dir='ltr'><strong>quando</strong></span> <span class='ocrx_word' id='word_1_334' title='bbox 638 2740 787 2791; x_wconf 91' lang='lat' dir='ltr'><strong>mereatur</strong></span> <span class='ocrx_word' id='word_1_335' title='bbox 808 2736 846 2792; x_wconf 95' lang='lat' dir='ltr'><strong>de</strong></span> <span class='ocrx_word' id='word_1_336' title='bbox 866 2753 949 2811; x_wconf 91' lang='lat' dir='ltr'><strong>pere·</strong></span> <span class='ocrx_word' id='word_1_337' title='bbox 1037 2737 1217 2809; x_wconf 62' lang='lat' dir='ltr'><strong>patriarcba</strong></span> <span class='ocrx_word' id='word_1_338' title='bbox 1240 2743 1268 2794; x_wconf 89' lang='lat' dir='ltr'><strong>et</strong></span> <span class='ocrx_word' id='word_1_339' title='bbox 1297 2737 1452 2792; x_wconf 82' lang='lat' dir='ltr'><strong>Dominico</strong></span> <span class='ocrx_word' id='word_1_340' title='bbox 1478 2737 1646 2793; x_wconf 83' lang='lat' dir='ltr'><strong>Contureuo</strong></span> <span class='ocrx_word' id='word_1_341' title='bbox 1662 2732 1833 2802; x_wconf 71' lang='lat' dir='ltr'><strong>populoque</strong></span> 
     </span>
     <span class='ocr_line' id='line_1_30' title="bbox 120 2815 1538 2902; baseline 0.008 -32"><span class='ocrx_word' id='word_1_342' title='bbox 120 2815 287 2885; x_wconf 90' lang='lat' dir='ltr'><strong>grinatione</strong></span> <span class='ocrx_word' id='word_1_343' title='bbox 302 2819 341 2875; x_wconf 87' lang='lat' dir='ltr'><strong>ad</strong></span> <span class='ocrx_word' id='word_1_344' title='bbox 356 2821 495 2893; x_wconf 89' lang='lat' dir='ltr'><strong>patriani,</strong></span> <span class='ocrx_word' id='word_1_345' title='bbox 511 2823 548 2878; x_wconf 93' lang='lat' dir='ltr'><strong>de</strong></span> <span class='ocrx_word' id='word_1_346' title='bbox 564 2823 667 2880; x_wconf 78' lang='lat' dir='ltr'><strong>exsilio</strong></span> <span class='ocrx_word' id='word_1_347' title='bbox 680 2824 718 2880; x_wconf 88' lang='lat' dir='ltr'><strong>ad</strong></span> <span class='ocrx_word' id='word_1_348' title='bbox 732 2825 949 2897; x_wconf 90' lang='lat' dir='ltr'><strong>postliminium</strong></span> <span class='ocrx_word' id='word_1_349' title='bbox 1045 2829 1220 2902; x_wconf 68' lang='lat' dir='ltr'><strong>venerario·</strong></span> <span class='ocrx_word' id='word_1_350' title='bbox 1235 2823 1347 2897; x_wconf 78' lang='lat' dir='ltr'><strong>legatos</strong></span> <span class='ocrx_word' id='word_1_351' title='bbox 1360 2825 1538 2895; x_wconf 82' lang='lat' dir='ltr'><strong>petentibus.</strong></span> 
     </span>
     <span class='ocr_line' id='line_1_31' title="bbox 120 2906 1520 2987; baseline 0.009 -28"><span class='ocrx_word' id='word_1_352' title='bbox 120 2906 262 2962; x_wconf 89' lang='lat' dir='ltr'><strong>revocari.</strong></span> <span class='ocrx_word' id='word_1_353' title='bbox 280 2908 370 2979; x_wconf 88' lang='lat' dir='ltr'><strong>Igitur</strong></span> <span class='ocrx_word' id='word_1_354' title='bbox 384 2910 529 2983; x_wconf 89' lang='lat' dir='ltr'><strong>quoniam</strong></span> <span class='ocrx_word' id='word_1_355' title='bbox 545 2912 657 2969; x_wconf 88' lang='lat' dir='ltr'><strong>crebris</strong></span> <span class='ocrx_word' id='word_1_356' title='bbox 684 2915 859 2971; x_wconf 91' lang='lat' dir='ltr'><strong>nuntiorum</strong></span> <span class='ocrx_word' id='word_1_357' title='bbox 874 2915 948 2972; x_wconf 87' lang='lat' dir='ltr'><strong>iiidi-</strong></span> <span class='ocrx_word' id='word_1_358' title='bbox 1316 2916 1414 2982; x_wconf 83' lang='lat' dir='ltr'><strong>(Auno</strong></span> <span class='ocrx_word' id='word_1_359' title='bbox 1432 2917 1520 2987; x_wconf 75' lang='lat' dir='ltr'><strong>iuti).</strong></span> 
     </span>
     <span class='ocr_line' id='line_1_32' title="bbox 119 2991 1621 3094; baseline 0.008 -47"><span class='ocrx_word' id='word_1_360' title='bbox 119 2991 181 3064; x_wconf 90' lang='lat' dir='ltr'><strong>ciis,</strong></span> <span class='ocrx_word' id='word_1_361' title='bbox 210 2994 380 3070; x_wconf 89' lang='lat' dir='ltr'><strong>crebrisque</strong></span> <span class='ocrx_word' id='word_1_362' title='bbox 400 2996 564 3056; x_wconf 89' lang='lat' dir='ltr'><strong>litterarum</strong></span> <span class='ocrx_word' id='word_1_363' title='bbox 584 3001 818 3074; x_wconf 87' lang='lat' dir='ltr'><strong>characteribus,</strong></span> <span class='ocrx_word' id='word_1_364' title='bbox 835 3003 983 3094; x_wconf 65' lang='lat' dir='ltr'><strong>elamore</strong></span> <span class='ocrx_word' id='word_1_365' title='bbox 1214 3005 1451 3076; x_wconf 70' lang='lat' dir='ltr'><strong>[heleutherii.</strong></span> <span class='ocrx_word' id='word_1_366' title='bbox 1468 3008 1532 3077; x_wconf 87' lang='lat' dir='ltr'><strong>iiix,</strong></span> <span class='ocrx_word' id='word_1_367' title='bbox 1549 3005 1621 3076; x_wconf 76' lang='lat'><strong>6051.</strong></span> 
     </span>
     <span class='ocr_line' id='line_1_33' title="bbox 119 3088 1830 3166; baseline 0.005 -29"><span class='ocrx_word' id='word_1_368' title='bbox 119 3096 248 3152; x_wconf 91' lang='lat' dir='ltr'><strong>magnus</strong></span> <span class='ocrx_word' id='word_1_369' title='bbox 263 3088 458 3161; x_wconf 86' lang='lat' dir='ltr'><strong>strepensque</strong></span> <span class='ocrx_word' id='word_1_370' title='bbox 474 3104 577 3145; x_wconf 92' lang='lat' dir='ltr'><strong>rumor</strong></span> <span class='ocrx_word' id='word_1_371' title='bbox 590 3105 625 3145; x_wconf 86' lang='lat' dir='ltr'><strong>ex</strong></span> <span class='ocrx_word' id='word_1_372' title='bbox 648 3089 835 3147; x_wconf 90' lang='lat' dir='ltr'><strong>Trevirorum</strong></span> <span class='ocrx_word' id='word_1_373' title='bbox 859 3092 948 3165; x_wconf 88' lang='lat' dir='ltr'><strong>parti-</strong></span> <span class='ocrx_word' id='word_1_374' title='bbox 1040 3095 1210 3150; x_wconf 86' lang='lat' dir='ltr'><strong>Bsueoicrus</strong></span> <span class='ocrx_word' id='word_1_375' title='bbox 1223 3094 1392 3166; x_wconf 89' lang='lat' dir='ltr'><strong>episcopus,</strong></span> <span class='ocrx_word' id='word_1_376' title='bbox 1409 3109 1514 3150; x_wconf 85' lang='lat' dir='ltr'><strong>servus</strong></span> <span class='ocrx_word' id='word_1_377' title='bbox 1530 3108 1684 3150; x_wconf 87' lang='lat' dir='ltr'><strong>servorum</strong></span> <span class='ocrx_word' id='word_1_378' title='bbox 1697 3090 1758 3148; x_wconf 83' lang='lat' dir='ltr'><strong>liei.</strong></span> <span class='ocrx_word' id='word_1_379' title='bbox 1776 3092 1830 3146; x_wconf 86' lang='lat' dir='ltr'><strong>Un-</strong></span> 
     </span>
     <span class='ocr_line' id='line_1_34' title="bbox 117 3168 1832 3256; baseline 0.006 -32"><span class='ocrx_word' id='word_1_380' title='bbox 117 3168 175 3225; x_wconf 90' lang='lat' dir='ltr'><strong>bus</strong></span> <span class='ocrx_word' id='word_1_381' title='bbox 190 3187 286 3246; x_wconf 89' lang='lat' dir='ltr'><strong>usque</strong></span> <span class='ocrx_word' id='word_1_382' title='bbox 301 3177 427 3233; x_wconf 85' lang='lat' dir='ltr'><strong>ftomam</strong></span> <span class='ocrx_word' id='word_1_383' title='bbox 441 3177 480 3233; x_wconf 90' lang='lat' dir='ltr'><strong>ad</strong></span> <span class='ocrx_word' id='word_1_384' title='bbox 494 3193 561 3244; x_wconf 79' lang='lat' dir='ltr'><strong>noe,</strong></span> <span class='ocrx_word' id='word_1_385' title='bbox 575 3179 700 3252; x_wconf 91' lang='lat' dir='ltr'><strong>jamque</strong></span> <span class='ocrx_word' id='word_1_386' title='bbox 715 3181 804 3237; x_wconf 90' lang='lat' dir='ltr'><strong>etiam</strong></span> <span class='ocrx_word' id='word_1_387' title='bbox 825 3181 949 3237; x_wconf 89' lang='lat' dir='ltr'><strong>ulterius</strong></span> <span class='ocrx_word' id='word_1_388' title='bbox 1004 3181 1223 3240; x_wconf 87' lang='lat' dir='ltr'><strong>souiGradensi</strong></span> <span class='ocrx_word' id='word_1_389' title='bbox 1250 3182 1427 3256; x_wconf 73' lang='lat' dir='ltr'><strong>patriarche</strong></span> <span class='ocrx_word' id='word_1_390' title='bbox 1452 3188 1629 3256; x_wconf 88' lang='lat' dir='ltr'><strong>perpetuam</strong></span> <span class='ocrx_word' id='word_1_391' title='bbox 1650 3181 1681 3236; x_wconf 93' lang='lat' dir='ltr'><strong>in</strong></span> <span class='ocrx_word' id='word_1_392' title='bbox 1704 3179 1832 3236; x_wconf 85' lang='lat' dir='ltr'><strong>Domino</strong></span> 
     </span>
     <span class='ocr_line' id='line_1_35' title="bbox 118 3260 1350 3339; baseline 0.011 -25"><span class='ocrx_word' id='word_1_393' title='bbox 118 3260 294 3330; x_wconf 92' lang='lat' dir='ltr'><strong>pervolavit,</strong></span> <span class='ocrx_word' id='word_1_394' title='bbox 310 3279 375 3320; x_wconf 88' lang='lat' dir='ltr'><strong>esse</strong></span> <span class='ocrx_word' id='word_1_395' title='bbox 390 3265 464 3322; x_wconf 91' lang='lat' dir='ltr'><strong>inihi</strong></span> <span class='ocrx_word' id='word_1_396' title='bbox 476 3267 528 3322; x_wconf 88' lang='lat' dir='ltr'><strong>viri</strong></span> <span class='ocrx_word' id='word_1_397' title='bbox 545 3268 705 3339; x_wconf 89' lang='lat' dir='ltr'><strong>cujusdam</strong></span> <span class='ocrx_word' id='word_1_398' title='bbox 730 3268 875 3327; x_wconf 90' lang='lat' dir='ltr'><strong>Simeonis</strong></span> <span class='ocrx_word' id='word_1_399' title='bbox 897 3268 949 3326; x_wconf 89' lang='lat' dir='ltr'><strong>ad·</strong></span> <span class='ocrx_word' id='word_1_400' title='bbox 1002 3275 1070 3329; x_wconf 85' lang='lat' dir='ltr'><strong>lesu</strong></span> <span class='ocrx_word' id='word_1_401' title='bbox 1086 3272 1199 3329; x_wconf 87' lang='lat' dir='ltr'><strong>Christo</strong></span> <span class='ocrx_word' id='word_1_402' title='bbox 1214 3271 1350 3328; x_wconf 90' lang='lat' dir='ltr'><strong>salutem.</strong></span> 
     </span>
     <span class='ocr_line' id='line_1_36' title="bbox 118 3349 1831 3435; baseline 0.006 -32"><span class='ocrx_word' id='word_1_403' title='bbox 118 3349 255 3406; x_wconf 87' lang='lat' dir='ltr'><strong>mirabile</strong></span> <span class='ocrx_word' id='word_1_404' title='bbox 269 3353 390 3426; x_wconf 80' lang='lat' dir='ltr'><strong>corpus,</strong></span> <span class='ocrx_word' id='word_1_405' title='bbox 409 3353 502 3424; x_wconf 90' lang='lat' dir='ltr'><strong>signis</strong></span> <span class='ocrx_word' id='word_1_406' title='bbox 514 3361 541 3412; x_wconf 92' lang='lat' dir='ltr'><strong>et</strong></span> <span class='ocrx_word' id='word_1_407' title='bbox 557 3356 711 3429; x_wconf 90' lang='lat' dir='ltr'><strong>prodigiis,</strong></span> <span class='ocrx_word' id='word_1_408' title='bbox 738 3357 896 3414; x_wconf 84' lang='lat' dir='ltr'><strong>virtutibus</strong></span> <span class='ocrx_word' id='word_1_409' title='bbox 921 3362 950 3415; x_wconf 90' lang='lat' dir='ltr'><strong>et</strong></span> <span class='ocrx_word' id='word_1_410' title='bbox 1040 3362 1120 3418; x_wconf 90' lang='lat' dir='ltr'><strong>Sicut</strong></span> <span class='ocrx_word' id='word_1_411' title='bbox 1133 3360 1297 3435; x_wconf 90' lang='lat' dir='ltr'><strong>plurimum</strong></span> <span class='ocrx_word' id='word_1_412' title='bbox 1311 3361 1481 3431; x_wconf 88' lang='lat' dir='ltr'><strong>gaudemus</strong></span> <span class='ocrx_word' id='word_1_413' title='bbox 1495 3361 1526 3418; x_wconf 94' lang='lat' dir='ltr'><strong>in</strong></span> <span class='ocrx_word' id='word_1_414' title='bbox 1542 3361 1678 3428; x_wconf 83' lang='lat' dir='ltr'><strong>Domino,</strong></span> <span class='ocrx_word' id='word_1_415' title='bbox 1693 3358 1764 3414; x_wconf 92' lang='lat' dir='ltr'><strong>etin</strong></span> <span class='ocrx_word' id='word_1_416' title='bbox 1779 3357 1831 3414; x_wconf 92' lang='lat' dir='ltr'><strong>do-</strong></span> 
     </span>
     <span class='ocr_line' id='line_1_37' title="bbox 117 3437 1832 3522; baseline 0.005 -30"><span class='ocrx_word' id='word_1_417' title='bbox 117 3437 268 3496; x_wconf 89' lang='lat' dir='ltr'><strong>miraculis</strong></span> <span class='ocrx_word' id='word_1_418' title='bbox 282 3440 414 3509; x_wconf 88' lang='lat' dir='ltr'><strong>radians,</strong></span> <span class='ocrx_word' id='word_1_419' title='bbox 427 3447 459 3499; x_wconf 89' lang='lat' dir='ltr'><strong>ut</strong></span> <span class='ocrx_word' id='word_1_420' title='bbox 473 3445 517 3500; x_wconf 89' lang='lat' dir='ltr'><strong>sol</strong></span> <span class='ocrx_word' id='word_1_421' title='bbox 532 3445 656 3502; x_wconf 91' lang='lat' dir='ltr'><strong>meridie</strong></span> <span class='ocrx_word' id='word_1_422' title='bbox 670 3462 776 3502; x_wconf 89' lang='lat' dir='ltr'><strong>sereno</strong></span> <span class='ocrx_word' id='word_1_423' title='bbox 794 3463 861 3503; x_wconf 88' lang='lat' dir='ltr'><strong>aere</strong></span> <span class='ocrx_word' id='word_1_424' title='bbox 875 3466 882 3516; x_wconf 89' lang='lat'>;</span> <span class='ocrx_word' id='word_1_425' title='bbox 895 3452 949 3504; x_wconf 91' lang='lat' dir='ltr'><strong>ter-</strong></span> <span class='ocrx_word' id='word_1_426' title='bbox 1002 3466 1042 3507; x_wconf 94' lang='lat' dir='ltr'><strong>no</strong></span> <span class='ocrx_word' id='word_1_427' title='bbox 1055 3450 1155 3521; x_wconf 85' lang='lat' dir='ltr'><strong>gratias</strong></span> <span class='ocrx_word' id='word_1_428' title='bbox 1170 3449 1263 3522; x_wconf 90' lang='lat' dir='ltr'><strong>ipsius</strong></span> <span class='ocrx_word' id='word_1_429' title='bbox 1279 3450 1452 3522; x_wconf 90' lang='lat' dir='ltr'><strong>gloriamur,</strong></span> <span class='ocrx_word' id='word_1_430' title='bbox 1468 3451 1492 3506; x_wconf 91' lang='lat' dir='ltr'><strong>si</strong></span> <span class='ocrx_word' id='word_1_431' title='bbox 1503 3454 1607 3506; x_wconf 91' lang='lat' dir='ltr'><strong>sancta</strong></span> <span class='ocrx_word' id='word_1_432' title='bbox 1626 3445 1755 3504; x_wconf 85' lang='lat' dir='ltr'><strong>Ecclesia</strong></span> <span class='ocrx_word' id='word_1_433' title='bbox 1778 3461 1832 3518; x_wconf 93' lang='lat' dir='ltr'><strong>per</strong></span> 
     </span>
     <span class='ocr_line' id='line_1_38' title="bbox 118 3527 1831 3612; baseline 0.006 -33"><span class='ocrx_word' id='word_1_434' title='bbox 118 3541 184 3580; x_wconf 88' lang='lat' dir='ltr'><strong>ram</strong></span> <span class='ocrx_word' id='word_1_435' title='bbox 199 3527 326 3584; x_wconf 90' lang='lat' dir='ltr'><strong>strictius</strong></span> <span class='ocrx_word' id='word_1_436' title='bbox 341 3530 477 3598; x_wconf 89' lang='lat' dir='ltr'><strong>osculati,</strong></span> <span class='ocrx_word' id='word_1_437' title='bbox 497 3533 655 3589; x_wconf 80' lang='lat' dir='ltr'><strong>hominurn</strong></span> <span class='ocrx_word' id='word_1_438' title='bbox 667 3533 876 3592; x_wconf 81' lang='lat' dir='ltr'><strong>benediximus</strong></span> <span class='ocrx_word' id='word_1_439' title='bbox 888 3541 948 3593; x_wconf 86' lang='lat' dir='ltr'><strong>toto</strong></span> <span class='ocrx_word' id='word_1_440' title='bbox 1001 3539 1083 3596; x_wconf 87' lang='lat' dir='ltr'><strong>bona</strong></span> <span class='ocrx_word' id='word_1_441' title='bbox 1096 3553 1188 3612; x_wconf 90' lang='lat' dir='ltr'><strong>opera</strong></span> <span class='ocrx_word' id='word_1_442' title='bbox 1203 3539 1306 3594; x_wconf 89' lang='lat' dir='ltr'><strong>crescit</strong></span> <span class='ocrx_word' id='word_1_443' title='bbox 1321 3538 1482 3608; x_wconf 88' lang='lat' dir='ltr'><strong>magnifice</strong></span> <span class='ocrx_word' id='word_1_444' title='bbox 1504 3543 1533 3596; x_wconf 92' lang='lat' dir='ltr'><strong>et</strong></span> <span class='ocrx_word' id='word_1_445' title='bbox 1547 3537 1689 3594; x_wconf 86' lang='lat' dir='ltr'><strong>dilatatur</strong></span> <span class='ocrx_word' id='word_1_446' title='bbox 1711 3533 1831 3607; x_wconf 90' lang='lat' dir='ltr'><strong>amplis-</strong></span> 
     </span>
     <span class='ocr_line' id='line_1_39' title="bbox 118 3614 1831 3698; baseline 0.005 -29"><span class='ocrx_word' id='word_1_447' title='bbox 118 3614 218 3686; x_wconf 87' lang='lat' dir='ltr'><strong>corde,</strong></span> <span class='ocrx_word' id='word_1_448' title='bbox 234 3621 296 3673; x_wconf 90' lang='lat' dir='ltr'><strong>tota</strong></span> <span class='ocrx_word' id='word_1_449' title='bbox 310 3623 417 3688; x_wconf 90' lang='lat' dir='ltr'><strong>mente,</strong></span> <span class='ocrx_word' id='word_1_450' title='bbox 435 3620 502 3676; x_wconf 89' lang='lat' dir='ltr'><strong>totis</strong></span> <span class='ocrx_word' id='word_1_451' title='bbox 527 3621 653 3692; x_wconf 90' lang='lat' dir='ltr'><strong>viribus,</strong></span> <span class='ocrx_word' id='word_1_452' title='bbox 675 3623 728 3696; x_wconf 92' lang='lat' dir='ltr'><strong>qui</strong></span> <span class='ocrx_word' id='word_1_453' title='bbox 748 3625 856 3680; x_wconf 87' lang='lat' dir='ltr'><strong>nostris</strong></span> <span class='ocrx_word' id='word_1_454' title='bbox 876 3629 948 3681; x_wconf 88' lang='lat' dir='ltr'><strong>tem-</strong></span> <span class='ocrx_word' id='word_1_455' title='bbox 1002 3629 1086 3696; x_wconf 88' lang='lat' dir='ltr'><strong>sime,</strong></span> <span class='ocrx_word' id='word_1_456' title='bbox 1099 3628 1140 3684; x_wconf 91' lang='lat' dir='ltr'><strong>ita</strong></span> <span class='ocrx_word' id='word_1_457' title='bbox 1155 3627 1283 3684; x_wconf 88' lang='lat' dir='ltr'><strong>nimium</strong></span> <span class='ocrx_word' id='word_1_458' title='bbox 1299 3627 1451 3698; x_wconf 85' lang='lat' dir='ltr'><strong>affigimur</strong></span> <span class='ocrx_word' id='word_1_459' title='bbox 1465 3633 1494 3686; x_wconf 89' lang='lat' dir='ltr'><strong>et</strong></span> <span class='ocrx_word' id='word_1_460' title='bbox 1509 3627 1687 3685; x_wconf 83' lang='lat' dir='ltr'><strong>triliulamur</strong></span> <span class='ocrx_word' id='word_1_461' title='bbox 1710 3624 1747 3680; x_wconf 92' lang='lat' dir='ltr'><strong>de</strong></span> <span class='ocrx_word' id='word_1_462' title='bbox 1766 3623 1831 3696; x_wconf 88' lang='lat' dir='ltr'><strong>ejus</strong></span> 
     </span>
     <span class='ocr_line' id='line_1_40' title="bbox 118 3703 1831 3791; baseline 0.006 -33"><span class='ocrx_word' id='word_1_463' title='bbox 118 3703 243 3774; x_wconf 91' lang='lat' dir='ltr'><strong>poribus</strong></span> <span class='ocrx_word' id='word_1_464' title='bbox 266 3705 435 3778; x_wconf 87' lang='lat' dir='ltr'><strong>dignanter,</strong></span> <span class='ocrx_word' id='word_1_465' title='bbox 465 3709 542 3766; x_wconf 87' lang='lat' dir='ltr'><strong>intra</strong></span> <span class='ocrx_word' id='word_1_466' title='bbox 568 3717 703 3768; x_wconf 88' lang='lat' dir='ltr'><strong>sanctam</strong></span> <span class='ocrx_word' id='word_1_467' title='bbox 728 3729 818 3770; x_wconf 89' lang='lat' dir='ltr'><strong>suuni</strong></span> <span class='ocrx_word' id='word_1_468' title='bbox 838 3731 947 3788; x_wconf 88' lang='lat' dir='ltr'><strong>corpus</strong></span> <span class='ocrx_word' id='word_1_469' title='bbox 1000 3717 1207 3791; x_wconf 89' lang='lat' dir='ltr'><strong>oppressione,</strong></span> <span class='ocrx_word' id='word_1_470' title='bbox 1224 3732 1419 3790; x_wconf 87' lang='lat' dir='ltr'><strong>superquam</strong></span> <span class='ocrx_word' id='word_1_471' title='bbox 1442 3717 1557 3774; x_wconf 90' lang='lat' dir='ltr'><strong>orebior</strong></span> <span class='ocrx_word' id='word_1_472' title='bbox 1580 3714 1831 3772; x_wconf 84' lang='lat' dir='ltr'><strong>lamentationum</strong></span> 
     </span>
     <span class='ocr_line' id='line_1_41' title="bbox 117 3791 1898 3879; baseline 0.004 -32"><span class='ocrx_word' id='word_1_473' title='bbox 117 3791 291 3865; x_wconf 82' lang='lat' dir='ltr'><strong>Ecclesiam,</strong></span> <span class='ocrx_word' id='word_1_474' title='bbox 307 3796 365 3852; x_wconf 89' lang='lat' dir='ltr'><strong>hoo</strong></span> <span class='ocrx_word' id='word_1_475' title='bbox 379 3798 564 3870; x_wconf 71' lang='lat' dir='ltr'><strong>precipuum</strong></span> <span class='ocrx_word' id='word_1_476' title='bbox 580 3801 751 3857; x_wconf 89' lang='lat' dir='ltr'><strong>membrum</strong></span> <span class='ocrx_word' id='word_1_477' title='bbox 776 3802 879 3859; x_wconf 92' lang='lat' dir='ltr'><strong>divino</strong></span> <span class='ocrx_word' id='word_1_478' title='bbox 904 3803 947 3859; x_wconf 88' lang='lat' dir='ltr'><strong>lu·</strong></span> <span class='ocrx_word' id='word_1_479' title='bbox 1001 3821 1099 3862; x_wconf 90' lang='lat' dir='ltr'><strong>sermo</strong></span> <span class='ocrx_word' id='word_1_480' title='bbox 1113 3806 1245 3879; x_wconf 89' lang='lat' dir='ltr'><strong>perlatus</strong></span> <span class='ocrx_word' id='word_1_481' title='bbox 1260 3810 1314 3862; x_wconf 90' lang='lat' dir='ltr'><strong>est.</strong></span> <span class='ocrx_word' id='word_1_482' title='bbox 1332 3809 1395 3862; x_wconf 89' lang='lat' dir='ltr'><strong>Non</strong></span> <span class='ocrx_word' id='word_1_483' title='bbox 1404 3809 1577 3879; x_wconf 91' lang='lat' dir='ltr'><strong>oportuerat</strong></span> <span class='ocrx_word' id='word_1_484' title='bbox 1586 3798 1830 3876; x_wconf 88' lang='lat' dir='ltr'><strong>quidemabillis</strong></span> <span class='ocrx_word' id='word_1_485' title='bbox 1895 3830 1898 3834; x_wconf 93' lang='lat'>·</span> 
     </span>
     <span class='ocr_line' id='line_1_42' title="bbox 117 3881 1830 3967; baseline 0.002 -30"><span class='ocrx_word' id='word_1_486' title='bbox 117 3881 197 3938; x_wconf 90' lang='lat' dir='ltr'><strong>mine</strong></span> <span class='ocrx_word' id='word_1_487' title='bbox 211 3883 356 3954; x_wconf 88' lang='lat' dir='ltr'><strong>accendit,</strong></span> <span class='ocrx_word' id='word_1_488' title='bbox 373 3889 404 3941; x_wconf 91' lang='lat' dir='ltr'><strong>ut</strong></span> <span class='ocrx_word' id='word_1_489' title='bbox 419 3885 455 3943; x_wconf 89' lang='lat' dir='ltr'><strong>sit</strong></span> <span class='ocrx_word' id='word_1_490' title='bbox 467 3886 590 3942; x_wconf 88' lang='lat' dir='ltr'><strong>lucerna</strong></span> <span class='ocrx_word' id='word_1_491' title='bbox 604 3888 726 3956; x_wconf 89' lang='lat' dir='ltr'><strong>ardens,</strong></span> <span class='ocrx_word' id='word_1_492' title='bbox 741 3890 839 3962; x_wconf 88' lang='lat' dir='ltr'><strong>posita</strong></span> <span class='ocrx_word' id='word_1_493' title='bbox 858 3906 947 3963; x_wconf 88' lang='lat' dir='ltr'><strong>super</strong></span> <span class='ocrx_word' id='word_1_494' title='bbox 999 3893 1110 3967; x_wconf 89' lang='lat' dir='ltr'><strong>quibus</strong></span> <span class='ocrx_word' id='word_1_495' title='bbox 1124 3893 1283 3949; x_wconf 89' lang='lat' dir='ltr'><strong>sustentari</strong></span> <span class='ocrx_word' id='word_1_496' title='bbox 1298 3897 1387 3964; x_wconf 84' lang='lat' dir='ltr'><strong>atque</strong></span> <span class='ocrx_word' id='word_1_497' title='bbox 1402 3891 1544 3948; x_wconf 86' lang='lat' dir='ltr'><strong>honorari</strong></span> <span class='ocrx_word' id='word_1_498' title='bbox 1558 3890 1712 3954; x_wconf 89' lang='lat' dir='ltr'><strong>debuerat,</strong></span> <span class='ocrx_word' id='word_1_499' title='bbox 1742 3887 1830 3944; x_wconf 72' lang='lat' dir='ltr'><strong>mutis</strong></span> 
     </span>
     <span class='ocr_line' id='line_1_43' title="bbox 116 3970 1829 4055; baseline 0.002 -29"><span class='ocrx_word' id='word_1_500' title='bbox 116 3970 343 4040; x_wconf 88' lang='lat' dir='ltr'><strong>candelabrum,</strong></span> <span class='ocrx_word' id='word_1_501' title='bbox 370 3991 437 4047; x_wconf 87' lang='lat' dir='ltr'><strong>qnae</strong></span> <span class='ocrx_word' id='word_1_502' title='bbox 463 3975 562 4033; x_wconf 90' lang='lat' dir='ltr'><strong>luceat</strong></span> <span class='ocrx_word' id='word_1_503' title='bbox 589 3977 733 4034; x_wconf 89' lang='lat' dir='ltr'><strong>omnibus</strong></span> <span class='ocrx_word' id='word_1_504' title='bbox 757 3979 894 4051; x_wconf 90' lang='lat' dir='ltr'><strong>quisunt</strong></span> <span class='ocrx_word' id='word_1_505' title='bbox 915 3980 946 4036; x_wconf 93' lang='lat' dir='ltr'><strong>in</strong></span> <span class='ocrx_word' id='word_1_506' title='bbox 1000 3998 1067 4038; x_wconf 88' lang='lat' dir='ltr'><strong>eam</strong></span> <span class='ocrx_word' id='word_1_507' title='bbox 1082 3980 1329 4055; x_wconf 88' lang='lat' dir='ltr'><strong>oppressionibus</strong></span> <span class='ocrx_word' id='word_1_508' title='bbox 1344 3975 1829 4051; x_wconf 87' lang='lat' dir='ltr'><strong>concuti;ideoqueneoessarium</strong></span> 
     </span>
     <span class='ocr_line' id='line_1_44' title="bbox 115 4060 1829 4141; baseline 0.002 -26"><span class='ocrx_word' id='word_1_509' title='bbox 115 4060 207 4116; x_wconf 92' lang='lat' dir='ltr'><strong>domo</strong></span> <span class='ocrx_word' id='word_1_510' title='bbox 223 4063 340 4119; x_wconf 85' lang='lat' dir='ltr'><strong>tlomini</strong></span> <span class='ocrx_word' id='word_1_511' title='bbox 355 4065 405 4135; x_wconf 85' lang='lat' dir='ltr'><strong>(3t.</strong></span> <span class='ocrx_word' id='word_1_512' title='bbox 430 4068 531 4138; x_wconf 87' lang='lat' dir='ltr'><strong>ltaque</strong></span> <span class='ocrx_word' id='word_1_513' title='bbox 547 4067 683 4124; x_wconf 88' lang='lat' dir='ltr'><strong>conventi</strong></span> <span class='ocrx_word' id='word_1_514' title='bbox 699 4071 789 4140; x_wconf 89' lang='lat' dir='ltr'><strong>atque</strong></span> <span class='ocrx_word' id='word_1_515' title='bbox 804 4068 947 4141; x_wconf 88' lang='lat' dir='ltr'><strong>pulsatia</strong></span> <span class='ocrx_word' id='word_1_516' title='bbox 1000 4074 1044 4126; x_wconf 92' lang='lat' dir='ltr'><strong>est</strong></span> <span class='ocrx_word' id='word_1_517' title='bbox 1058 4073 1099 4136; x_wconf 86' lang='lat' dir='ltr'><strong>ut,</strong></span> <span class='ocrx_word' id='word_1_518' title='bbox 1116 4069 1237 4125; x_wconf 90' lang='lat' dir='ltr'><strong>remotis</strong></span> <span class='ocrx_word' id='word_1_519' title='bbox 1256 4067 1360 4124; x_wconf 91' lang='lat' dir='ltr'><strong>talium</strong></span> <span class='ocrx_word' id='word_1_520' title='bbox 1389 4065 1692 4137; x_wconf 88' lang='lat' dir='ltr'><strong>tergiversationibus,</strong></span> <span class='ocrx_word' id='word_1_521' title='bbox 1719 4063 1829 4138; x_wconf 90' lang='lat' dir='ltr'><strong>quibus</strong></span> 
     </span>
     <span class='ocr_line' id='line_1_45' title="bbox 114 4149 1830 4228; baseline 0.003 -23"><span class='ocrx_word' id='word_1_522' title='bbox 114 4149 291 4208; x_wconf 90' lang='lat' dir='ltr'><strong>charissimo</strong></span> <span class='ocrx_word' id='word_1_523' title='bbox 304 4153 392 4209; x_wconf 90' lang='lat' dir='ltr'><strong>fratre</strong></span> <span class='ocrx_word' id='word_1_524' title='bbox 405 4160 507 4212; x_wconf 91' lang='lat' dir='ltr'><strong>nostro</strong></span> <span class='ocrx_word' id='word_1_525' title='bbox 523 4157 553 4212; x_wconf 82' lang='lat' dir='ltr'><strong>[t.</strong></span> <span class='ocrx_word' id='word_1_526' title='bbox 571 4157 715 4228; x_wconf 87' lang='lat' dir='ltr'><strong>Poppone</strong></span> <span class='ocrx_word' id='word_1_527' title='bbox 726 4157 862 4228; x_wconf 89' lang='lat' dir='ltr'><strong>ejusdem</strong></span> <span class='ocrx_word' id='word_1_528' title='bbox 874 4156 945 4213; x_wconf 87' lang='lat' dir='ltr'><strong>Tre-</strong></span> <span class='ocrx_word' id='word_1_529' title='bbox 997 4175 1150 4216; x_wconf 74' lang='lat' dir='ltr'><strong>venenosa</strong></span> <span class='ocrx_word' id='word_1_530' title='bbox 1162 4157 1276 4214; x_wconf 86' lang='lat' dir='ltr'><strong>malitia</strong></span> <span class='ocrx_word' id='word_1_531' title='bbox 1290 4157 1415 4213; x_wconf 91' lang='lat' dir='ltr'><strong>revelari</strong></span> <span class='ocrx_word' id='word_1_532' title='bbox 1430 4161 1459 4213; x_wconf 89' lang='lat' dir='ltr'><strong>et</strong></span> <span class='ocrx_word' id='word_1_533' title='bbox 1479 4155 1636 4214; x_wconf 87' lang='lat' dir='ltr'><strong>obscurari</strong></span> <span class='ocrx_word' id='word_1_534' title='bbox 1659 4153 1778 4211; x_wconf 87' lang='lat' dir='ltr'><strong>bouitas</strong></span> <span class='ocrx_word' id='word_1_535' title='bbox 1800 4159 1830 4210; x_wconf 92' lang='lat' dir='ltr'><strong>et</strong></span> 
     </span>
     <span class='ocr_line' id='line_1_46' title="bbox 115 4240 1830 4318; baseline -0.001 -22"><span class='ocrx_word' id='word_1_536' title='bbox 115 4240 184 4296; x_wconf 90' lang='lat' dir='ltr'><strong>viris</strong></span> <span class='ocrx_word' id='word_1_537' title='bbox 200 4241 436 4317; x_wconf 84' lang='lat' dir='ltr'><strong>archiepiscopo,</strong></span> <span class='ocrx_word' id='word_1_538' title='bbox 454 4249 495 4312; x_wconf 87' lang='lat' dir='ltr'><strong>ut,</strong></span> <span class='ocrx_word' id='word_1_539' title='bbox 509 4246 592 4318; x_wconf 91' lang='lat' dir='ltr'><strong>quod</strong></span> <span class='ocrx_word' id='word_1_540' title='bbox 606 4246 694 4302; x_wconf 92' lang='lat' dir='ltr'><strong>nobis</strong></span> <span class='ocrx_word' id='word_1_541' title='bbox 720 4247 819 4304; x_wconf 89' lang='lat' dir='ltr'><strong>visum</strong></span> <span class='ocrx_word' id='word_1_542' title='bbox 844 4247 946 4304; x_wconf 88' lang='lat' dir='ltr'><strong>fuisset</strong></span> <span class='ocrx_word' id='word_1_543' title='bbox 999 4247 1106 4303; x_wconf 87' lang='lat' dir='ltr'><strong>veritas</strong></span> <span class='ocrx_word' id='word_1_544' title='bbox 1124 4245 1207 4314; x_wconf 89' lang='lat' dir='ltr'><strong>solet,</strong></span> <span class='ocrx_word' id='word_1_545' title='bbox 1224 4244 1441 4302; x_wconf 89' lang='lat' dir='ltr'><strong>adminiculum</strong></span> <span class='ocrx_word' id='word_1_546' title='bbox 1458 4259 1520 4302; x_wconf 90' lang='lat' dir='ltr'><strong>non</strong></span> <span class='ocrx_word' id='word_1_547' title='bbox 1540 4243 1694 4300; x_wconf 89' lang='lat' dir='ltr'><strong>modicum</strong></span> <span class='ocrx_word' id='word_1_548' title='bbox 1716 4241 1830 4298; x_wconf 88' lang='lat' dir='ltr'><strong>lamen·</strong></span> 
     </span>
     <span class='ocr_line' id='line_1_47' title="bbox 115 4328 1829 4408; baseline 0.002 -25"><span class='ocrx_word' id='word_1_549' title='bbox 115 4328 152 4384; x_wconf 92' lang='lat' dir='ltr'><strong>de</strong></span> <span class='ocrx_word' id='word_1_550' title='bbox 167 4329 366 4388; x_wconf 87' lang='lat' dir='ltr'><strong>celebratione</strong></span> <span class='ocrx_word' id='word_1_551' title='bbox 381 4331 518 4402; x_wconf 83' lang='lat' dir='ltr'><strong>ejusdem</strong></span> <span class='ocrx_word' id='word_1_552' title='bbox 539 4334 716 4391; x_wconf 88' lang='lat' dir='ltr'><strong>sanctissimi</strong></span> <span class='ocrx_word' id='word_1_553' title='bbox 744 4336 809 4404; x_wconf 91' lang='lat' dir='ltr'><strong>viri,</strong></span> <span class='ocrx_word' id='word_1_554' title='bbox 832 4335 946 4393; x_wconf 89' lang='lat' dir='ltr'><strong>salubri</strong></span> <span class='ocrx_word' id='word_1_555' title='bbox 999 4335 1131 4394; x_wconf 83' lang='lat' dir='ltr'><strong>tentibus</strong></span> <span class='ocrx_word' id='word_1_556' title='bbox 1142 4335 1221 4406; x_wconf 90' lang='lat' dir='ltr'><strong>juste</strong></span> <span class='ocrx_word' id='word_1_557' title='bbox 1234 4334 1434 4408; x_wconf 87' lang='lat' dir='ltr'><strong>impendatur,</strong></span> <span class='ocrx_word' id='word_1_558' title='bbox 1452 4337 1542 4408; x_wconf 89' lang='lat' dir='ltr'><strong>atque</strong></span> <span class='ocrx_word' id='word_1_559' title='bbox 1556 4333 1595 4390; x_wconf 84' lang='lat' dir='ltr'><strong>ab</strong></span> <span class='ocrx_word' id='word_1_560' title='bbox 1609 4329 1775 4406; x_wconf 89' lang='lat' dir='ltr'><strong>apostolica</strong></span> <span class='ocrx_word' id='word_1_561' title='bbox 1785 4344 1829 4386; x_wconf 90' lang='lat' dir='ltr'><strong>se·</strong></span> 
     </span>
    </p>
   </div>
   <div class='ocr_carea' id='block_1_3' title="bbox 1 4394 1829 4586">
    <p class='ocr_par' dir='ltr' id='par_1_3' title="bbox 1 4394 1829 4586">
     <span class='ocr_line' id='line_1_48' title="bbox 1 4394 1829 4496; baseline -0.002 -22"><span class='ocrx_word' id='word_1_562' title='bbox 1 4481 2 4486; x_wconf 41' lang='lat'><strong>.</strong></span> <span class='ocrx_word' id='word_1_563' title='bbox 115 4419 288 4477; x_wconf 86' lang='lat' dir='ltr'><strong>definitione</strong></span> <span class='ocrx_word' id='word_1_564' title='bbox 301 4425 411 4478; x_wconf 76' lang='lat' dir='ltr'><strong>nostra</strong></span> <span class='ocrx_word' id='word_1_565' title='bbox 434 4423 606 4495; x_wconf 81' lang='lat' dir='ltr'><strong>apostolicos</strong></span> <span class='ocrx_word' id='word_1_566' title='bbox 630 4425 814 4482; x_wconf 90' lang='lat' dir='ltr'><strong>auctoritatis</strong></span> <span class='ocrx_word' id='word_1_567' title='bbox 839 4431 946 4483; x_wconf 91' lang='lat' dir='ltr'><strong>statue·</strong></span> <span class='ocrx_word' id='word_1_568' title='bbox 961 4394 984 4449; x_wconf 65' lang='grc' dir='ltr'>Β</span> <span class='ocrx_word' id='word_1_569' title='bbox 999 4425 1036 4482; x_wconf 86' lang='lat' dir='ltr'><strong>de</strong></span> <span class='ocrx_word' id='word_1_570' title='bbox 1051 4423 1239 4494; x_wconf 81' lang='lat' dir='ltr'><strong>suffragetur,</strong></span> <span class='ocrx_word' id='word_1_571' title='bbox 1256 4439 1333 4496; x_wconf 92' lang='lat' dir='ltr'><strong>quos</strong></span> <span class='ocrx_word' id='word_1_572' title='bbox 1348 4439 1402 4496; x_wconf 91' lang='lat' dir='ltr'><strong>per</strong></span> <span class='ocrx_word' id='word_1_573' title='bbox 1417 4423 1552 4480; x_wconf 92' lang='lat' dir='ltr'><strong>divinam</strong></span> <span class='ocrx_word' id='word_1_574' title='bbox 1573 4422 1701 4494; x_wconf 90' lang='lat' dir='ltr'><strong>gratiam</strong></span> <span class='ocrx_word' id='word_1_575' title='bbox 1721 4415 1829 4476; x_wconf 89' lang='lat' dir='ltr'><strong>Christi</strong></span> 
     </span>
     <span class='ocr_line' id='line_1_49' title="bbox 1 4505 1827 4586; baseline -0.002 -23"><span class='ocrx_word' id='word_1_576' title='bbox 1 4567 4 4578; x_wconf 54' lang='lat'><strong>,</strong></span> <span class='ocrx_word' id='word_1_577' title='bbox 114 4522 216 4564; x_wconf 91' lang='lat' dir='ltr'><strong>remus</strong></span> <span class='ocrx_word' id='word_1_578' title='bbox 232 4513 321 4583; x_wconf 89' lang='lat' dir='ltr'><strong>atque</strong></span> <span class='ocrx_word' id='word_1_579' title='bbox 336 4509 748 4582; x_wconf 82' lang='lat' dir='ltr'><strong>decerneremus30mnibus‚</strong></span> <span class='ocrx_word' id='word_1_580' title='bbox 764 4529 842 4586; x_wconf 90' lang='lat' dir='ltr'><strong>quos</strong></span> <span class='ocrx_word' id='word_1_581' title='bbox 856 4515 888 4571; x_wconf 94' lang='lat' dir='ltr'><strong>in</strong></span> <span class='ocrx_word' id='word_1_582' title='bbox 901 4531 946 4572; x_wconf 87' lang='lat' dir='ltr'><strong>sa·</strong></span> <span class='ocrx_word' id='word_1_583' title='bbox 999 4513 1109 4572; x_wconf 85' lang='lat' dir='ltr'><strong>auxiiio</strong></span> <span class='ocrx_word' id='word_1_584' title='bbox 1121 4513 1248 4584; x_wconf 88' lang='lat' dir='ltr'><strong>dignum</strong></span> <span class='ocrx_word' id='word_1_585' title='bbox 1262 4517 1308 4570; x_wconf 90' lang='lat' dir='ltr'><strong>est</strong></span> <span class='ocrx_word' id='word_1_586' title='bbox 1320 4513 1468 4585; x_wconf 73' lang='lat' dir='ltr'><strong>adiuvari,</strong></span> <span class='ocrx_word' id='word_1_587' title='bbox 1482 4529 1555 4570; x_wconf 90' lang='lat' dir='ltr'><strong>neve</strong></span> <span class='ocrx_word' id='word_1_588' title='bbox 1579 4511 1669 4568; x_wconf 86' lang='lat' dir='ltr'><strong>totius</strong></span> <span class='ocrx_word' id='word_1_589' title='bbox 1692 4505 1827 4564; x_wconf 77' lang='lat' dir='ltr'><strong>Ecclesia</strong></span> 
     </span>
    </p>
   </div>
   <div class='ocr_carea' id='block_1_4' title="bbox 8 5467 344 5524">
    <p class='ocr_par' dir='ltr' id='par_1_4' title="bbox 8 5467 344 5524">
     <span class='ocr_line' id='line_1_50' title="bbox 8 5467 344 5524; baseline 0.006 -2"><span class='ocrx_word' id='word_1_590' title='bbox 8 5496 14 5522; x_wconf 64' lang='grc' dir='ltr'><strong>ι.</strong></span> <span class='ocrx_word' id='word_1_591' title='bbox 118 5467 261 5524; x_wconf 87' lang='lat' dir='ltr'><strong>brochius</strong></span> <span class='ocrx_word' id='word_1_592' title='bbox 283 5472 344 5524; x_wconf 75' lang='lat' dir='ltr'><strong>net.</strong></span> 
     </span>
    </p>
   </div>
   <div class='ocr_carea' id='block_1_5' title="bbox 2 4680 1829 5756">
    <p class='ocr_par' dir='ltr' id='par_1_5' title="bbox 2 4680 1829 5482">
     <span class='ocr_line' id='line_1_51' title="bbox 154 4680 1828 4766; baseline -0.002 -26"><span class='ocrx_word' id='word_1_593' title='bbox 154 4687 191 4756; x_wconf 80' lang='lat'><strong>(3)</strong></span> <span class='ocrx_word' id='word_1_594' title='bbox 211 4686 317 4758; x_wconf 80' lang='lat' dir='ltr'><strong>Itaque</strong></span> <span class='ocrx_word' id='word_1_595' title='bbox 331 4689 470 4744; x_wconf 82' lang='lat' dir='ltr'><strong>conventi</strong></span> <span class='ocrx_word' id='word_1_596' title='bbox 480 4693 570 4760; x_wconf 83' lang='lat' dir='ltr'><strong>atque</strong></span> <span class='ocrx_word' id='word_1_597' title='bbox 580 4690 698 4760; x_wconf 83' lang='lat' dir='ltr'><strong>pulsati</strong></span> <span class='ocrx_word' id='word_1_598' title='bbox 723 4705 741 4746; x_wconf 89' lang='lat' dir='ltr'><strong>a</strong></span> <span class='ocrx_word' id='word_1_599' title='bbox 770 4691 945 4748; x_wconf 63' lang='lat' dir='ltr'><strong>choreuma</strong></span> <span class='ocrx_word' id='word_1_600' title='bbox 999 4691 1240 4748; x_wconf 86' lang='lat' dir='ltr'><strong>canonizationes</strong></span> <span class='ocrx_word' id='word_1_601' title='bbox 1254 4690 1368 4756; x_wconf 89' lang='lat' dir='ltr'><strong>fierent,</strong></span> <span class='ocrx_word' id='word_1_602' title='bbox 1384 4701 1436 4744; x_wconf 93' lang='lat' dir='ltr'><strong>eas</strong></span> <span class='ocrx_word' id='word_1_603' title='bbox 1451 4699 1513 4741; x_wconf 92' lang='lat' dir='ltr'><strong>non</strong></span> <span class='ocrx_word' id='word_1_604' title='bbox 1538 4684 1596 4766; x_wconf 84' lang='lat' dir='ltr'><strong>nisi</strong></span> <span class='ocrx_word' id='word_1_605' title='bbox 1611 4680 1828 4763; x_wconf 80' lang='lat' dir='ltr'><strong>comprobante</strong></span> 
     </span>
     <span class='ocr_line' id='line_1_52' title="bbox 116 4752 1829 4842; baseline -0.006 -27"><span class='ocrx_word' id='word_1_606' title='bbox 116 4758 327 4840; x_wconf 73' lang='lat' dir='ltr'><strong>[refrenastrp</strong></span> <span class='ocrx_word' id='word_1_607' title='bbox 342 4759 377 4814; x_wconf 88' lang='lat' dir='ltr'><strong>D.</strong></span> <span class='ocrx_word' id='word_1_608' title='bbox 396 4761 546 4842; x_wconf 69' lang='lat' dir='ltr'><strong>Ppppoua</strong></span> <span class='ocrx_word' id='word_1_609' title='bbox 563 4759 657 4842; x_wconf 79' lang='lat' dir='ltr'><strong>fluitis</strong></span> <span class='ocrx_word' id='word_1_610' title='bbox 673 4759 789 4817; x_wconf 70' lang='lat' dir='ltr'><strong>saeculis</strong></span> <span class='ocrx_word' id='word_1_611' title='bbox 810 4761 874 4819; x_wconf 90' lang='lat' dir='ltr'><strong>sola</strong></span> <span class='ocrx_word' id='word_1_612' title='bbox 895 4779 945 4818; x_wconf 84' lang='lat' dir='ltr'><strong>aii·</strong></span> <span class='ocrx_word' id='word_1_613' title='bbox 999 4763 1129 4833; x_wconf 88' lang='lat' dir='ltr'><strong>generali</strong></span> <span class='ocrx_word' id='word_1_614' title='bbox 1145 4761 1263 4834; x_wconf 85' lang='lat' dir='ltr'><strong>synodo</strong></span> <span class='ocrx_word' id='word_1_615' title='bbox 1276 4758 1395 4840; x_wconf 80' lang='lat' dir='ltr'><strong>decerni</strong></span> <span class='ocrx_word' id='word_1_616' title='bbox 1409 4771 1613 4826; x_wconf 83' lang='lat' dir='ltr'><strong>consuevisse,</strong></span> <span class='ocrx_word' id='word_1_617' title='bbox 1639 4753 1727 4810; x_wconf 84' lang='lat' dir='ltr'><strong>tradit</strong></span> <span class='ocrx_word' id='word_1_618' title='bbox 1748 4752 1829 4810; x_wconf 92' lang='lat' dir='ltr'><strong>Chri·</strong></span> 
     </span>
     <span class='ocr_line' id='line_1_53' title="bbox 118 4827 1828 4910; baseline -0.003 -28"><span class='ocrx_word' id='word_1_619' title='bbox 118 4831 250 4884; x_wconf 88' lang='lat' dir='ltr'><strong>ctoritate</strong></span> <span class='ocrx_word' id='word_1_620' title='bbox 265 4829 429 4902; x_wconf 88' lang='lat' dir='ltr'><strong>episcopah</strong></span> <span class='ocrx_word' id='word_1_621' title='bbox 441 4837 636 4903; x_wconf 88' lang='lat' dir='ltr'><strong>canonizatio,</strong></span> <span class='ocrx_word' id='word_1_622' title='bbox 648 4831 709 4887; x_wconf 91' lang='lat' dir='ltr'><strong>sive</strong></span> <span class='ocrx_word' id='word_1_623' title='bbox 722 4831 825 4889; x_wconf 88' lang='lat' dir='ltr'><strong>relatio</strong></span> <span class='ocrx_word' id='word_1_624' title='bbox 839 4833 868 4888; x_wconf 91' lang='lat' dir='ltr'><strong>in</strong></span> <span class='ocrx_word' id='word_1_625' title='bbox 880 4849 946 4888; x_wconf 90' lang='lat' dir='ltr'><strong>san·</strong></span> <span class='ocrx_word' id='word_1_626' title='bbox 999 4835 1113 4890; x_wconf 90' lang='lat' dir='ltr'><strong>stianus</strong></span> <span class='ocrx_word' id='word_1_627' title='bbox 1130 4837 1229 4904; x_wconf 74' lang='lat' dir='ltr'><strong>Lupus</strong></span> <span class='ocrx_word' id='word_1_628' title='bbox 1244 4829 1429 4910; x_wconf 73' lang='lat' dir='ltr'><strong>scholiorum</strong></span> <span class='ocrx_word' id='word_1_629' title='bbox 1444 4833 1515 4909; x_wconf 82' lang='lat' dir='ltr'><strong>tom.</strong></span> <span class='ocrx_word' id='word_1_630' title='bbox 1532 4827 1589 4908; x_wconf 73' lang='lat' dir='ltr'><strong>tlt,¹</strong></span> <span class='ocrx_word' id='word_1_631' title='bbox 1607 4869 1620 4908; x_wconf 21' lang='lat'><strong>⁸.</strong></span> <span class='ocrx_word' id='word_1_632' title='bbox 1644 4829 1707 4908; x_wconf 55' lang='lat'><strong>569,</strong></span> <span class='ocrx_word' id='word_1_633' title='bbox 1733 4837 1828 4895; x_wconf 91' lang='lat' dir='ltr'><strong>usque</strong></span> 
     </span>
     <span class='ocr_line' id='line_1_54' title="bbox 118 4842 1827 4984; baseline -0.004 -30"><span class='ocrx_word' id='word_1_634' title='bbox 118 4904 233 4980; x_wconf 80' lang='lat' dir='ltr'><strong>aterum</strong></span> <span class='ocrx_word' id='word_1_635' title='bbox 246 4971 250 4980; x_wconf 37' lang='grc' dir='ltr'>Ι</span> <span class='ocrx_word' id='word_1_636' title='bbox 261 4900 431 4982; x_wconf 81' lang='lat' dir='ltr'><strong>catalogum</strong></span> <span class='ocrx_word' id='word_1_637' title='bbox 460 4899 559 4982; x_wconf 81' lang='lat' dir='ltr'><strong>fiebat.</strong></span> <span class='ocrx_word' id='word_1_638' title='bbox 586 4905 613 4984; x_wconf 33' lang='lat' dir='ltr'><strong>S·¹</strong></span> <span class='ocrx_word' id='word_1_639' title='bbox 633 4903 758 4960; x_wconf 86' lang='lat' dir='ltr'><strong>lidalriei</strong></span> <span class='ocrx_word' id='word_1_640' title='bbox 779 4905 945 4975; x_wconf 87' lang='lat' dir='ltr'><strong>Augustani</strong></span> <span class='ocrx_word' id='word_1_641' title='bbox 999 4905 1071 4961; x_wconf 94' lang='lat' dir='ltr'><strong>dum</strong></span> <span class='ocrx_word' id='word_1_642' title='bbox 1085 4903 1233 4973; x_wconf 85' lang='lat' dir='ltr'><strong>Eugenius</strong></span> <span class='ocrx_word' id='word_1_643' title='bbox 1250 4905 1415 4982; x_wconf 81' lang='lat' dir='ltr'><strong>ltlprimus</strong></span> <span class='ocrx_word' id='word_1_644' title='bbox 1431 4913 1494 4954; x_wconf 91' lang='lat' dir='ltr'><strong>sine</strong></span> <span class='ocrx_word' id='word_1_645' title='bbox 1509 4842 1633 4979; x_wconf 72' lang='lat' dir='ltr'><strong>eonsiho</strong></span> <span class='ocrx_word' id='word_1_646' title='bbox 1645 4912 1675 4952; x_wconf 93' lang='lat' dir='ltr'><strong>in</strong></span> <span class='ocrx_word' id='word_1_647' title='bbox 1692 4893 1757 4952; x_wconf 90' lang='lat' dir='ltr'><strong>solo</strong></span> <span class='ocrx_word' id='word_1_648' title='bbox 1772 4908 1827 4949; x_wconf 89' lang='lat' dir='ltr'><strong>suo</strong></span> 
     </span>
     <span class='ocr_line' id='line_1_55' title="bbox 118 4964 1828 5056; baseline -0.004 -31"><span class='ocrx_word' id='word_1_649' title='bbox 118 4985 252 5043; x_wconf 89' lang='lat' dir='ltr'><strong>episcopi</strong></span> <span class='ocrx_word' id='word_1_650' title='bbox 267 4977 453 5028; x_wconf 86' lang='lat' dir='ltr'><strong>canonizatio</strong></span> <span class='ocrx_word' id='word_1_651' title='bbox 467 4973 562 5042; x_wconf 71' lang='lat' dir='ltr'><strong>(cuius</strong></span> <span class='ocrx_word' id='word_1_652' title='bbox 577 4972 711 5056; x_wconf 83' lang='lat' dir='ltr'><strong>diploma</strong></span> <span class='ocrx_word' id='word_1_653' title='bbox 726 4979 820 5031; x_wconf 86' lang='lat' dir='ltr'><strong>exstat</strong></span> <span class='ocrx_word' id='word_1_654' title='bbox 834 4977 864 5032; x_wconf 93' lang='lat' dir='ltr'><strong>in</strong></span> <span class='ocrx_word' id='word_1_655' title='bbox 879 4975 944 5032; x_wconf 89' lang='lat' dir='ltr'><strong>Bul-</strong></span> <span class='ocrx_word' id='word_1_656' title='bbox 999 4975 1175 5056; x_wconf 83' lang='lat' dir='ltr'><strong>consistorio</strong></span> <span class='ocrx_word' id='word_1_657' title='bbox 1190 4974 1376 5054; x_wconf 79' lang='lat' dir='ltr'><strong>canonizavit</strong></span> <span class='ocrx_word' id='word_1_658' title='bbox 1397 4971 1424 5026; x_wconf 89' lang='lat' dir='ltr'><strong>S.</strong></span> <span class='ocrx_word' id='word_1_659' title='bbox 1442 4969 1603 5050; x_wconf 75' lang='lat' dir='ltr'><strong>Henriaum</strong></span> <span class='ocrx_word' id='word_1_660' title='bbox 1617 4983 1690 5041; x_wconf 92' lang='lat' dir='ltr'><strong>imp.</strong></span> <span class='ocrx_word' id='word_1_661' title='bbox 1716 4966 1753 5022; x_wconf 90' lang='lat' dir='ltr'><strong>de</strong></span> <span class='ocrx_word' id='word_1_662' title='bbox 1768 4964 1828 5037; x_wconf 90' lang='lat' dir='ltr'><strong>ple-</strong></span> 
     </span>
     <span class='ocr_line' id='line_1_56' title="bbox 117 5037 1828 5125; baseline -0.002 -29"><span class='ocrx_word' id='word_1_663' title='bbox 117 5040 171 5122; x_wconf 80' lang='lat' dir='ltr'><strong>lar.</strong></span> <span class='ocrx_word' id='word_1_664' title='bbox 189 5043 262 5123; x_wconf 55' lang='lat' dir='ltr'><strong>iiag,</strong></span> <span class='ocrx_word' id='word_1_665' title='bbox 281 5045 367 5124; x_wconf 56' lang='lat' dir='ltr'><strong>Rom,</strong></span> <span class='ocrx_word' id='word_1_666' title='bbox 380 5046 451 5098; x_wconf 93' lang='lat' dir='ltr'><strong>tom.</strong></span> <span class='ocrx_word' id='word_1_667' title='bbox 470 5046 490 5110; x_wconf 91' lang='lat' dir='ltr'><strong>l,</strong></span> <span class='ocrx_word' id='word_1_668' title='bbox 506 5059 534 5122; x_wconf 91' lang='lat' dir='ltr'><strong>p.</strong></span> <span class='ocrx_word' id='word_1_669' title='bbox 548 5047 591 5125; x_wconf 67' lang='lat'><strong>22,</strong></span> <span class='ocrx_word' id='word_1_670' title='bbox 609 5043 677 5102; x_wconf 88' lang='lat' dir='ltr'><strong>edu.</strong></span> <span class='ocrx_word' id='word_1_671' title='bbox 703 5047 858 5118; x_wconf 83' lang='lat' dir='ltr'><strong>luxemb.)</strong></span> <span class='ocrx_word' id='word_1_672' title='bbox 884 5063 946 5104; x_wconf 91' lang='lat' dir='ltr'><strong>oin-</strong></span> <span class='ocrx_word' id='word_1_673' title='bbox 999 5045 1133 5104; x_wconf 90' lang='lat' dir='ltr'><strong>nitudine</strong></span> <span class='ocrx_word' id='word_1_674' title='bbox 1148 5047 1311 5116; x_wconf 89' lang='lat' dir='ltr'><strong>potestatis,</strong></span> <span class='ocrx_word' id='word_1_675' title='bbox 1327 5041 1383 5124; x_wconf 85' lang='lat' dir='ltr'><strong>heo</strong></span> <span class='ocrx_word' id='word_1_676' title='bbox 1398 5057 1471 5097; x_wconf 88' lang='lat' dir='ltr'><strong>usus</strong></span> <span class='ocrx_word' id='word_1_677' title='bbox 1490 5045 1605 5122; x_wconf 81' lang='lat' dir='ltr'><strong>ratione</strong></span> <span class='ocrx_word' id='word_1_678' title='bbox 1618 5037 1700 5112; x_wconf 92' lang='lat' dir='ltr'><strong>quod</strong></span> <span class='ocrx_word' id='word_1_679' title='bbox 1711 5040 1828 5119; x_wconf 67' lang='lat' dir='ltr'><strong>¹licina·</strong></span> 
     </span>
     <span class='ocr_line' id='line_1_57' title="bbox 118 5108 1827 5238; baseline -0.002 -71"><span class='ocrx_word' id='word_1_680' title='bbox 118 5127 202 5238; x_wconf 63' lang='lat' dir='ltr'><strong>qinm</strong></span> <span class='ocrx_word' id='word_1_681' title='bbox 217 5128 316 5184; x_wconf 91' lang='lat' dir='ltr'><strong>prima</strong></span> <span class='ocrx_word' id='word_1_682' title='bbox 329 5113 420 5168; x_wconf 88' lang='lat' dir='ltr'><strong>fuisse</strong></span> <span class='ocrx_word' id='word_1_683' title='bbox 433 5113 562 5169; x_wconf 89' lang='lat' dir='ltr'><strong>creditur</strong></span> <span class='ocrx_word' id='word_1_684' title='bbox 575 5118 724 5200; x_wconf 80' lang='lat' dir='ltr'><strong>intereas</strong></span> <span class='ocrx_word' id='word_1_685' title='bbox 746 5134 814 5190; x_wconf 75' lang='lat' dir='ltr'><strong>quas</strong></span> <span class='ocrx_word' id='word_1_686' title='bbox 839 5118 945 5174; x_wconf 89' lang='lat' dir='ltr'><strong>asede</strong></span> <span class='ocrx_word' id='word_1_687' title='bbox 999 5135 1045 5174; x_wconf 81' lang='lat' dir='ltr'><strong>ms</strong></span> <span class='ocrx_word' id='word_1_688' title='bbox 1071 5115 1205 5172; x_wconf 71' lang='lat' dir='ltr'><strong>Ecclesiae</strong></span> <span class='ocrx_word' id='word_1_689' title='bbox 1231 5117 1392 5196; x_wconf 77' lang='lat' dir='ltr'><strong>auctoritas</strong></span> <span class='ocrx_word' id='word_1_690' title='bbox 1421 5112 1458 5168; x_wconf 90' lang='lat' dir='ltr'><strong>sit</strong></span> <span class='ocrx_word' id='word_1_691' title='bbox 1474 5108 1827 5233; x_wconf 59' lang='lat' dir='ltr'><strong>⁰m¹¹¹i¹m.⁰⁰t¹⁰!¹¹⁰,¹,&#39;¹¹fl¹</strong></span> 
     </span>
     <span class='ocr_line' id='line_1_58' title="bbox 118 5183 1827 5338; baseline -0.004 -28"><span class='ocrx_word' id='word_1_692' title='bbox 118 5184 623 5338; x_wconf 70' lang='lat' dir='ltr'><strong>..aususaususuir</strong></span> <span class='ocrx_word' id='word_1_693' title='bbox 647 5189 947 5318; x_wconf 63' lang='lat' dir='ltr'><strong>iutimare</strong></span> <span class='ocrx_word' id='word_1_694' title='bbox 1000 5185 1318 5330; x_wconf 57' lang='lat' dir='ltr'><strong>triturasti:</strong></span> <span class='ocrx_word' id='word_1_695' title='bbox 1331 5183 1827 5327; x_wconf 60' lang='lat' dir='ltr'><strong>alliserassrsuuu.</strong></span> 
     </span>
     <span class='ocr_line' id='line_1_59' title="bbox 119 5324 1828 5410; baseline -0.002 -30"><span class='ocrx_word' id='word_1_696' title='bbox 119 5324 228 5382; x_wconf 72' lang='lat' dir='ltr'><strong>annal.</strong></span> <span class='ocrx_word' id='word_1_697' title='bbox 243 5327 390 5408; x_wconf 71' lang='lat' dir='ltr'><strong>benedict.</strong></span> <span class='ocrx_word' id='word_1_698' title='bbox 404 5327 456 5382; x_wconf 93' lang='lat' dir='ltr'><strong>lib.</strong></span> <span class='ocrx_word' id='word_1_699' title='bbox 473 5345 491 5394; x_wconf 92' lang='lat' dir='ltr'><strong>i,</strong></span> <span class='ocrx_word' id='word_1_700' title='bbox 508 5343 537 5382; x_wconf 93' lang='lat' dir='ltr'><strong>ii.</strong></span> <span class='ocrx_word' id='word_1_701' title='bbox 553 5333 596 5394; x_wconf 79' lang='lat' dir='ltr'><strong>ii,</strong></span> <span class='ocrx_word' id='word_1_702' title='bbox 611 5344 641 5401; x_wconf 91' lang='lat' dir='ltr'><strong>p.</strong></span> <span class='ocrx_word' id='word_1_703' title='bbox 658 5329 800 5410; x_wconf 68' lang='lat' dir='ltr'><strong>Saliene</strong></span> <span class='ocrx_word' id='word_1_704' title='bbox 814 5347 883 5388; x_wconf 89' lang='lat' dir='ltr'><strong>vero</strong></span> <span class='ocrx_word' id='word_1_705' title='bbox 904 5347 948 5387; x_wconf 92' lang='lat' dir='ltr'><strong>se·</strong></span> <span class='ocrx_word' id='word_1_706' title='bbox 1001 5329 1057 5386; x_wconf 90' lang='lat' dir='ltr'><strong>sibi</strong></span> <span class='ocrx_word' id='word_1_707' title='bbox 1067 5329 1146 5386; x_wconf 88' lang='lat' dir='ltr'><strong>hane</strong></span> <span class='ocrx_word' id='word_1_708' title='bbox 1159 5328 1365 5386; x_wconf 89' lang='lat' dir='ltr'><strong>auctoritatem</strong></span> <span class='ocrx_word' id='word_1_709' title='bbox 1378 5325 1524 5399; x_wconf 88' lang='lat' dir='ltr'><strong>privative</strong></span> <span class='ocrx_word' id='word_1_710' title='bbox 1542 5326 1748 5408; x_wconf 59' lang='lat' dir='ltr'><strong>¹reservarunt,</strong></span> <span class='ocrx_word' id='word_1_711' title='bbox 1765 5327 1828 5378; x_wconf 87' lang='lat' dir='ltr'><strong>tan·</strong></span> 
     </span>
     <span class='ocr_line' id='line_1_60' title="bbox 2 5393 1826 5482; baseline -0.003 -29"><span class='ocrx_word' id='word_1_712' title='bbox 2 5459 5 5464; x_wconf 56' lang='grc'><em>,</em></span> <span class='ocrx_word' id='word_1_713' title='bbox 118 5412 220 5453; x_wconf 68' lang='lat' dir='ltr'><strong>ennea</strong></span> <span class='ocrx_word' id='word_1_714' title='bbox 234 5401 359 5471; x_wconf 84' lang='lat' dir='ltr'><strong>excepit,</strong></span> <span class='ocrx_word' id='word_1_715' title='bbox 396 5401 621 5482; x_wconf 77' lang='lat' dir='ltr'><strong>raesensnostra</strong></span> <span class='ocrx_word' id='word_1_716' title='bbox 641 5401 668 5481; x_wconf 56' lang='lat' dir='ltr'><strong>a,</strong></span> <span class='ocrx_word' id='word_1_717' title='bbox 688 5401 844 5457; x_wconf 89' lang='lat' dir='ltr'><strong>Simeonis.</strong></span> <span class='ocrx_word' id='word_1_718' title='bbox 858 5405 897 5460; x_wconf 87' lang='lat' dir='ltr'><strong>Pa</strong></span> <span class='ocrx_word' id='word_1_719' title='bbox 920 5419 948 5458; x_wconf 90' lang='lat' dir='ltr'><strong>e·</strong></span> <span class='ocrx_word' id='word_1_720' title='bbox 1001 5399 1393 5480; x_wconf 64' lang='lat' dir='ltr'><strong>demquegeneraiiteuet</strong></span> <span class='ocrx_word' id='word_1_721' title='bbox 1410 5397 1450 5452; x_wconf 92' lang='lat' dir='ltr'><strong>ab</strong></span> <span class='ocrx_word' id='word_1_722' title='bbox 1464 5396 1608 5478; x_wconf 80' lang='lat' dir='ltr'><strong>omnibus</strong></span> <span class='ocrx_word' id='word_1_723' title='bbox 1628 5393 1765 5476; x_wconf 79' lang='lat' dir='ltr'><strong>Ecclesiis</strong></span> <span class='ocrx_word' id='word_1_724' title='bbox 1781 5408 1826 5448; x_wconf 92' lang='lat' dir='ltr'><strong>re-</strong></span> 
     </span>
    </p>

    <p class='ocr_par' dir='ltr' id='par_1_6' title="bbox 119 5414 1827 5613">
     <span class='ocr_line' id='line_1_61' title="bbox 132 5414 1827 5550; baseline -0.005 -22"><span class='ocrx_word' id='word_1_725' title='bbox 132 5539 137 5550; x_wconf 42' lang='grc'>,</span> <span class='ocrx_word' id='word_1_726' title='bbox 374 5414 424 5526; x_wconf 50' lang='lat' dir='ltr'><strong>RS.</strong></span> <span class='ocrx_word' id='word_1_727' title='bbox 455 5485 566 5526; x_wconf 89' lang='lat' dir='ltr'><strong>mensis</strong></span> <span class='ocrx_word' id='word_1_728' title='bbox 590 5472 679 5527; x_wconf 83' lang='lat' dir='ltr'><strong>lunii.</strong></span> <span class='ocrx_word' id='word_1_729' title='bbox 706 5474 778 5526; x_wconf 91' lang='lat' dir='ltr'><strong>tom.</strong></span> <span class='ocrx_word' id='word_1_730' title='bbox 805 5475 824 5538; x_wconf 94' lang='lat' dir='ltr'><strong>l,</strong></span> <span class='ocrx_word' id='word_1_731' title='bbox 845 5488 874 5545; x_wconf 94' lang='lat' dir='ltr'><strong>p.</strong></span> <span class='ocrx_word' id='word_1_732' title='bbox 899 5419 946 5542; x_wconf 66' lang='lat'><strong>86,</strong></span> <span class='ocrx_word' id='word_1_733' title='bbox 1002 5476 1086 5545; x_wconf 88' lang='lat' dir='ltr'><strong>coptu</strong></span> <span class='ocrx_word' id='word_1_734' title='bbox 1102 5471 1156 5528; x_wconf 90' lang='lat' dir='ltr'><strong>fuit</strong></span> <span class='ocrx_word' id='word_1_735' title='bbox 1174 5471 1238 5527; x_wconf 78' lang='lat' dir='ltr'><strong>lirsc</strong></span> <span class='ocrx_word' id='word_1_736' title='bbox 1262 5469 1414 5544; x_wconf 85' lang='lat' dir='ltr'><strong>pontificia</strong></span> <span class='ocrx_word' id='word_1_737' title='bbox 1437 5469 1608 5534; x_wconf 88' lang='lat' dir='ltr'><strong>reservatio,</strong></span> <span class='ocrx_word' id='word_1_738' title='bbox 1634 5471 1827 5547; x_wconf 77' lang='lat' dir='ltr'><strong>potissimum</strong></span> 
     </span>
     <span class='ocr_line' id='line_1_62' title="bbox 119 5538 1826 5613; baseline -0.002 -19"><span class='ocrx_word' id='word_1_739' title='bbox 119 5539 161 5594; x_wconf 91' lang='lat' dir='ltr'><strong>ht.</strong></span> <span class='ocrx_word' id='word_1_740' title='bbox 175 5542 203 5596; x_wconf 86' lang='lat' dir='ltr'><strong>B.</strong></span> <span class='ocrx_word' id='word_1_741' title='bbox 1003 5543 1175 5599; x_wconf 84' lang='lat' dir='ltr'><strong>auctoritate</strong></span> <span class='ocrx_word' id='word_1_742' title='bbox 1204 5539 1364 5613; x_wconf 87' lang='lat' dir='ltr'><strong>eujusdam</strong></span> <span class='ocrx_word' id='word_1_743' title='bbox 1388 5538 1543 5595; x_wconf 88' lang='lat' dir='ltr'><strong>decretalis</strong></span> <span class='ocrx_word' id='word_1_744' title='bbox 1570 5539 1700 5609; x_wconf 87' lang='lat' dir='ltr'><strong>Gregoru</strong></span> <span class='ocrx_word' id='word_1_745' title='bbox 1730 5539 1770 5604; x_wconf 85' lang='lat' dir='ltr'><strong>ii,</strong></span> <span class='ocrx_word' id='word_1_746' title='bbox 1796 5551 1826 5592; x_wconf 91' lang='lat' dir='ltr'><strong>in</strong></span> 
     </span>
    </p>

    <p class='ocr_par' dir='ltr' id='par_1_7' title="bbox 155 5611 1691 5756">
     <span class='ocr_line' id='line_1_63' title="bbox 155 5611 1691 5756; baseline -0.001 -89"><span class='ocrx_word' id='word_1_747' title='bbox 155 5611 194 5680; x_wconf 81' lang='grc'><strong>(1)</strong></span> <span class='ocrx_word' id='word_1_748' title='bbox 215 5611 349 5669; x_wconf 75' lang='lat' dir='ltr'><strong>collecta</strong></span> <span class='ocrx_word' id='word_1_749' title='bbox 363 5611 492 5668; x_wconf 79' lang='lat' dir='ltr'><strong>Romani</strong></span> <span class='ocrx_word' id='word_1_750' title='bbox 504 5613 600 5668; x_wconf 77' lang='lat' dir='ltr'><strong>nostri¹</strong></span> <span class='ocrx_word' id='word_1_751' title='bbox 616 5612 699 5670; x_wconf 83' lang='lat' dir='ltr'><strong>Cleri</strong></span> <span class='ocrx_word' id='word_1_752' title='bbox 711 5613 871 5682; x_wconf 82' lang='lat' dir='ltr'><strong>splendida</strong></span> <span class='ocrx_word' id='word_1_753' title='bbox 880 5615 948 5684; x_wconf 80' lang='lat' dir='ltr'><strong>fra·</strong></span> <span class='ocrx_word' id='word_1_754' title='bbox 1002 5631 1068 5756; x_wconf 89' lang='lat' dir='ltr'><strong>cap.</strong></span> <span class='ocrx_word' id='word_1_755' title='bbox 1087 5619 1112 5682; x_wconf 89' lang='lat' dir='ltr'><strong>t,</strong></span> <span class='ocrx_word' id='word_1_756' title='bbox 1125 5629 1154 5680; x_wconf 90' lang='lat' dir='ltr'><strong>ii,</strong></span> <span class='ocrx_word' id='word_1_757' title='bbox 1168 5615 1210 5671; x_wconf 87' lang='lat' dir='ltr'><strong>De</strong></span> <span class='ocrx_word' id='word_1_758' title='bbox 1220 5613 1305 5684; x_wconf 82' lang='lat' dir='ltr'><strong>reliq.</strong></span> <span class='ocrx_word' id='word_1_759' title='bbox 1322 5617 1349 5668; x_wconf 87' lang='lat' dir='ltr'><strong>et</strong></span> <span class='ocrx_word' id='word_1_760' title='bbox 1363 5618 1493 5668; x_wconf 59' lang='lat' dir='ltr'><strong>ueneat.</strong></span> <span class='ocrx_word' id='word_1_761' title='bbox 1510 5615 1691 5667; x_wconf 85' lang='lat' dir='ltr'><strong>sauctorum.</strong></span> 
     </span>
    </p>
   </div>
   <div class='ocr_carea' id='block_1_6' title="bbox 121 5682 1399 5758">
    <p class='ocr_par' dir='ltr' id='par_1_8' title="bbox 121 5682 1399 5758">
     <span class='ocr_line' id='line_1_64' title="bbox 121 5682 1399 5758; baseline 0.002 -21"><span class='ocrx_word' id='word_1_762' title='bbox 121 5683 271 5740; x_wconf 84' lang='lat' dir='ltr'><strong>teruttate.</strong></span> <span class='ocrx_word' id='word_1_763' title='bbox 294 5683 369 5738; x_wconf 86' lang='lat' dir='ltr'><strong>Cum</strong></span> <span class='ocrx_word' id='word_1_764' title='bbox 384 5682 521 5756; x_wconf 88' lang='lat' dir='ltr'><strong>primitus</strong></span> <span class='ocrx_word' id='word_1_765' title='bbox 544 5697 562 5738; x_wconf 98' lang='lat' dir='ltr'><strong>a</strong></span> <span class='ocrx_word' id='word_1_766' title='bbox 590 5685 731 5741; x_wconf 83' lang='lat' dir='ltr'><strong>Romanis</strong></span> <span class='ocrx_word' id='word_1_767' title='bbox 756 5684 949 5757; x_wconf 87' lang='lat' dir='ltr'><strong>pontificibus</strong></span> <span class='ocrx_word' id='word_1_768' title='bbox 1050 5687 1075 5758; x_wconf 75' lang='lat'><strong>5)</strong></span> <span class='ocrx_word' id='word_1_769' title='bbox 1096 5685 1142 5743; x_wconf 90' lang='lat' dir='ltr'><strong>Sic</strong></span> <span class='ocrx_word' id='word_1_770' title='bbox 1155 5684 1187 5742; x_wconf 89' lang='lat' dir='ltr'><strong>in</strong></span> <span class='ocrx_word' id='word_1_771' title='bbox 1201 5683 1399 5758; x_wconf 87' lang='lat' dir='ltr'><strong>autographo.</strong></span> 
     </span>
    </p>
   </div>
   <div class='ocr_carea' id='block_1_7' title="bbox 0 0 2000 6183">
    <p class='ocr_par' dir='ltr' id='par_1_9' title="bbox 0 0 2000 6183">
     <span class='ocr_line' id='line_1_65' title="bbox 0 0 2000 6183; baseline 0 0"><span class='ocrx_word' id='word_1_772' title='bbox 0 0 2000 6183; x_wconf 95' lang='lat' dir='ltr'><strong> </strong></span> 
     </span>
    </p>
   </div>
  </div>
 </body>
</html>
