<?xml version="1.0" encoding="UTF-8"?>
<!DOCTYPE html PUBLIC "-//W3C//DTD XHTML 1.0 Transitional//EN"
    "http://www.w3.org/TR/xhtml1/DTD/xhtml1-transitional.dtd">
<html xmlns="http://www.w3.org/1999/xhtml" xml:lang="en" lang="en">
 <head>
  <title>
</title>
<meta http-equiv="Content-Type" content="text/html;charset=utf-8" />
  <meta name='ocr-system' content='tesseract 3.04.00' />
  <meta name='ocr-capabilities' content='ocr_page ocr_carea ocr_par ocr_line ocrx_word'/>
</head>
<body>
  <div class='ocr_page' id='page_1' title='image "./patrologiaecurs127unkngoog_0372.png"; bbox 0 0 3996 6186; ppageno 0'>
   <div class='ocr_carea' id='block_1_1' title="bbox 241 167 1937 256">
    <p class='ocr_par' dir='ltr' id='par_1_1' title="bbox 241 167 1937 256">
     <span class='ocr_line' id='line_1_1' title="bbox 241 167 1937 256; baseline 0.001 -34"><span class='ocrx_word' id='word_1_1' title='bbox 241 170 293 223; x_wconf 78' lang='lat'>7³5</span> <span class='ocrx_word' id='word_1_2' title='bbox 726 170 880 228; x_wconf 86' lang='lat' dir='ltr'>DUDONlS</span> <span class='ocrx_word' id='word_1_3' title='bbox 902 171 1031 228; x_wconf 77' lang='lat' dir='ltr'>DEGth</span> <span class='ocrx_word' id='word_1_4' title='bbox 1051 169 1079 226; x_wconf 88' lang='lat' dir='ltr'>S.</span> <span class='ocrx_word' id='word_1_5' title='bbox 1100 167 1254 233; x_wconf 76' lang='lat' dir='ltr'>onturtut</span> <span class='ocrx_word' id='word_1_6' title='bbox 1273 169 1464 226; x_wconf 79' lang='lat' dir='ltr'>vtuoutun.</span> <span class='ocrx_word' id='word_1_7' title='bbox 1524 249 1526 256; x_wconf 21' lang='lat' dir='ltr'>y</span> <span class='ocrx_word' id='word_1_8' title='bbox 1894 173 1937 224; x_wconf 76' lang='lat' dir='ltr'>tat</span> 
     </span>
    </p>
   </div>
   <div class='ocr_carea' id='block_1_2' title="bbox 230 291 1935 5612">
    <p class='ocr_par' dir='ltr' id='par_1_2' title="bbox 242 291 1637 366">
     <span class='ocr_line' id='line_1_2' title="bbox 242 291 1637 366; baseline 0 -18"><span class='ocrx_word' id='word_1_9' title='bbox 242 291 294 349; x_wconf 91' lang='lat' dir='ltr'>teri</span> <span class='ocrx_word' id='word_1_10' title='bbox 306 293 448 365; x_wconf 89' lang='lat' dir='ltr'>equitatu,</span> <span class='ocrx_word' id='word_1_11' title='bbox 462 308 523 364; x_wconf 90' lang='lat' dir='ltr'>quo</span> <span class='ocrx_word' id='word_1_12' title='bbox 536 292 696 350; x_wconf 88' lang='lat' dir='ltr'>Tetboldus</span> <span class='ocrx_word' id='word_1_13' title='bbox 707 294 891 365; x_wconf 75' lang='lat' dir='ltr'>morabatur,</span> <span class='ocrx_word' id='word_1_14' title='bbox 912 310 1064 366; x_wconf 77' lang='lat' dir='ltr'>agressus,</span> <span class='ocrx_word' id='word_1_15' title='bbox 1084 294 1109 347; x_wconf 82' lang='lat' dir='ltr'>A</span> <span class='ocrx_word' id='word_1_16' title='bbox 1443 307 1637 348; x_wconf 79' lang='lat' dir='ltr'>irosrnoraa.</span> 
     </span>
    </p>

    <p class='ocr_par' dir='ltr' id='par_1_3' title="bbox 239 378 1902 1080">
     <span class='ocr_line' id='line_1_3' title="bbox 241 378 1895 457; baseline -0.001 -22"><span class='ocrx_word' id='word_1_17' title='bbox 241 380 391 452; x_wconf 90' lang='lat' dir='ltr'>quosdam</span> <span class='ocrx_word' id='word_1_18' title='bbox 411 378 529 436; x_wconf 90' lang='lat' dir='ltr'>illarum</span> <span class='ocrx_word' id='word_1_19' title='bbox 555 381 594 438; x_wconf 90' lang='lat' dir='ltr'>ab</span> <span class='ocrx_word' id='word_1_20' title='bbox 610 383 739 439; x_wconf 85' lang='lat' dir='ltr'>exercitu</span> <span class='ocrx_word' id='word_1_21' title='bbox 767 389 968 457; x_wconf 90' lang='lat' dir='ltr'>sequestratos</span> <span class='ocrx_word' id='word_1_22' title='bbox 983 399 1068 455; x_wconf 88' lang='lat' dir='ltr'>repe·</span> <span class='ocrx_word' id='word_1_23' title='bbox 1122 382 1244 436; x_wconf 82' lang='lat' dir='ltr'>Fervere</span> <span class='ocrx_word' id='word_1_24' title='bbox 1255 379 1334 436; x_wconf 82' lang='lat' dir='ltr'>caede</span> <span class='ocrx_word' id='word_1_25' title='bbox 1349 396 1429 444; x_wconf 86' lang='lat' dir='ltr'>nova</span> <span class='ocrx_word' id='word_1_26' title='bbox 1443 379 1534 436; x_wconf 87' lang='lat' dir='ltr'>silvas</span> <span class='ocrx_word' id='word_1_27' title='bbox 1549 395 1735 452; x_wconf 89' lang='lat' dir='ltr'>camposque</span> <span class='ocrx_word' id='word_1_28' title='bbox 1751 383 1895 453; x_wconf 85' lang='lat' dir='ltr'>patentes,</span> 
     </span>
     <span class='ocr_line' id='line_1_4' title="bbox 240 467 1884 546; baseline 0.001 -22"><span class='ocrx_word' id='word_1_29' title='bbox 240 468 330 536; x_wconf 89' lang='lat' dir='ltr'>riens,</span> <span class='ocrx_word' id='word_1_30' title='bbox 357 467 508 540; x_wconf 80' lang='lat' dir='ltr'>interimit,</span> <span class='ocrx_word' id='word_1_31' title='bbox 535 470 771 546; x_wconf 83' lang='lat' dir='ltr'>&#39;tetboldumque</span> <span class='ocrx_word' id='word_1_32' title='bbox 801 473 941 531; x_wconf 89' lang='lat' dir='ltr'>comitem</span> <span class='ocrx_word' id='word_1_33' title='bbox 963 473 1068 529; x_wconf 86' lang='lat' dir='ltr'>adesse</span> <span class='ocrx_word' id='word_1_34' title='bbox 1121 469 1252 542; x_wconf 79' lang='lat' dir='ltr'>Corpora</span> <span class='ocrx_word' id='word_1_35' title='bbox 1266 468 1436 526; x_wconf 87' lang='lat' dir='ltr'>functorum</span> <span class='ocrx_word' id='word_1_36' title='bbox 1450 469 1570 543; x_wconf 88' lang='lat' dir='ltr'>pariter,</span> <span class='ocrx_word' id='word_1_37' title='bbox 1586 467 1765 542; x_wconf 88' lang='lat' dir='ltr'>lacerosque</span> <span class='ocrx_word' id='word_1_38' title='bbox 1777 469 1884 540; x_wconf 86' lang='lat' dir='ltr'>jacere,</span> 
     </span>
     <span class='ocr_line' id='line_1_5' title="bbox 240 555 1839 632; baseline 0.001 -20"><span class='ocrx_word' id='word_1_39' title='bbox 240 555 387 614; x_wconf 85' lang='lat' dir='ltr'>Richardo</span> <span class='ocrx_word' id='word_1_40' title='bbox 402 558 470 614; x_wconf 92' lang='lat' dir='ltr'>duci</span> <span class='ocrx_word' id='word_1_41' title='bbox 486 560 653 618; x_wconf 88' lang='lat' dir='ltr'>occisorum</span> <span class='ocrx_word' id='word_1_42' title='bbox 683 563 809 619; x_wconf 90' lang='lat' dir='ltr'>infectus</span> <span class='ocrx_word' id='word_1_43' title='bbox 833 579 937 620; x_wconf 91' lang='lat' dir='ltr'>cruore</span> <span class='ocrx_word' id='word_1_44' title='bbox 961 578 1069 618; x_wconf 90' lang='lat' dir='ltr'>renun-</span> <span class='ocrx_word' id='word_1_45' title='bbox 1121 557 1238 616; x_wconf 84' lang='lat' dir='ltr'>Rustica</span> <span class='ocrx_word' id='word_1_46' title='bbox 1251 574 1324 630; x_wconf 91' lang='lat' dir='ltr'>gens</span> <span class='ocrx_word' id='word_1_47' title='bbox 1336 575 1413 632; x_wconf 89' lang='lat' dir='ltr'>quos</span> <span class='ocrx_word' id='word_1_48' title='bbox 1425 557 1555 616; x_wconf 89' lang='lat' dir='ltr'>induviis</span> <span class='ocrx_word' id='word_1_49' title='bbox 1567 557 1630 614; x_wconf 92' lang='lat' dir='ltr'>fera</span> <span class='ocrx_word' id='word_1_50' title='bbox 1642 557 1839 632; x_wconf 79' lang='lat' dir='ltr'>dispoliabat,</span> 
     </span>
     <span class='ocr_line' id='line_1_6' title="bbox 239 643 1902 722; baseline 0.004 -24"><span class='ocrx_word' id='word_1_51' title='bbox 239 643 332 700; x_wconf 87' lang='lat' dir='ltr'>tiavit.</span> <span class='ocrx_word' id='word_1_52' title='bbox 354 646 462 703; x_wconf 84' lang='lat' dir='ltr'>Videas</span> <span class='ocrx_word' id='word_1_53' title='bbox 486 653 587 705; x_wconf 89' lang='lat' dir='ltr'>autem</span> <span class='ocrx_word' id='word_1_54' title='bbox 609 666 679 707; x_wconf 92' lang='lat' dir='ltr'>eum</span> <span class='ocrx_word' id='word_1_55' title='bbox 699 651 972 721; x_wconf 85' lang='lat' dir='ltr'>sanguinolentum,</span> <span class='ocrx_word' id='word_1_56' title='bbox 987 651 1067 722; x_wconf 89' lang='lat' dir='ltr'>ejus·</span> <span class='ocrx_word' id='word_1_57' title='bbox 1120 651 1215 721; x_wconf 81' lang='lat' dir='ltr'>Atque</span> <span class='ocrx_word' id='word_1_58' title='bbox 1230 647 1337 704; x_wconf 88' lang='lat' dir='ltr'>rubere</span> <span class='ocrx_word' id='word_1_59' title='bbox 1352 664 1437 705; x_wconf 89' lang='lat' dir='ltr'>sacro</span> <span class='ocrx_word' id='word_1_60' title='bbox 1452 651 1627 722; x_wconf 79' lang='lat' dir='ltr'>spumantes</span> <span class='ocrx_word' id='word_1_61' title='bbox 1643 648 1797 718; x_wconf 87' lang='lat' dir='ltr'>sanguine</span> <span class='ocrx_word' id='word_1_62' title='bbox 1807 648 1883 704; x_wconf 86' lang='lat' dir='ltr'>rivos</span> <span class='ocrx_word' id='word_1_63' title='bbox 1897 667 1902 715; x_wconf 85' lang='grc'><strong>;</strong></span> 
     </span>
     <span class='ocr_line' id='line_1_7' title="bbox 239 737 1858 812; baseline 0.002 -23"><span class='ocrx_word' id='word_1_64' title='bbox 239 748 298 806; x_wconf 91' lang='lat' dir='ltr'>que</span> <span class='ocrx_word' id='word_1_65' title='bbox 311 750 397 792; x_wconf 91' lang='lat' dir='ltr'>arma</span> <span class='ocrx_word' id='word_1_66' title='bbox 411 753 515 794; x_wconf 90' lang='lat' dir='ltr'>cruore</span> <span class='ocrx_word' id='word_1_67' title='bbox 531 739 661 810; x_wconf 90' lang='lat' dir='ltr'>perfusa,</span> <span class='ocrx_word' id='word_1_68' title='bbox 681 741 743 796; x_wconf 85' lang='lat' dir='ltr'>duv</span> <span class='ocrx_word' id='word_1_69' title='bbox 758 758 888 812; x_wconf 86' lang='lat' dir='ltr'>magnus</span> <span class='ocrx_word' id='word_1_70' title='bbox 904 741 1068 799; x_wconf 84' lang='lat' dir='ltr'>Richardus</span> <span class='ocrx_word' id='word_1_71' title='bbox 1121 738 1245 809; x_wconf 78' lang='lat' dir='ltr'>Fingere</span> <span class='ocrx_word' id='word_1_72' title='bbox 1260 754 1412 811; x_wconf 88' lang='lat' dir='ltr'>quemque</span> <span class='ocrx_word' id='word_1_73' title='bbox 1427 738 1484 795; x_wconf 88' lang='lat' dir='ltr'>sibi</span> <span class='ocrx_word' id='word_1_74' title='bbox 1496 738 1570 795; x_wconf 90' lang='lat' dir='ltr'>varii</span> <span class='ocrx_word' id='word_1_75' title='bbox 1584 737 1763 794; x_wconf 88' lang='lat' dir='ltr'>discrimina</span> <span class='ocrx_word' id='word_1_76' title='bbox 1776 737 1858 804; x_wconf 90' lang='lat' dir='ltr'>lethi,</span> 
     </span>
     <span class='ocr_line' id='line_1_8' title="bbox 239 821 1895 902; baseline 0.004 -24"><span class='ocrx_word' id='word_1_77' title='bbox 239 821 314 878; x_wconf 82' lang='lat' dir='ltr'>dixit</span> <span class='ocrx_word' id='word_1_78' title='bbox 324 824 515 884; x_wconf 85' lang='lat' dir='ltr'>adstantibus</span> <span class='ocrx_word' id='word_1_79' title='bbox 532 844 538 882; x_wconf 96' lang='lat'>:</span> <span class='ocrx_word' id='word_1_80' title='bbox 556 849 570 877; x_wconf 74' lang='grc' dir='ltr'><strong><em>κ</em></strong></span> <span class='ocrx_word' id='word_1_81' title='bbox 588 832 642 884; x_wconf 84' lang='lat' dir='ltr'>iste</span> <span class='ocrx_word' id='word_1_82' title='bbox 657 845 789 902; x_wconf 90' lang='lat' dir='ltr'>namque</span> <span class='ocrx_word' id='word_1_83' title='bbox 804 845 872 886; x_wconf 88' lang='lat' dir='ltr'>cum</span> <span class='ocrx_word' id='word_1_84' title='bbox 896 830 958 886; x_wconf 90' lang='lat' dir='ltr'>suis</span> <span class='ocrx_word' id='word_1_85' title='bbox 981 829 1069 886; x_wconf 87' lang='lat' dir='ltr'>inter·</span> <span class='ocrx_word' id='word_1_86' title='bbox 1119 832 1215 901; x_wconf 80' lang='lat' dir='ltr'>Atque</span> <span class='ocrx_word' id='word_1_87' title='bbox 1228 844 1318 901; x_wconf 88' lang='lat' dir='ltr'>super</span> <span class='ocrx_word' id='word_1_88' title='bbox 1331 844 1455 900; x_wconf 87' lang='lat' dir='ltr'>gramen</span> <span class='ocrx_word' id='word_1_89' title='bbox 1471 827 1604 901; x_wconf 91' lang='lat' dir='ltr'>tepidum</span> <span class='ocrx_word' id='word_1_90' title='bbox 1618 826 1736 884; x_wconf 90' lang='lat' dir='ltr'>fumare</span> <span class='ocrx_word' id='word_1_91' title='bbox 1750 843 1895 894; x_wconf 89' lang='lat' dir='ltr'>cruorem,</span> 
     </span>
     <span class='ocr_line' id='line_1_9' title="bbox 239 908 1881 990; baseline 0.005 -25"><span class='ocrx_word' id='word_1_92' title='bbox 239 908 296 966; x_wconf 92' lang='lat' dir='ltr'>fuit</span> <span class='ocrx_word' id='word_1_93' title='bbox 308 913 471 981; x_wconf 86' lang='lat' dir='ltr'>certamini,</span> <span class='ocrx_word' id='word_1_94' title='bbox 488 914 620 988; x_wconf 84' lang='lat' dir='ltr'>dixitque</span> <span class='ocrx_word' id='word_1_95' title='bbox 633 917 675 973; x_wconf 92' lang='lat' dir='ltr'>illi</span> <span class='ocrx_word' id='word_1_96' title='bbox 700 936 706 974; x_wconf 95' lang='lat'><strong>:</strong></span> <span class='ocrx_word' id='word_1_97' title='bbox 732 940 746 967; x_wconf 88' lang='lat'><strong><em>«</em></strong></span> <span class='ocrx_word' id='word_1_98' title='bbox 770 920 847 984; x_wconf 82' lang='lat' dir='ltr'>Quot</span> <span class='ocrx_word' id='word_1_99' title='bbox 875 919 939 990; x_wconf 89' lang='lat' dir='ltr'>ejus</span> <span class='ocrx_word' id='word_1_100' title='bbox 961 917 1069 975; x_wconf 86' lang='lat' dir='ltr'>exeret·</span> <span class='ocrx_word' id='word_1_101' title='bbox 1120 915 1363 990; x_wconf 79' lang='lat' dir='ltr'>Richardumqne</span> <span class='ocrx_word' id='word_1_102' title='bbox 1374 917 1484 974; x_wconf 88' lang='lat' dir='ltr'>ducam</span> <span class='ocrx_word' id='word_1_103' title='bbox 1497 917 1619 988; x_wconf 87' lang='lat' dir='ltr'>gratari,</span> <span class='ocrx_word' id='word_1_104' title='bbox 1635 921 1733 986; x_wconf 88' lang='lat' dir='ltr'>strage</span> <span class='ocrx_word' id='word_1_105' title='bbox 1749 919 1881 989; x_wconf 89' lang='lat' dir='ltr'>peracta.</span> 
     </span>
     <span class='ocr_line' id='line_1_10' title="bbox 240 999 1727 1080; baseline 0.006 -27"><span class='ocrx_word' id='word_1_106' title='bbox 240 1001 325 1054; x_wconf 91' lang='lat' dir='ltr'>tuum</span> <span class='ocrx_word' id='word_1_107' title='bbox 354 999 471 1058; x_wconf 82' lang='lat' dir='ltr'>millia?</span> <span class='ocrx_word' id='word_1_108' title='bbox 500 1019 597 1075; x_wconf 93' lang='lat' dir='ltr'>quave</span> <span class='ocrx_word' id='word_1_109' title='bbox 623 1009 706 1077; x_wconf 90' lang='lat' dir='ltr'>parte</span> <span class='ocrx_word' id='word_1_110' title='bbox 731 1007 875 1078; x_wconf 79' lang='lat' dir='ltr'>Sequanae</span> <span class='ocrx_word' id='word_1_111' title='bbox 896 1005 1068 1076; x_wconf 76' lang='lat' dir='ltr'>aggreditur</span> <span class='ocrx_word' id='word_1_112' title='bbox 1120 1005 1256 1062; x_wconf 78' lang='lat' dir='ltr'>Militibus</span> <span class='ocrx_word' id='word_1_113' title='bbox 1270 1005 1353 1076; x_wconf 79' lang='lat' dir='ltr'>letis,</span> <span class='ocrx_word' id='word_1_114' title='bbox 1368 1021 1449 1064; x_wconf 91' lang='lat' dir='ltr'>esses</span> <span class='ocrx_word' id='word_1_115' title='bbox 1464 1006 1488 1062; x_wconf 91' lang='lat' dir='ltr'>si</span> <span class='ocrx_word' id='word_1_116' title='bbox 1500 1006 1585 1080; x_wconf 88' lang='lat' dir='ltr'>forte,</span> <span class='ocrx_word' id='word_1_117' title='bbox 1601 1005 1727 1062; x_wconf 87' lang='lat' dir='ltr'>videres.</span> 
     </span>
    </p>

    <p class='ocr_par' dir='ltr' id='par_1_4' title="bbox 236 1088 1935 2946">
     <span class='ocr_line' id='line_1_11' title="bbox 239 1088 1934 1168; baseline 0.005 -26"><span class='ocrx_word' id='word_1_118' title='bbox 239 1091 342 1146; x_wconf 88' lang='lat' dir='ltr'>nostra</span> <span class='ocrx_word' id='word_1_119' title='bbox 368 1088 525 1148; x_wconf 79' lang='lat' dir='ltr'>confinior</span> <span class='ocrx_word' id='word_1_120' title='bbox 541 1115 554 1142; x_wconf 90' lang='lat'>»</span> <span class='ocrx_word' id='word_1_121' title='bbox 584 1095 747 1167; x_wconf 86' lang='lat' dir='ltr'>Respondit</span> <span class='ocrx_word' id='word_1_122' title='bbox 774 1112 780 1150; x_wconf 91' lang='lat'>:</span> <span class='ocrx_word' id='word_1_123' title='bbox 808 1095 915 1164; x_wconf 84' lang='lat' dir='ltr'>«Tria,</span> <span class='ocrx_word' id='word_1_124' title='bbox 941 1095 1067 1168; x_wconf 90' lang='lat' dir='ltr'>levaque</span> <span class='ocrx_word' id='word_1_125' title='bbox 1156 1095 1287 1153; x_wconf 78' lang='lat' dir='ltr'>landem</span> <span class='ocrx_word' id='word_1_126' title='bbox 1303 1111 1373 1153; x_wconf 87' lang='lat' dir='ltr'>vero</span> <span class='ocrx_word' id='word_1_127' title='bbox 1389 1112 1489 1154; x_wconf 89' lang='lat' dir='ltr'>comes</span> <span class='ocrx_word' id='word_1_128' title='bbox 1503 1095 1674 1167; x_wconf 78' lang='lat' dir='ltr'>letholdus,</span> <span class='ocrx_word' id='word_1_129' title='bbox 1694 1094 1809 1166; x_wconf 85' lang='lat' dir='ltr'>higatis</span> <span class='ocrx_word' id='word_1_130' title='bbox 1823 1101 1934 1167; x_wconf 86' lang='lat' dir='ltr'>prostra-</span> 
     </span>
     <span class='ocr_line' id='line_1_12' title="bbox 239 1180 1934 1258; baseline 0.004 -26"><span class='ocrx_word' id='word_1_131' title='bbox 239 1181 323 1249; x_wconf 89' lang='lat' dir='ltr'>parte</span> <span class='ocrx_word' id='word_1_132' title='bbox 349 1180 504 1252; x_wconf 78' lang='lat' dir='ltr'>Sequania,</span> <span class='ocrx_word' id='word_1_133' title='bbox 525 1197 592 1253; x_wconf 83' lang='lat' dir='ltr'>quae</span> <span class='ocrx_word' id='word_1_134' title='bbox 621 1188 665 1239; x_wconf 88' lang='lat' dir='ltr'>est</span> <span class='ocrx_word' id='word_1_135' title='bbox 693 1183 926 1255; x_wconf 89' lang='lat' dir='ltr'>Ebroicacensis,</span> <span class='ocrx_word' id='word_1_136' title='bbox 955 1183 1068 1240; x_wconf 92' lang='lat' dir='ltr'>occurit</span> <span class='ocrx_word' id='word_1_137' title='bbox 1120 1185 1218 1258; x_wconf 81' lang='lat' dir='ltr'>iisque</span> <span class='ocrx_word' id='word_1_138' title='bbox 1233 1191 1322 1258; x_wconf 90' lang='lat' dir='ltr'>atque</span> <span class='ocrx_word' id='word_1_139' title='bbox 1337 1185 1442 1242; x_wconf 87' lang='lat' dir='ltr'>occisis</span> <span class='ocrx_word' id='word_1_140' title='bbox 1457 1183 1596 1241; x_wconf 87' lang='lat' dir='ltr'>fidelihus</span> <span class='ocrx_word' id='word_1_141' title='bbox 1615 1184 1677 1241; x_wconf 90' lang='lat' dir='ltr'>suis</span> <span class='ocrx_word' id='word_1_142' title='bbox 1702 1184 1851 1258; x_wconf 91' lang='lat' dir='ltr'>privatus,</span> <span class='ocrx_word' id='word_1_143' title='bbox 1876 1184 1934 1256; x_wconf 76' lang='lat' dir='ltr'>iuga</span> 
     </span>
     <span class='ocr_line' id='line_1_13' title="bbox 238 1265 1935 1347; baseline 0.004 -25"><span class='ocrx_word' id='word_1_144' title='bbox 238 1265 382 1322; x_wconf 89' lang='lat' dir='ltr'>hostiliter</span> <span class='ocrx_word' id='word_1_145' title='bbox 391 1268 489 1326; x_wconf 90' lang='lat' dir='ltr'>nohis.</span> <span class='ocrx_word' id='word_1_146' title='bbox 507 1291 520 1319; x_wconf 75' lang='lat' dir='ltr'>u</span> <span class='ocrx_word' id='word_1_147' title='bbox 536 1270 588 1328; x_wconf 88' lang='lat' dir='ltr'>Cui</span> <span class='ocrx_word' id='word_1_148' title='bbox 602 1271 665 1328; x_wconf 89' lang='lat' dir='ltr'>dux</span> <span class='ocrx_word' id='word_1_149' title='bbox 679 1289 809 1344; x_wconf 90' lang='lat' dir='ltr'>magnus</span> <span class='ocrx_word' id='word_1_150' title='bbox 832 1293 838 1330; x_wconf 90' lang='lat'>:</span> <span class='ocrx_word' id='word_1_151' title='bbox 856 1296 870 1324; x_wconf 76' lang='lat' dir='ltr'>a</span> <span class='ocrx_word' id='word_1_152' title='bbox 888 1273 917 1331; x_wconf 85' lang='lat' dir='ltr'>Si</span> <span class='ocrx_word' id='word_1_153' title='bbox 931 1273 1068 1347; x_wconf 87' lang='lat' dir='ltr'>praelium</span> <span class='ocrx_word' id='word_1_154' title='bbox 1120 1274 1244 1347; x_wconf 81' lang='lat' dir='ltr'>expetiit</span> <span class='ocrx_word' id='word_1_155' title='bbox 1255 1273 1400 1330; x_wconf 85' lang='lat' dir='ltr'>auxilium</span> <span class='ocrx_word' id='word_1_156' title='bbox 1415 1290 1485 1329; x_wconf 93' lang='lat' dir='ltr'>cum</span> <span class='ocrx_word' id='word_1_157' title='bbox 1497 1273 1603 1347; x_wconf 88' lang='lat' dir='ltr'>paucis</span> <span class='ocrx_word' id='word_1_158' title='bbox 1613 1273 1757 1340; x_wconf 89' lang='lat' dir='ltr'>velocius,</span> <span class='ocrx_word' id='word_1_159' title='bbox 1772 1288 1829 1330; x_wconf 88' lang='lat' dir='ltr'>nec</span> <span class='ocrx_word' id='word_1_160' title='bbox 1841 1273 1935 1329; x_wconf 86' lang='lat' dir='ltr'>divertit</span> 
     </span>
     <span class='ocr_line' id='line_1_14' title="bbox 238 1360 1934 1436; baseline 0.004 -26"><span class='ocrx_word' id='word_1_161' title='bbox 238 1361 342 1412; x_wconf 90' lang='lat' dir='ltr'>contra</span> <span class='ocrx_word' id='word_1_162' title='bbox 368 1373 434 1426; x_wconf 89' lang='lat' dir='ltr'>nos,</span> <span class='ocrx_word' id='word_1_163' title='bbox 464 1362 516 1415; x_wconf 91' lang='lat' dir='ltr'>aut</span> <span class='ocrx_word' id='word_1_164' title='bbox 536 1360 726 1419; x_wconf 90' lang='lat' dir='ltr'>obsidionem</span> <span class='ocrx_word' id='word_1_165' title='bbox 751 1363 833 1420; x_wconf 90' lang='lat' dir='ltr'>urbis</span> <span class='ocrx_word' id='word_1_166' title='bbox 849 1362 1068 1434; x_wconf 80' lang='lat' dir='ltr'>ltotomiagere</span> <span class='ocrx_word' id='word_1_167' title='bbox 1121 1363 1160 1419; x_wconf 91' lang='lat' dir='ltr'>ad</span> <span class='ocrx_word' id='word_1_168' title='bbox 1176 1363 1342 1430; x_wconf 86' lang='lat' dir='ltr'>Ebroicam,</span> <span class='ocrx_word' id='word_1_169' title='bbox 1358 1378 1452 1436; x_wconf 89' lang='lat' dir='ltr'>quam</span> <span class='ocrx_word' id='word_1_170' title='bbox 1467 1363 1514 1418; x_wconf 91' lang='lat' dir='ltr'>sui</span> <span class='ocrx_word' id='word_1_171' title='bbox 1540 1362 1690 1430; x_wconf 89' lang='lat' dir='ltr'>tenebant,</span> <span class='ocrx_word' id='word_1_172' title='bbox 1716 1361 1839 1430; x_wconf 89' lang='lat' dir='ltr'>urbem,</span> <span class='ocrx_word' id='word_1_173' title='bbox 1861 1363 1934 1418; x_wconf 87' lang='lat' dir='ltr'>citetis</span> 
     </span>
     <span class='ocr_line' id='line_1_15' title="bbox 239 1444 1934 1525; baseline 0.004 -25"><span class='ocrx_word' id='word_1_174' title='bbox 239 1444 376 1514; x_wconf 87' lang='lat' dir='ltr'>ambiret,</span> <span class='ocrx_word' id='word_1_175' title='bbox 403 1446 588 1521; x_wconf 89' lang='lat' dir='ltr'>altrinsecus,</span> <span class='ocrx_word' id='word_1_176' title='bbox 616 1467 678 1523; x_wconf 89' lang='lat' dir='ltr'>qua</span> <span class='ocrx_word' id='word_1_177' title='bbox 705 1452 816 1509; x_wconf 90' lang='lat' dir='ltr'>eminet</span> <span class='ocrx_word' id='word_1_178' title='bbox 840 1452 922 1523; x_wconf 90' lang='lat' dir='ltr'>urbs,</span> <span class='ocrx_word' id='word_1_179' title='bbox 950 1453 1067 1510; x_wconf 88' lang='lat' dir='ltr'>feritare</span> <span class='ocrx_word' id='word_1_180' title='bbox 1120 1452 1205 1525; x_wconf 91' lang='lat' dir='ltr'>cquis</span> <span class='ocrx_word' id='word_1_181' title='bbox 1219 1452 1396 1509; x_wconf 90' lang='lat' dir='ltr'>calcaribus.</span> <span class='ocrx_word' id='word_1_182' title='bbox 1420 1451 1519 1508; x_wconf 84' lang='lat' dir='ltr'>tterito</span> <span class='ocrx_word' id='word_1_183' title='bbox 1532 1467 1667 1525; x_wconf 91' lang='lat' dir='ltr'>namque</span> <span class='ocrx_word' id='word_1_184' title='bbox 1681 1450 1764 1508; x_wconf 88' lang='lat' dir='ltr'>beati</span> <span class='ocrx_word' id='word_1_185' title='bbox 1773 1451 1934 1508; x_wconf 83' lang='lat' dir='ltr'>marchionis</span> 
     </span>
     <span class='ocr_line' id='line_1_16' title="bbox 237 1536 1934 1615; baseline 0.004 -26"><span class='ocrx_word' id='word_1_186' title='bbox 237 1537 342 1592; x_wconf 90' lang='lat' dir='ltr'>contre</span> <span class='ocrx_word' id='word_1_187' title='bbox 356 1551 410 1592; x_wconf 88' lang='lat' dir='ltr'>nos</span> <span class='ocrx_word' id='word_1_188' title='bbox 424 1536 609 1595; x_wconf 87' lang='lat' dir='ltr'>acceleraret.</span> <span class='ocrx_word' id='word_1_189' title='bbox 625 1543 744 1608; x_wconf 88' lang='lat' dir='ltr'>Verum,</span> <span class='ocrx_word' id='word_1_190' title='bbox 760 1541 831 1614; x_wconf 91' lang='lat' dir='ltr'>quia</span> <span class='ocrx_word' id='word_1_191' title='bbox 845 1541 937 1598; x_wconf 81' lang='lat' dir='ltr'>altuni</span> <span class='ocrx_word' id='word_1_192' title='bbox 955 1544 1067 1614; x_wconf 90' lang='lat' dir='ltr'>Sequa·</span> <span class='ocrx_word' id='word_1_193' title='bbox 1121 1541 1259 1598; x_wconf 80' lang='lat' dir='ltr'>Richardi</span> <span class='ocrx_word' id='word_1_194' title='bbox 1269 1540 1477 1615; x_wconf 89' lang='lat' dir='ltr'>quadripertiti</span> <span class='ocrx_word' id='word_1_195' title='bbox 1490 1540 1669 1597; x_wconf 90' lang='lat' dir='ltr'>detrimento</span> <span class='ocrx_word' id='word_1_196' title='bbox 1681 1539 1734 1596; x_wconf 94' lang='lat' dir='ltr'>illo</span> <span class='ocrx_word' id='word_1_197' title='bbox 1762 1539 1811 1596; x_wconf 92' lang='lat' dir='ltr'>die</span> <span class='ocrx_word' id='word_1_198' title='bbox 1834 1540 1934 1596; x_wconf 91' lang='lat' dir='ltr'>infortu-</span> 
     </span>
     <span class='ocr_line' id='line_1_17' title="bbox 238 1623 1934 1703; baseline 0.004 -26"><span class='ocrx_word' id='word_1_199' title='bbox 238 1637 284 1678; x_wconf 83' lang='lat' dir='ltr'>nae</span> <span class='ocrx_word' id='word_1_200' title='bbox 300 1623 425 1695; x_wconf 90' lang='lat' dir='ltr'>pelagus</span> <span class='ocrx_word' id='word_1_201' title='bbox 439 1625 527 1682; x_wconf 90' lang='lat' dir='ltr'>nobis</span> <span class='ocrx_word' id='word_1_202' title='bbox 540 1631 568 1683; x_wconf 91' lang='lat' dir='ltr'>et</span> <span class='ocrx_word' id='word_1_203' title='bbox 578 1627 636 1683; x_wconf 91' lang='lat' dir='ltr'>illis</span> <span class='ocrx_word' id='word_1_204' title='bbox 651 1629 842 1686; x_wconf 85' lang='lat' dir='ltr'>obstaculum</span> <span class='ocrx_word' id='word_1_205' title='bbox 852 1635 1066 1697; x_wconf 88' lang='lat' dir='ltr'>exstat‚navcs·</span> <span class='ocrx_word' id='word_1_206' title='bbox 1085 1630 1205 1701; x_wconf 83' lang='lat' dir='ltr'>guium</span> <span class='ocrx_word' id='word_1_207' title='bbox 1220 1630 1384 1703; x_wconf 88' lang='lat' dir='ltr'>persensit;</span> <span class='ocrx_word' id='word_1_208' title='bbox 1399 1628 1535 1685; x_wconf 89' lang='lat' dir='ltr'>videlicet</span> <span class='ocrx_word' id='word_1_209' title='bbox 1548 1628 1652 1686; x_wconf 88' lang='lat' dir='ltr'>fideles</span> <span class='ocrx_word' id='word_1_210' title='bbox 1667 1645 1742 1684; x_wconf 88' lang='lat' dir='ltr'>suos</span> <span class='ocrx_word' id='word_1_211' title='bbox 1766 1627 1864 1703; x_wconf 80' lang='lat' dir='ltr'>praelio</span> <span class='ocrx_word' id='word_1_212' title='bbox 1883 1645 1934 1702; x_wconf 87' lang='lat' dir='ltr'>pro</span> 
     </span>
     <span class='ocr_line' id='line_1_18' title="bbox 238 1713 1935 1792; baseline 0.002 -25"><span class='ocrx_word' id='word_1_213' title='bbox 238 1728 296 1784; x_wconf 91' lang='lat' dir='ltr'>que</span> <span class='ocrx_word' id='word_1_214' title='bbox 312 1713 423 1770; x_wconf 88' lang='lat' dir='ltr'>absunt</span> <span class='ocrx_word' id='word_1_215' title='bbox 441 1715 490 1784; x_wconf 89' lang='lat' dir='ltr'>illi,</span> <span class='ocrx_word' id='word_1_216' title='bbox 507 1717 618 1790; x_wconf 89' lang='lat' dir='ltr'>quihus</span> <span class='ocrx_word' id='word_1_217' title='bbox 645 1722 783 1786; x_wconf 89' lang='lat' dir='ltr'>transeat,</span> <span class='ocrx_word' id='word_1_218' title='bbox 813 1719 984 1776; x_wconf 90' lang='lat' dir='ltr'>nullatcnus</span> <span class='ocrx_word' id='word_1_219' title='bbox 1010 1736 1066 1777; x_wconf 93' lang='lat' dir='ltr'>nos</span> <span class='ocrx_word' id='word_1_220' title='bbox 1122 1724 1229 1777; x_wconf 90' lang='lat' dir='ltr'>stratos</span> <span class='ocrx_word' id='word_1_221' title='bbox 1243 1719 1418 1792; x_wconf 82' lang='lat' dir='ltr'>conspexit:</span> <span class='ocrx_word' id='word_1_222' title='bbox 1435 1719 1498 1792; x_wconf 91' lang='lat' dir='ltr'>ipse</span> <span class='ocrx_word' id='word_1_223' title='bbox 1512 1717 1632 1789; x_wconf 89' lang='lat' dir='ltr'>fugatus</span> <span class='ocrx_word' id='word_1_224' title='bbox 1654 1721 1682 1773; x_wconf 91' lang='lat' dir='ltr'>et</span> <span class='ocrx_word' id='word_1_225' title='bbox 1702 1717 1852 1776; x_wconf 87' lang='lat' dir='ltr'>laceratus</span> <span class='ocrx_word' id='word_1_226' title='bbox 1868 1717 1935 1774; x_wconf 80' lang='lat' dir='ltr'>exsti</span> 
     </span>
     <span class='ocr_line' id='line_1_19' title="bbox 236 1798 1933 1882; baseline 0.004 -27"><span class='ocrx_word' id='word_1_227' title='bbox 236 1798 316 1856; x_wconf 92' lang='lat' dir='ltr'>hello</span> <span class='ocrx_word' id='word_1_228' title='bbox 331 1800 477 1858; x_wconf 85' lang='lat' dir='ltr'>lacessere</span> <span class='ocrx_word' id='word_1_229' title='bbox 494 1808 594 1872; x_wconf 87' lang='lat' dir='ltr'>tentat,</span> <span class='ocrx_word' id='word_1_230' title='bbox 611 1805 664 1861; x_wconf 91' lang='lat' dir='ltr'>sed</span> <span class='ocrx_word' id='word_1_231' title='bbox 678 1806 807 1878; x_wconf 92' lang='lat' dir='ltr'>patriam</span> <span class='ocrx_word' id='word_1_232' title='bbox 820 1812 930 1863; x_wconf 82' lang='lat' dir='ltr'>nostrae</span> <span class='ocrx_word' id='word_1_233' title='bbox 946 1807 1067 1865; x_wconf 87' lang='lat' dir='ltr'>ditionis</span> <span class='ocrx_word' id='word_1_234' title='bbox 1121 1809 1164 1878; x_wconf 88' lang='lat' dir='ltr'>tit,</span> <span class='ocrx_word' id='word_1_235' title='bbox 1178 1809 1304 1882; x_wconf 88' lang='lat' dir='ltr'>quidam</span> <span class='ocrx_word' id='word_1_236' title='bbox 1319 1807 1398 1864; x_wconf 87' lang='lat' dir='ltr'>filius</span> <span class='ocrx_word' id='word_1_237' title='bbox 1414 1808 1478 1880; x_wconf 88' lang='lat' dir='ltr'>ejus</span> <span class='ocrx_word' id='word_1_238' title='bbox 1493 1811 1588 1864; x_wconf 89' lang='lat' dir='ltr'>morte</span> <span class='ocrx_word' id='word_1_239' title='bbox 1613 1813 1844 1882; x_wconf 72' lang='lat' dir='ltr'>preoccupatus</span> <span class='ocrx_word' id='word_1_240' title='bbox 1865 1825 1933 1864; x_wconf 86' lang='lat' dir='ltr'>oecu-</span> 
     </span>
     <span class='ocr_line' id='line_1_20' title="bbox 237 1889 1932 1969; baseline 0.003 -25"><span class='ocrx_word' id='word_1_241' title='bbox 237 1889 421 1962; x_wconf 88' lang='lat' dir='ltr'>depopularc</span> <span class='ocrx_word' id='word_1_242' title='bbox 435 1899 523 1964; x_wconf 88' lang='lat' dir='ltr'>atque</span> <span class='ocrx_word' id='word_1_243' title='bbox 538 1909 671 1951; x_wconf 86' lang='lat' dir='ltr'>cremare</span> <span class='ocrx_word' id='word_1_244' title='bbox 698 1896 792 1951; x_wconf 90' lang='lat' dir='ltr'>nostri</span> <span class='ocrx_word' id='word_1_245' title='bbox 817 1896 936 1952; x_wconf 88' lang='lat' dir='ltr'>ruboris</span> <span class='ocrx_word' id='word_1_246' title='bbox 962 1899 1066 1954; x_wconf 92' lang='lat' dir='ltr'>confu-</span> <span class='ocrx_word' id='word_1_247' title='bbox 1121 1898 1186 1954; x_wconf 90' lang='lat' dir='ltr'>huit</span> <span class='ocrx_word' id='word_1_248' title='bbox 1211 1915 1217 1952; x_wconf 93' lang='lat'><strong>:</strong></span> <span class='ocrx_word' id='word_1_249' title='bbox 1245 1897 1316 1954; x_wconf 89' lang='lat' dir='ltr'>urbs</span> <span class='ocrx_word' id='word_1_250' title='bbox 1346 1895 1538 1954; x_wconf 76' lang='lat' dir='ltr'>carnotensis</span> <span class='ocrx_word' id='word_1_251' title='bbox 1566 1901 1595 1952; x_wconf 90' lang='lat' dir='ltr'>at</span> <span class='ocrx_word' id='word_1_252' title='bbox 1615 1896 1794 1969; x_wconf 80' lang='lat' dir='ltr'>praesidium</span> <span class='ocrx_word' id='word_1_253' title='bbox 1811 1899 1871 1968; x_wconf 85' lang='lat' dir='ltr'>ejus</span> <span class='ocrx_word' id='word_1_254' title='bbox 1881 1898 1932 1966; x_wconf 88' lang='lat' dir='ltr'>igne</span> 
     </span>
     <span class='ocr_line' id='line_1_21' title="bbox 237 1977 1931 2058; baseline 0.001 -24"><span class='ocrx_word' id='word_1_255' title='bbox 237 1977 321 2034; x_wconf 89' lang='lat' dir='ltr'>sione</span> <span class='ocrx_word' id='word_1_256' title='bbox 336 1980 472 2037; x_wconf 86' lang='lat' dir='ltr'>atrociter</span> <span class='ocrx_word' id='word_1_257' title='bbox 486 1981 639 2039; x_wconf 90' lang='lat' dir='ltr'>dehberat.</span> <span class='ocrx_word' id='word_1_258' title='bbox 656 1987 714 2040; x_wconf 83' lang='lat' dir='ltr'>Nos</span> <span class='ocrx_word' id='word_1_259' title='bbox 731 2001 799 2041; x_wconf 90' lang='lat' dir='ltr'>vero</span> <span class='ocrx_word' id='word_1_260' title='bbox 818 1985 930 2058; x_wconf 92' lang='lat' dir='ltr'>quibus</span> <span class='ocrx_word' id='word_1_261' title='bbox 957 1987 1067 2043; x_wconf 86' lang='lat' dir='ltr'>adsunt</span> <span class='ocrx_word' id='word_1_262' title='bbox 1121 1990 1310 2044; x_wconf 88' lang='lat' dir='ltr'>concremata</span> <span class='ocrx_word' id='word_1_263' title='bbox 1322 1985 1456 2042; x_wconf 91' lang='lat' dir='ltr'>funditus</span> <span class='ocrx_word' id='word_1_264' title='bbox 1471 1985 1538 2042; x_wconf 88' lang='lat' dir='ltr'>ruit.</span> <span class='ocrx_word' id='word_1_265' title='bbox 1555 1985 1723 2043; x_wconf 87' lang='lat' dir='ltr'>Richardus</span> <span class='ocrx_word' id='word_1_266' title='bbox 1739 2000 1810 2042; x_wconf 85' lang='lat' dir='ltr'>vero</span> <span class='ocrx_word' id='word_1_267' title='bbox 1821 1981 1931 2041; x_wconf 88' lang='lat' dir='ltr'>marchio</span> 
     </span>
     <span class='ocr_line' id='line_1_22' title="bbox 236 2069 1930 2146; baseline 0.001 -24"><span class='ocrx_word' id='word_1_268' title='bbox 236 2083 340 2135; x_wconf 67' lang='lat' dir='ltr'>naves</span> <span class='ocrx_word' id='word_1_269' title='bbox 356 2069 455 2126; x_wconf 88' lang='lat' dir='ltr'>ascitis</span> <span class='ocrx_word' id='word_1_270' title='bbox 467 2071 654 2145; x_wconf 85' lang='lat' dir='ltr'>principibus</span> <span class='ocrx_word' id='word_1_271' title='bbox 669 2074 779 2129; x_wconf 91' lang='lat' dir='ltr'>nostris</span> <span class='ocrx_word' id='word_1_272' title='bbox 794 2074 834 2131; x_wconf 90' lang='lat' dir='ltr'>ad</span> <span class='ocrx_word' id='word_1_273' title='bbox 848 2074 914 2131; x_wconf 90' lang='lat' dir='ltr'>illos</span> <span class='ocrx_word' id='word_1_274' title='bbox 931 2079 1065 2132; x_wconf 89' lang='lat' dir='ltr'>transea-</span> <span class='ocrx_word' id='word_1_275' title='bbox 1119 2074 1253 2131; x_wconf 90' lang='lat' dir='ltr'>bonitate</span> <span class='ocrx_word' id='word_1_276' title='bbox 1267 2073 1500 2144; x_wconf 89' lang='lat' dir='ltr'>famosissimus,</span> <span class='ocrx_word' id='word_1_277' title='bbox 1516 2073 1678 2130; x_wconf 87' lang='lat' dir='ltr'>certamine</span> <span class='ocrx_word' id='word_1_278' title='bbox 1693 2072 1870 2146; x_wconf 85' lang='lat' dir='ltr'>prolixaque</span> <span class='ocrx_word' id='word_1_279' title='bbox 1883 2084 1930 2142; x_wconf 87' lang='lat' dir='ltr'>pro</span> 
     </span>
     <span class='ocr_line' id='line_1_23' title="bbox 237 2157 1931 2236; baseline 0.001 -26"><span class='ocrx_word' id='word_1_280' title='bbox 237 2171 316 2226; x_wconf 90' lang='lat' dir='ltr'>mus,</span> <span class='ocrx_word' id='word_1_281' title='bbox 331 2157 474 2230; x_wconf 91' lang='lat' dir='ltr'>quodque</span> <span class='ocrx_word' id='word_1_282' title='bbox 495 2161 553 2214; x_wconf 80' lang='lat' dir='ltr'>lieo</span> <span class='ocrx_word' id='word_1_283' title='bbox 578 2159 722 2232; x_wconf 89' lang='lat' dir='ltr'>placuerit</span> <span class='ocrx_word' id='word_1_284' title='bbox 748 2163 823 2218; x_wconf 90' lang='lat' dir='ltr'>inter</span> <span class='ocrx_word' id='word_1_285' title='bbox 850 2179 905 2219; x_wconf 89' lang='lat' dir='ltr'>nos</span> <span class='ocrx_word' id='word_1_286' title='bbox 931 2165 1066 2236; x_wconf 86' lang='lat' dir='ltr'>experia—</span> <span class='ocrx_word' id='word_1_287' title='bbox 1121 2163 1271 2220; x_wconf 91' lang='lat' dir='ltr'>secutione</span> <span class='ocrx_word' id='word_1_288' title='bbox 1286 2161 1418 2219; x_wconf 91' lang='lat' dir='ltr'>hostium</span> <span class='ocrx_word' id='word_1_289' title='bbox 1431 2161 1572 2234; x_wconf 87' lang='lat' dir='ltr'>fatigatus</span> <span class='ocrx_word' id='word_1_290' title='bbox 1594 2165 1757 2218; x_wconf 82' lang='lat' dir='ltr'>Rotonmm</span> <span class='ocrx_word' id='word_1_291' title='bbox 1778 2160 1884 2234; x_wconf 88' lang='lat' dir='ltr'>repetiit</span> <span class='ocrx_word' id='word_1_292' title='bbox 1897 2173 1931 2212; x_wconf 82' lang='lat' dir='ltr'>ve</span> 
     </span>
     <span class='ocr_line' id='line_1_24' title="bbox 237 2245 1930 2326; baseline 0.002 -26"><span class='ocrx_word' id='word_1_293' title='bbox 237 2259 314 2300; x_wconf 90' lang='lat' dir='ltr'>mur.</span> <span class='ocrx_word' id='word_1_294' title='bbox 334 2245 734 2317; x_wconf 79' lang='lat' dir='ltr'>»ttisdictis,sao1·osanctae</span> <span class='ocrx_word' id='word_1_295' title='bbox 761 2251 913 2308; x_wconf 87' lang='lat' dir='ltr'>Genitricis</span> <span class='ocrx_word' id='word_1_296' title='bbox 943 2253 993 2308; x_wconf 85' lang='lat' dir='ltr'>liei</span> <span class='ocrx_word' id='word_1_297' title='bbox 1016 2269 1065 2326; x_wconf 88' lang='lat' dir='ltr'>pe·</span> <span class='ocrx_word' id='word_1_298' title='bbox 1121 2251 1281 2323; x_wconf 88' lang='lat' dir='ltr'>spertiuus.</span> <span class='ocrx_word' id='word_1_299' title='bbox 1301 2249 1436 2307; x_wconf 85' lang='lat' dir='ltr'>Diluculo</span> <span class='ocrx_word' id='word_1_300' title='bbox 1458 2256 1559 2306; x_wconf 89' lang='lat' dir='ltr'>autem</span> <span class='ocrx_word' id='word_1_301' title='bbox 1584 2266 1783 2320; x_wconf 86' lang='lat' dir='ltr'>consurgens,</span> <span class='ocrx_word' id='word_1_302' title='bbox 1810 2261 1930 2320; x_wconf 85' lang='lat' dir='ltr'>campan</span> 
     </span>
     <span class='ocr_line' id='line_1_25' title="bbox 238 2334 1929 2413; baseline 0 -25"><span class='ocrx_word' id='word_1_303' title='bbox 238 2336 301 2390; x_wconf 90' lang='lat' dir='ltr'>tens</span> <span class='ocrx_word' id='word_1_304' title='bbox 316 2334 428 2404; x_wconf 88' lang='lat' dir='ltr'>aulam,</span> <span class='ocrx_word' id='word_1_305' title='bbox 446 2353 596 2412; x_wconf 88' lang='lat' dir='ltr'>superque</span> <span class='ocrx_word' id='word_1_306' title='bbox 615 2339 707 2396; x_wconf 78' lang='lat' dir='ltr'>altare</span> <span class='ocrx_word' id='word_1_307' title='bbox 720 2341 785 2412; x_wconf 87' lang='lat' dir='ltr'>ejus</span> <span class='ocrx_word' id='word_1_308' title='bbox 797 2341 918 2413; x_wconf 90' lang='lat' dir='ltr'>pretiosi</span> <span class='ocrx_word' id='word_1_309' title='bbox 933 2343 1066 2400; x_wconf 89' lang='lat' dir='ltr'>muneris</span> <span class='ocrx_word' id='word_1_310' title='bbox 1120 2339 1213 2413; x_wconf 64' lang='lat' dir='ltr'>proelii</span> <span class='ocrx_word' id='word_1_311' title='bbox 1228 2338 1415 2411; x_wconf 86' lang='lat' dir='ltr'>aggrediens,</span> <span class='ocrx_word' id='word_1_312' title='bbox 1431 2343 1586 2396; x_wconf 86' lang='lat' dir='ltr'>sexcentos</span> <span class='ocrx_word' id='word_1_313' title='bbox 1601 2339 1806 2412; x_wconf 88' lang='lat' dir='ltr'>quadraginta</span> <span class='ocrx_word' id='word_1_314' title='bbox 1818 2341 1929 2394; x_wconf 82' lang='lat' dir='ltr'>mortuos</span> 
     </span>
     <span class='ocr_line' id='line_1_26' title="bbox 237 2424 1928 2500; baseline -0.001 -23"><span class='ocrx_word' id='word_1_315' title='bbox 237 2436 352 2494; x_wconf 88' lang='lat' dir='ltr'>ponens</span> <span class='ocrx_word' id='word_1_316' title='bbox 367 2424 502 2496; x_wconf 92' lang='lat' dir='ltr'>pallium,</span> <span class='ocrx_word' id='word_1_317' title='bbox 519 2427 557 2482; x_wconf 88' lang='lat' dir='ltr'>ad</span> <span class='ocrx_word' id='word_1_318' title='bbox 572 2428 763 2499; x_wconf 89' lang='lat' dir='ltr'>profuturum</span> <span class='ocrx_word' id='word_1_319' title='bbox 779 2427 908 2485; x_wconf 89' lang='lat' dir='ltr'>efficacis</span> <span class='ocrx_word' id='word_1_320' title='bbox 923 2430 1066 2487; x_wconf 89' lang='lat' dir='ltr'>orationis</span> <span class='ocrx_word' id='word_1_321' title='bbox 1120 2427 1281 2500; x_wconf 83' lang='lat' dir='ltr'>reperiens,</span> <span class='ocrx_word' id='word_1_322' title='bbox 1298 2427 1565 2483; x_wconf 87' lang='lat' dir='ltr'>funeretantorum</span> <span class='ocrx_word' id='word_1_323' title='bbox 1588 2427 1697 2500; x_wconf 88' lang='lat' dir='ltr'>pietate</span> <span class='ocrx_word' id='word_1_324' title='bbox 1721 2424 1877 2490; x_wconf 90' lang='lat' dir='ltr'>condoluit,</span> <span class='ocrx_word' id='word_1_325' title='bbox 1895 2437 1928 2476; x_wconf 87' lang='lat' dir='ltr'>se-</span> 
     </span>
     <span class='ocr_line' id='line_1_27' title="bbox 237 2510 1929 2591; baseline 0 -26"><span class='ocrx_word' id='word_1_326' title='bbox 237 2510 369 2580; x_wconf 85' lang='lat' dir='ltr'>confugit</span> <span class='ocrx_word' id='word_1_327' title='bbox 384 2513 538 2571; x_wconf 88' lang='lat' dir='ltr'>auxilium.</span> <span class='ocrx_word' id='word_1_328' title='bbox 557 2515 613 2573; x_wconf 89' lang='lat' dir='ltr'>Sed</span> <span class='ocrx_word' id='word_1_329' title='bbox 629 2518 714 2584; x_wconf 79' lang='lat' dir='ltr'>Deris,</span> <span class='ocrx_word' id='word_1_330' title='bbox 732 2517 783 2591; x_wconf 91' lang='lat' dir='ltr'>qui</span> <span class='ocrx_word' id='word_1_331' title='bbox 796 2519 933 2590; x_wconf 90' lang='lat' dir='ltr'>superbis</span> <span class='ocrx_word' id='word_1_332' title='bbox 947 2519 1064 2586; x_wconf 88' lang='lat' dir='ltr'>resistit,</span> <span class='ocrx_word' id='word_1_333' title='bbox 1121 2516 1205 2588; x_wconf 86' lang='lat' dir='ltr'>peliri</span> <span class='ocrx_word' id='word_1_334' title='bbox 1220 2531 1271 2571; x_wconf 90' lang='lat' dir='ltr'>eos</span> <span class='ocrx_word' id='word_1_335' title='bbox 1279 2514 1381 2586; x_wconf 86' lang='lat' dir='ltr'>jussit,</span> <span class='ocrx_word' id='word_1_336' title='bbox 1393 2515 1476 2570; x_wconf 92' lang='lat' dir='ltr'>vivos</span> <span class='ocrx_word' id='word_1_337' title='bbox 1490 2515 1589 2572; x_wconf 90' lang='lat' dir='ltr'>adhuc</span> <span class='ocrx_word' id='word_1_338' title='bbox 1601 2514 1708 2570; x_wconf 84' lang='lat' dir='ltr'>feretro</span> <span class='ocrx_word' id='word_1_339' title='bbox 1725 2513 1828 2572; x_wconf 87' lang='lat' dir='ltr'>leniter</span> <span class='ocrx_word' id='word_1_340' title='bbox 1841 2511 1875 2568; x_wconf 89' lang='lat' dir='ltr'>ad</span> <span class='ocrx_word' id='word_1_341' title='bbox 1888 2514 1929 2567; x_wconf 82' lang='lat' dir='ltr'>tto</span> 
     </span>
     <span class='ocr_line' id='line_1_28' title="bbox 236 2598 1928 2676; baseline -0.002 -23"><span class='ocrx_word' id='word_1_342' title='bbox 236 2599 424 2674; x_wconf 85' lang='lat' dir='ltr'>humilesque</span> <span class='ocrx_word' id='word_1_343' title='bbox 440 2602 937 2676; x_wconf 80' lang='lat' dir='ltr'>stibiirnateterigit,humillimum</span> <span class='ocrx_word' id='word_1_344' title='bbox 953 2607 1065 2664; x_wconf 83' lang='lat' dir='ltr'>devotae</span> <span class='ocrx_word' id='word_1_345' title='bbox 1121 2607 1237 2659; x_wconf 88' lang='lat' dir='ltr'>tornum</span> <span class='ocrx_word' id='word_1_346' title='bbox 1264 2602 1415 2674; x_wconf 87' lang='lat' dir='ltr'>deportari</span> <span class='ocrx_word' id='word_1_347' title='bbox 1441 2606 1470 2658; x_wconf 89' lang='lat' dir='ltr'>et</span> <span class='ocrx_word' id='word_1_348' title='bbox 1493 2601 1593 2658; x_wconf 89' lang='lat' dir='ltr'>sanari</span> <span class='ocrx_word' id='word_1_349' title='bbox 1615 2601 1694 2659; x_wconf 89' lang='lat' dir='ltr'>fecit.</span> <span class='ocrx_word' id='word_1_350' title='bbox 1712 2598 1928 2658; x_wconf 66' lang='lat' dir='ltr'>ermemirus</span> 
     </span>
     <span class='ocr_line' id='line_1_29' title="bbox 236 2688 1930 2765; baseline -0.004 -21"><span class='ocrx_word' id='word_1_351' title='bbox 236 2688 301 2759; x_wconf 89' lang='lat' dir='ltr'>ejus</span> <span class='ocrx_word' id='word_1_352' title='bbox 316 2690 412 2761; x_wconf 82' lang='lat' dir='ltr'>precis</span> <span class='ocrx_word' id='word_1_353' title='bbox 427 2697 529 2748; x_wconf 91' lang='lat' dir='ltr'>votum</span> <span class='ocrx_word' id='word_1_354' title='bbox 551 2694 713 2750; x_wconf 79' lang='lat' dir='ltr'>exaudivit.</span> <span class='ocrx_word' id='word_1_355' title='bbox 740 2694 900 2752; x_wconf 89' lang='lat' dir='ltr'>Tetboldus</span> <span class='ocrx_word' id='word_1_356' title='bbox 925 2713 993 2753; x_wconf 89' lang='lat' dir='ltr'>vero</span> <span class='ocrx_word' id='word_1_357' title='bbox 1019 2713 1067 2752; x_wconf 91' lang='lat' dir='ltr'>co·</span> <span class='ocrx_word' id='word_1_358' title='bbox 1121 2691 1306 2765; x_wconf 86' lang='lat' dir='ltr'>paludesque</span> <span class='ocrx_word' id='word_1_359' title='bbox 1320 2690 1478 2764; x_wconf 79' lang='lat' dir='ltr'>exquirere</span> <span class='ocrx_word' id='word_1_360' title='bbox 1497 2690 1566 2747; x_wconf 91' lang='lat' dir='ltr'>fecit</span> <span class='ocrx_word' id='word_1_361' title='bbox 1578 2690 1752 2764; x_wconf 90' lang='lat' dir='ltr'>multosque</span> <span class='ocrx_word' id='word_1_362' title='bbox 1766 2695 1890 2746; x_wconf 88' lang='lat' dir='ltr'>mortuos</span> <span class='ocrx_word' id='word_1_363' title='bbox 1907 2689 1930 2738; x_wconf 88' lang='lat' dir='ltr'>et</span> 
     </span>
     <span class='ocr_line' id='line_1_30' title="bbox 236 2775 1926 2856; baseline -0.001 -24"><span class='ocrx_word' id='word_1_364' title='bbox 236 2792 301 2832; x_wconf 90' lang='lat' dir='ltr'>mes</span> <span class='ocrx_word' id='word_1_365' title='bbox 316 2777 463 2835; x_wconf 77' lang='lat' dir='ltr'>malivole</span> <span class='ocrx_word' id='word_1_366' title='bbox 478 2780 649 2837; x_wconf 82' lang='lat' dir='ltr'>intentionis</span> <span class='ocrx_word' id='word_1_367' title='bbox 664 2783 819 2856; x_wconf 84' lang='lat' dir='ltr'>proposito</span> <span class='ocrx_word' id='word_1_368' title='bbox 842 2784 1066 2856; x_wconf 84' lang='lat' dir='ltr'>malignabatur</span> <span class='ocrx_word' id='word_1_369' title='bbox 1120 2781 1258 2853; x_wconf 89' lang='lat' dir='ltr'>plagatos</span> <span class='ocrx_word' id='word_1_370' title='bbox 1273 2779 1390 2854; x_wconf 89' lang='lat' dir='ltr'>reperit,</span> <span class='ocrx_word' id='word_1_371' title='bbox 1404 2779 1515 2853; x_wconf 89' lang='lat' dir='ltr'>quibus</span> <span class='ocrx_word' id='word_1_372' title='bbox 1529 2780 1636 2838; x_wconf 90' lang='lat' dir='ltr'>eedem</span> <span class='ocrx_word' id='word_1_373' title='bbox 1646 2780 1755 2853; x_wconf 84' lang='lat' dir='ltr'>pietate</span> <span class='ocrx_word' id='word_1_374' title='bbox 1767 2775 1926 2851; x_wconf 89' lang='lat' dir='ltr'>obsequium</span> 
     </span>
     <span class='ocr_line' id='line_1_31' title="bbox 236 2863 1264 2946; baseline 0.007 -27"><span class='ocrx_word' id='word_1_375' title='bbox 236 2863 333 2922; x_wconf 89' lang='lat' dir='ltr'>feriter</span> <span class='ocrx_word' id='word_1_376' title='bbox 345 2867 375 2922; x_wconf 93' lang='lat' dir='ltr'>iu</span> <span class='ocrx_word' id='word_1_377' title='bbox 391 2867 492 2924; x_wconf 87' lang='lat' dir='ltr'>tellure</span> <span class='ocrx_word' id='word_1_378' title='bbox 508 2870 740 2926; x_wconf 80' lang='lat' dir='ltr'>Northmannica</span> <span class='ocrx_word' id='word_1_379' title='bbox 757 2890 763 2927; x_wconf 89' lang='lat'>:</span> <span class='ocrx_word' id='word_1_380' title='bbox 790 2872 1000 2946; x_wconf 84' lang='lat' dir='ltr'>profectusque</span> <span class='ocrx_word' id='word_1_381' title='bbox 1022 2877 1067 2930; x_wconf 90' lang='lat' dir='ltr'>cst</span> <span class='ocrx_word' id='word_1_382' title='bbox 1120 2869 1264 2943; x_wconf 68' lang='lat' dir='ltr'>prestitit.</span> 
     </span>
    </p>

    <p class='ocr_par' dir='ltr' id='par_1_5' title="bbox 236 2955 1629 3050">
     <span class='ocr_line' id='line_1_32' title="bbox 236 2955 1629 3050; baseline 0.002 -39"><span class='ocrx_word' id='word_1_383' title='bbox 236 2955 420 3028; x_wconf 87' lang='lat' dir='ltr'>constipatus</span> <span class='ocrx_word' id='word_1_384' title='bbox 435 2955 544 3014; x_wconf 85' lang='lat' dir='ltr'>ferrata</span> <span class='ocrx_word' id='word_1_385' title='bbox 557 2959 619 3015; x_wconf 90' lang='lat' dir='ltr'>acic</span> <span class='ocrx_word' id='word_1_386' title='bbox 635 2976 730 3032; x_wconf 88' lang='lat' dir='ltr'>usque</span> <span class='ocrx_word' id='word_1_387' title='bbox 750 2959 788 3016; x_wconf 89' lang='lat' dir='ltr'>ad</span> <span class='ocrx_word' id='word_1_388' title='bbox 813 2977 898 3018; x_wconf 87' lang='lat' dir='ltr'>casas</span> <span class='ocrx_word' id='word_1_389' title='bbox 924 2961 1065 3020; x_wconf 90' lang='lat' dir='ltr'>Hermen·</span> <span class='ocrx_word' id='word_1_390' title='bbox 1085 2993 1106 3050; x_wconf 70' lang='lat' dir='ltr'><strong>G</strong></span> <span class='ocrx_word' id='word_1_391' title='bbox 1437 2972 1629 3016; x_wconf 77' lang='lat' dir='ltr'>trosrnorae.</span> 
     </span>
    </p>

    <p class='ocr_par' dir='ltr' id='par_1_6' title="bbox 232 3040 1925 4546">
     <span class='ocr_line' id='line_1_33' title="bbox 236 3040 1909 3122; baseline 0.004 -24"><span class='ocrx_word' id='word_1_392' title='bbox 236 3042 330 3099; x_wconf 89' lang='lat' dir='ltr'>trudis</span> <span class='ocrx_word' id='word_1_393' title='bbox 343 3043 425 3113; x_wconf 78' lang='lat' dir='ltr'>villae,</span> <span class='ocrx_word' id='word_1_394' title='bbox 436 3044 467 3103; x_wconf 90' lang='lat' dir='ltr'>in</span> <span class='ocrx_word' id='word_1_395' title='bbox 483 3050 571 3118; x_wconf 92' lang='lat' dir='ltr'>portu</span> <span class='ocrx_word' id='word_1_396' title='bbox 586 3047 717 3105; x_wconf 90' lang='lat' dir='ltr'>fluminis</span> <span class='ocrx_word' id='word_1_397' title='bbox 729 3052 875 3122; x_wconf 76' lang='lat' dir='ltr'>Sequanae</span> <span class='ocrx_word' id='word_1_398' title='bbox 889 3049 1064 3108; x_wconf 86' lang='lat' dir='ltr'>altrinsecus</span> <span class='ocrx_word' id='word_1_399' title='bbox 1121 3047 1239 3117; x_wconf 73' lang='lat' dir='ltr'>Gurgite</span> <span class='ocrx_word' id='word_1_400' title='bbox 1253 3046 1379 3103; x_wconf 77' lang='lat' dir='ltr'>caeruleo</span> <span class='ocrx_word' id='word_1_401' title='bbox 1395 3047 1541 3118; x_wconf 72' lang='lat' dir='ltr'>Sequanae</span> <span class='ocrx_word' id='word_1_402' title='bbox 1556 3049 1637 3102; x_wconf 91' lang='lat' dir='ltr'>meat</span> <span class='ocrx_word' id='word_1_403' title='bbox 1655 3043 1800 3102; x_wconf 74' lang='lat' dir='ltr'>aestuantis</span> <span class='ocrx_word' id='word_1_404' title='bbox 1811 3040 1909 3104; x_wconf 75' lang='lat' dir='ltr'>amnis.</span> 
     </span>
     <span class='ocr_line' id='line_1_34' title="bbox 235 3131 1920 3209; baseline 0.001 -20"><span class='ocrx_word' id='word_1_405' title='bbox 235 3137 339 3189; x_wconf 90' lang='lat' dir='ltr'>contra</span> <span class='ocrx_word' id='word_1_406' title='bbox 353 3137 512 3191; x_wconf 85' lang='lat' dir='ltr'>Rotoruum</span> <span class='ocrx_word' id='word_1_407' title='bbox 527 3138 639 3209; x_wconf 81' lang='lat' dir='ltr'>positre.</span> <span class='ocrx_word' id='word_1_408' title='bbox 658 3139 821 3196; x_wconf 81' lang='lat' dir='ltr'>Richardus</span> <span class='ocrx_word' id='word_1_409' title='bbox 836 3156 904 3196; x_wconf 91' lang='lat' dir='ltr'>vero</span> <span class='ocrx_word' id='word_1_410' title='bbox 929 3142 1064 3197; x_wconf 88' lang='lat' dir='ltr'>marchio</span> <span class='ocrx_word' id='word_1_411' title='bbox 1120 3139 1155 3192; x_wconf 83' lang='lat' dir='ltr'>Et</span> <span class='ocrx_word' id='word_1_412' title='bbox 1169 3141 1268 3192; x_wconf 89' lang='lat' dir='ltr'>movet</span> <span class='ocrx_word' id='word_1_413' title='bbox 1282 3135 1416 3206; x_wconf 86' lang='lat' dir='ltr'>ingentes</span> <span class='ocrx_word' id='word_1_414' title='bbox 1427 3135 1551 3208; x_wconf 90' lang='lat' dir='ltr'>pelagos</span> <span class='ocrx_word' id='word_1_415' title='bbox 1562 3149 1642 3206; x_wconf 91' lang='lat' dir='ltr'>vaga</span> <span class='ocrx_word' id='word_1_416' title='bbox 1659 3131 1815 3190; x_wconf 77' lang='lat' dir='ltr'>cursitantis</span> <span class='ocrx_word' id='word_1_417' title='bbox 1831 3133 1920 3190; x_wconf 60' lang='lat' dir='ltr'>ustus.</span> 
     </span>
     <span class='ocr_line' id='line_1_35' title="bbox 235 3218 1860 3302; baseline 0.001 -27"><span class='ocrx_word' id='word_1_418' title='bbox 235 3220 460 3279; x_wconf 89' lang='lat' dir='ltr'>robustissimus</span> <span class='ocrx_word' id='word_1_419' title='bbox 483 3224 604 3282; x_wconf 87' lang='lat' dir='ltr'>alterius</span> <span class='ocrx_word' id='word_1_420' title='bbox 624 3233 728 3300; x_wconf 88' lang='lat' dir='ltr'>portus</span> <span class='ocrx_word' id='word_1_421' title='bbox 754 3228 910 3299; x_wconf 88' lang='lat' dir='ltr'>navigium</span> <span class='ocrx_word' id='word_1_422' title='bbox 933 3229 1063 3302; x_wconf 81' lang='lat' dir='ltr'>expetiit,</span> <span class='ocrx_word' id='word_1_423' title='bbox 1121 3223 1238 3280; x_wconf 86' lang='lat' dir='ltr'>lambit</span> <span class='ocrx_word' id='word_1_424' title='bbox 1251 3223 1415 3280; x_wconf 88' lang='lat' dir='ltr'>odoriferas</span> <span class='ocrx_word' id='word_1_425' title='bbox 1430 3226 1459 3279; x_wconf 92' lang='lat' dir='ltr'>et</span> <span class='ocrx_word' id='word_1_426' title='bbox 1471 3222 1607 3293; x_wconf 85' lang='lat' dir='ltr'>gramine</span> <span class='ocrx_word' id='word_1_427' title='bbox 1619 3221 1763 3280; x_wconf 85' lang='lat' dir='ltr'>floridante</span> <span class='ocrx_word' id='word_1_428' title='bbox 1776 3218 1860 3291; x_wconf 81' lang='lat' dir='ltr'>ripas.</span> 
     </span>
     <span class='ocr_line' id='line_1_36' title="bbox 235 3303 1892 3388; baseline 0.009 -24"><span class='ocrx_word' id='word_1_429' title='bbox 235 3311 356 3382; x_wconf 85' lang='lat' dir='ltr'>totaque</span> <span class='ocrx_word' id='word_1_430' title='bbox 372 3317 457 3369; x_wconf 88' lang='lat' dir='ltr'>nocte</span> <span class='ocrx_word' id='word_1_431' title='bbox 483 3315 628 3388; x_wconf 70' lang='lat' dir='ltr'>Sequania</span> <span class='ocrx_word' id='word_1_432' title='bbox 657 3321 847 3375; x_wconf 89' lang='lat' dir='ltr'>transmeans</span> <span class='ocrx_word' id='word_1_433' title='bbox 871 3317 989 3372; x_wconf 89' lang='lat' dir='ltr'>alveum</span> <span class='ocrx_word' id='word_1_434' title='bbox 1018 3334 1064 3373; x_wconf 90' lang='lat' dir='ltr'>su·</span> <span class='ocrx_word' id='word_1_435' title='bbox 1780 3303 1892 3379; x_wconf 55' lang='lat' dir='ltr'>[implet</span> 
     </span>
     <span class='ocr_line' id='line_1_37' title="bbox 234 3396 1925 3474; baseline 0.007 -21"><span class='ocrx_word' id='word_1_436' title='bbox 234 3412 289 3469; x_wconf 88' lang='lat' dir='ltr'>per</span> <span class='ocrx_word' id='word_1_437' title='bbox 314 3400 490 3457; x_wconf 88' lang='lat' dir='ltr'>Tetboldum</span> <span class='ocrx_word' id='word_1_438' title='bbox 505 3403 637 3459; x_wconf 92' lang='lat' dir='ltr'>diluculo</span> <span class='ocrx_word' id='word_1_439' title='bbox 663 3405 789 3471; x_wconf 89' lang='lat' dir='ltr'>irruens,</span> <span class='ocrx_word' id='word_1_440' title='bbox 822 3405 935 3462; x_wconf 92' lang='lat' dir='ltr'>bellum</span> <span class='ocrx_word' id='word_1_441' title='bbox 961 3411 1065 3462; x_wconf 89' lang='lat' dir='ltr'>contra</span> <span class='ocrx_word' id='word_1_442' title='bbox 1120 3400 1241 3458; x_wconf 76' lang='lat' dir='ltr'>Molliter</span> <span class='ocrx_word' id='word_1_443' title='bbox 1253 3401 1488 3474; x_wconf 83' lang='lat' dir='ltr'>herbarumque,</span> <span class='ocrx_word' id='word_1_444' title='bbox 1502 3416 1605 3456; x_wconf 67' lang='lat' dir='ltr'>comas</span> <span class='ocrx_word' id='word_1_445' title='bbox 1625 3400 1706 3457; x_wconf 65' lang='lat' dir='ltr'>laval</span> <span class='ocrx_word' id='word_1_446' title='bbox 1725 3396 1804 3454; x_wconf 59' lang='lat' dir='ltr'>und&amp;</span> <span class='ocrx_word' id='word_1_447' title='bbox 1823 3407 1925 3470; x_wconf 72' lang='lat' dir='ltr'>praepes</span> 
     </span>
     <span class='ocr_line' id='line_1_38' title="bbox 235 3481 1924 3566; baseline -0.002 -28"><span class='ocrx_word' id='word_1_448' title='bbox 235 3499 305 3542; x_wconf 88' lang='lat' dir='ltr'>eum</span> <span class='ocrx_word' id='word_1_449' title='bbox 319 3502 389 3543; x_wconf 91' lang='lat' dir='ltr'>cum</span> <span class='ocrx_word' id='word_1_450' title='bbox 399 3490 503 3559; x_wconf 91' lang='lat' dir='ltr'>paucis</span> <span class='ocrx_word' id='word_1_451' title='bbox 517 3490 591 3546; x_wconf 89' lang='lat' dir='ltr'>iniit.</span> <span class='ocrx_word' id='word_1_452' title='bbox 609 3494 639 3546; x_wconf 93' lang='lat' dir='ltr'>tn</span> <span class='ocrx_word' id='word_1_453' title='bbox 656 3492 753 3563; x_wconf 90' lang='lat' dir='ltr'>primo</span> <span class='ocrx_word' id='word_1_454' title='bbox 766 3493 889 3566; x_wconf 90' lang='lat' dir='ltr'>quidem</span> <span class='ocrx_word' id='word_1_455' title='bbox 901 3509 1064 3564; x_wconf 90' lang='lat' dir='ltr'>congressu</span> <span class='ocrx_word' id='word_1_456' title='bbox 1121 3493 1220 3561; x_wconf 88' lang='lat' dir='ltr'>ipsam</span> <span class='ocrx_word' id='word_1_457' title='bbox 1228 3506 1298 3545; x_wconf 84' lang='lat' dir='ltr'>cum</span> <span class='ocrx_word' id='word_1_458' title='bbox 1310 3491 1439 3546; x_wconf 91' lang='lat' dir='ltr'>refluum</span> <span class='ocrx_word' id='word_1_459' title='bbox 1449 3493 1566 3562; x_wconf 85' lang='lat' dir='ltr'>torquet</span> <span class='ocrx_word' id='word_1_460' title='bbox 1575 3505 1659 3547; x_wconf 89' lang='lat' dir='ltr'>mare</span> <span class='ocrx_word' id='word_1_461' title='bbox 1668 3485 1828 3545; x_wconf 88' lang='lat' dir='ltr'>detrimenti</span> <span class='ocrx_word' id='word_1_462' title='bbox 1836 3481 1924 3544; x_wconf 81' lang='lat' dir='ltr'>elimo,</span> 
     </span>
     <span class='ocr_line' id='line_1_39' title="bbox 235 3569 1894 3650; baseline -0.002 -22"><span class='ocrx_word' id='word_1_463' title='bbox 235 3574 406 3629; x_wconf 89' lang='lat' dir='ltr'>certaminis</span> <span class='ocrx_word' id='word_1_464' title='bbox 429 3577 642 3648; x_wconf 84' lang='lat' dir='ltr'>praehahantur</span> <span class='ocrx_word' id='word_1_465' title='bbox 665 3580 825 3637; x_wconf 65' lang='lat' dir='ltr'>(tenuitatis</span> <span class='ocrx_word' id='word_1_466' title='bbox 852 3582 915 3638; x_wconf 77' lang='lat' dir='ltr'>telis</span> <span class='ocrx_word' id='word_1_467' title='bbox 945 3587 974 3638; x_wconf 70' lang='lat' dir='ltr'>et</span> <span class='ocrx_word' id='word_1_468' title='bbox 998 3583 1063 3639; x_wconf 74' lang='lat' dir='ltr'>lan.</span> <span class='ocrx_word' id='word_1_469' title='bbox 1120 3579 1276 3633; x_wconf 86' lang='lat' dir='ltr'>Detrusam</span> <span class='ocrx_word' id='word_1_470' title='bbox 1291 3582 1454 3634; x_wconf 87' lang='lat' dir='ltr'>retrorsum</span> <span class='ocrx_word' id='word_1_471' title='bbox 1464 3577 1604 3634; x_wconf 87' lang='lat' dir='ltr'>fluctibus</span> <span class='ocrx_word' id='word_1_472' title='bbox 1618 3576 1747 3650; x_wconf 77' lang='lat' dir='ltr'>equoris</span> <span class='ocrx_word' id='word_1_473' title='bbox 1759 3569 1894 3634; x_wconf 89' lang='lat' dir='ltr'>minantis,</span> 
     </span>
     <span class='ocr_line' id='line_1_40' title="bbox 235 3661 1886 3739; baseline -0.002 -23"><span class='ocrx_word' id='word_1_474' title='bbox 235 3661 313 3730; x_wconf 88' lang='lat' dir='ltr'>ceis;</span> <span class='ocrx_word' id='word_1_475' title='bbox 330 3661 462 3719; x_wconf 91' lang='lat' dir='ltr'>secundo</span> <span class='ocrx_word' id='word_1_476' title='bbox 490 3679 559 3721; x_wconf 87' lang='lat' dir='ltr'>vero</span> <span class='ocrx_word' id='word_1_477' title='bbox 587 3667 781 3724; x_wconf 87' lang='lat' dir='ltr'>mucronibus</span> <span class='ocrx_word' id='word_1_478' title='bbox 807 3669 949 3726; x_wconf 87' lang='lat' dir='ltr'>coruscis.</span> <span class='ocrx_word' id='word_1_479' title='bbox 983 3674 1065 3728; x_wconf 90' lang='lat' dir='ltr'>Tune</span> <span class='ocrx_word' id='word_1_480' title='bbox 1120 3665 1252 3738; x_wconf 86' lang='lat' dir='ltr'>Eptadus</span> <span class='ocrx_word' id='word_1_481' title='bbox 1266 3666 1366 3722; x_wconf 90' lang='lat' dir='ltr'>officio</span> <span class='ocrx_word' id='word_1_482' title='bbox 1381 3665 1528 3722; x_wconf 89' lang='lat' dir='ltr'>mutantia</span> <span class='ocrx_word' id='word_1_483' title='bbox 1541 3664 1588 3722; x_wconf 90' lang='lat' dir='ltr'>vel</span> <span class='ocrx_word' id='word_1_484' title='bbox 1601 3670 1753 3722; x_wconf 90' lang='lat' dir='ltr'>crementa</span> <span class='ocrx_word' id='word_1_485' title='bbox 1766 3675 1886 3739; x_wconf 84' lang='lat' dir='ltr'>passum.</span> 
     </span>
     <span class='ocr_line' id='line_1_41' title="bbox 234 3749 1839 3832; baseline 0.003 -26"><span class='ocrx_word' id='word_1_486' title='bbox 234 3749 359 3808; x_wconf 88' lang='lat' dir='ltr'>robusta</span> <span class='ocrx_word' id='word_1_487' title='bbox 397 3767 507 3809; x_wconf 89' lang='lat' dir='ltr'>manus</span> <span class='ocrx_word' id='word_1_488' title='bbox 548 3756 854 3826; x_wconf 91' lang='lat' dir='ltr'>Northamannorum‚</span> <span class='ocrx_word' id='word_1_489' title='bbox 896 3760 1064 3832; x_wconf 85' lang='lat' dir='ltr'>conjunctis</span> <span class='ocrx_word' id='word_1_490' title='bbox 1121 3755 1267 3813; x_wconf 74' lang='lat' dir='ltr'>Umbroso</span> <span class='ocrx_word' id='word_1_491' title='bbox 1278 3760 1306 3812; x_wconf 84' lang='lat' dir='ltr'>et</span> <span class='ocrx_word' id='word_1_492' title='bbox 1320 3755 1417 3812; x_wconf 87' lang='lat' dir='ltr'>vestiti</span> <span class='ocrx_word' id='word_1_493' title='bbox 1430 3755 1551 3827; x_wconf 89' lang='lat' dir='ltr'>palmite</span> <span class='ocrx_word' id='word_1_494' title='bbox 1566 3755 1742 3828; x_wconf 74' lang='lat' dir='ltr'>praenitente</span> <span class='ocrx_word' id='word_1_495' title='bbox 1755 3753 1839 3811; x_wconf 84' lang='lat' dir='ltr'>colles</span> 
     </span>
     <span class='ocr_line' id='line_1_42' title="bbox 234 3839 1851 3921; baseline 0.005 -25"><span class='ocrx_word' id='word_1_496' title='bbox 234 3839 480 3916; x_wconf 89' lang='lat' dir='ltr'>complicatisque</span> <span class='ocrx_word' id='word_1_497' title='bbox 500 3843 682 3901; x_wconf 89' lang='lat' dir='ltr'>adinvicem</span> <span class='ocrx_word' id='word_1_498' title='bbox 703 3846 825 3921; x_wconf 90' lang='lat' dir='ltr'>clypeis,</span> <span class='ocrx_word' id='word_1_499' title='bbox 849 3848 911 3905; x_wconf 90' lang='lat' dir='ltr'>acie</span> <span class='ocrx_word' id='word_1_500' title='bbox 939 3865 1064 3907; x_wconf 88' lang='lat' dir='ltr'>corusca</span> <span class='ocrx_word' id='word_1_501' title='bbox 1121 3844 1281 3902; x_wconf 85' lang='lat' dir='ltr'>Dehciosus</span> <span class='ocrx_word' id='word_1_502' title='bbox 1297 3860 1369 3915; x_wconf 87' lang='lat' dir='ltr'>ager·</span> <span class='ocrx_word' id='word_1_503' title='bbox 1383 3845 1709 3918; x_wconf 89' lang='lat' dir='ltr'>vinetaquecoutinens</span> <span class='ocrx_word' id='word_1_504' title='bbox 1722 3845 1851 3902; x_wconf 77' lang='lat' dir='ltr'>honesta·</span> 
     </span>
     <span class='ocr_line' id='line_1_43' title="bbox 233 3933 1920 4006; baseline 0.009 -19"><span class='ocrx_word' id='word_1_505' title='bbox 233 3947 414 3988; x_wconf 88' lang='lat' dir='ltr'>mucronum</span> <span class='ocrx_word' id='word_1_506' title='bbox 437 3934 625 4003; x_wconf 64' lang='lat' dir='ltr'>aggrediens</span> <span class='ocrx_word' id='word_1_507' title='bbox 650 3935 764 3993; x_wconf 89' lang='lat' dir='ltr'>invadit</span> <span class='ocrx_word' id='word_1_508' title='bbox 786 3945 918 3995; x_wconf 88' lang='lat' dir='ltr'>armatos</span> <span class='ocrx_word' id='word_1_509' title='bbox 942 3940 1064 3996; x_wconf 88' lang='lat' dir='ltr'>obstan·</span> <span class='ocrx_word' id='word_1_510' title='bbox 1119 3934 1262 3991; x_wconf 86' lang='lat' dir='ltr'>Cursibus</span> <span class='ocrx_word' id='word_1_511' title='bbox 1276 3934 1426 3991; x_wconf 91' lang='lat' dir='ltr'>undarum</span> <span class='ocrx_word' id='word_1_512' title='bbox 1440 3933 1560 4005; x_wconf 87' lang='lat' dir='ltr'>irriguis</span> <span class='ocrx_word' id='word_1_513' title='bbox 1571 3935 1643 3991; x_wconf 88' lang='lat' dir='ltr'>satis</span> <span class='ocrx_word' id='word_1_514' title='bbox 1651 3935 1836 4006; x_wconf 77' lang='lat' dir='ltr'>emicantque</span> <span class='ocrx_word' id='word_1_515' title='bbox 1845 3933 1920 4002; x_wconf 52' lang='lat' dir='ltr'>Pfflfflv</span> 
     </span>
     <span class='ocr_line' id='line_1_44' title="bbox 233 4020 1921 4098; baseline 0.003 -23"><span class='ocrx_word' id='word_1_516' title='bbox 233 4025 335 4092; x_wconf 83' lang='lat' dir='ltr'>tesqua</span> <span class='ocrx_word' id='word_1_517' title='bbox 352 4023 544 4094; x_wconf 83' lang='lat' dir='ltr'>Francorum,</span> <span class='ocrx_word' id='word_1_518' title='bbox 573 4027 601 4080; x_wconf 88' lang='lat' dir='ltr'>et</span> <span class='ocrx_word' id='word_1_519' title='bbox 631 4031 699 4081; x_wconf 87' lang='lat' dir='ltr'>ante</span> <span class='ocrx_word' id='word_1_520' title='bbox 723 4025 828 4084; x_wconf 78' lang='lat' dir='ltr'>dexba</span> <span class='ocrx_word' id='word_1_521' title='bbox 849 4033 878 4084; x_wconf 89' lang='lat' dir='ltr'>et</span> <span class='ocrx_word' id='word_1_522' title='bbox 899 4028 974 4084; x_wconf 74' lang='lat' dir='ltr'>laeva</span> <span class='ocrx_word' id='word_1_523' title='bbox 987 4028 1064 4085; x_wconf 91' lang='lat' dir='ltr'>lace·</span> <span class='ocrx_word' id='word_1_524' title='bbox 1120 4024 1195 4082; x_wconf 87' lang='lat' dir='ltr'>Urbs</span> <span class='ocrx_word' id='word_1_525' title='bbox 1205 4022 1541 4098; x_wconf 89' lang='lat' dir='ltr'>quapercelebrisnunc</span> <span class='ocrx_word' id='word_1_526' title='bbox 1549 4027 1673 4081; x_wconf 85' lang='lat' dir='ltr'>Rotome</span> <span class='ocrx_word' id='word_1_527' title='bbox 1681 4020 1921 4096; x_wconf 70' lang='lat' dir='ltr'>prenitesdccora,</span> 
     </span>
     <span class='ocr_line' id='line_1_45' title="bbox 232 4111 1805 4191; baseline 0.003 -27"><span class='ocrx_word' id='word_1_528' title='bbox 232 4125 312 4174; x_wconf 91' lang='lat' dir='ltr'>rans,</span> <span class='ocrx_word' id='word_1_529' title='bbox 335 4115 585 4186; x_wconf 86' lang='lat' dir='ltr'>prosternensque</span> <span class='ocrx_word' id='word_1_530' title='bbox 614 4119 704 4187; x_wconf 88' lang='lat' dir='ltr'>atque</span> <span class='ocrx_word' id='word_1_531' title='bbox 731 4115 922 4191; x_wconf 87' lang='lat' dir='ltr'>disrumpens</span> <span class='ocrx_word' id='word_1_532' title='bbox 950 4133 1062 4174; x_wconf 91' lang='lat' dir='ltr'>cuneos</span> <span class='ocrx_word' id='word_1_533' title='bbox 1120 4111 1407 4184; x_wconf 83' lang='lat' dir='ltr'>habentisjocundis</span> <span class='ocrx_word' id='word_1_534' title='bbox 1423 4111 1528 4170; x_wconf 90' lang='lat' dir='ltr'>usibus</span> <span class='ocrx_word' id='word_1_535' title='bbox 1538 4111 1695 4169; x_wconf 88' lang='lat' dir='ltr'>aflluentcr</span> <span class='ocrx_word' id='word_1_536' title='bbox 1706 4113 1805 4178; x_wconf 81' lang='lat' dir='ltr'>annia,</span> 
     </span>
     <span class='ocr_line' id='line_1_46' title="bbox 232 4196 1896 4276; baseline 0.004 -26"><span class='ocrx_word' id='word_1_537' title='bbox 232 4196 364 4252; x_wconf 88' lang='lat' dir='ltr'>hostium</span> <span class='ocrx_word' id='word_1_538' title='bbox 380 4199 482 4266; x_wconf 88' lang='lat' dir='ltr'>secuit,</span> <span class='ocrx_word' id='word_1_539' title='bbox 505 4201 642 4274; x_wconf 86' lang='lat' dir='ltr'>equitans</span> <span class='ocrx_word' id='word_1_540' title='bbox 670 4219 760 4276; x_wconf 89' lang='lat' dir='ltr'>super</span> <span class='ocrx_word' id='word_1_541' title='bbox 782 4204 929 4263; x_wconf 88' lang='lat' dir='ltr'>cadavera</span> <span class='ocrx_word' id='word_1_542' title='bbox 951 4207 1061 4263; x_wconf 91' lang='lat' dir='ltr'>occiso·</span> <span class='ocrx_word' id='word_1_543' title='bbox 1118 4207 1210 4262; x_wconf 80' lang='lat' dir='ltr'>tlerce</span> <span class='ocrx_word' id='word_1_544' title='bbox 1224 4202 1335 4276; x_wconf 90' lang='lat' dir='ltr'>quibus</span> <span class='ocrx_word' id='word_1_545' title='bbox 1349 4201 1423 4259; x_wconf 88' lang='lat' dir='ltr'>varii</span> <span class='ocrx_word' id='word_1_546' title='bbox 1438 4217 1618 4276; x_wconf 89' lang='lat' dir='ltr'>componere</span> <span class='ocrx_word' id='word_1_547' title='bbox 1629 4201 1752 4259; x_wconf 88' lang='lat' dir='ltr'>foenoris</span> <span class='ocrx_word' id='word_1_548' title='bbox 1766 4205 1852 4276; x_wconf 89' lang='lat' dir='ltr'>queat</span> <span class='ocrx_word' id='word_1_549' title='bbox 1863 4211 1896 4251; x_wconf 77' lang='lat' dir='ltr'>st·</span> 
     </span>
     <span class='ocr_line' id='line_1_47' title="bbox 233 4284 1889 4392; baseline -0.004 -40"><span class='ocrx_word' id='word_1_550' title='bbox 233 4299 310 4351; x_wconf 69' lang='lat' dir='ltr'><strong>rum,</strong></span> <span class='ocrx_word' id='word_1_551' title='bbox 327 4285 514 4344; x_wconf 88' lang='lat' dir='ltr'>condensum</span> <span class='ocrx_word' id='word_1_552' title='bbox 529 4305 638 4360; x_wconf 86' lang='lat' dir='ltr'>agmen</span> <span class='ocrx_word' id='word_1_553' title='bbox 661 4292 858 4366; x_wconf 85' lang='lat' dir='ltr'>obstantium,</span> <span class='ocrx_word' id='word_1_554' title='bbox 879 4295 1061 4368; x_wconf 87' lang='lat' dir='ltr'>reflectitque</span> <span class='ocrx_word' id='word_1_555' title='bbox 1080 4338 1103 4392; x_wconf 73' lang='lat' dir='ltr'>D</span> <span class='ocrx_word' id='word_1_556' title='bbox 1120 4291 1175 4350; x_wconf 85' lang='lat' dir='ltr'>Sed</span> <span class='ocrx_word' id='word_1_557' title='bbox 1188 4291 1304 4348; x_wconf 91' lang='lat' dir='ltr'>munita</span> <span class='ocrx_word' id='word_1_558' title='bbox 1318 4290 1408 4347; x_wconf 90' lang='lat' dir='ltr'>nimis</span> <span class='ocrx_word' id='word_1_559' title='bbox 1421 4289 1524 4348; x_wconf 89' lang='lat' dir='ltr'>rutilas</span> <span class='ocrx_word' id='word_1_560' title='bbox 1538 4293 1656 4362; x_wconf 88' lang='lat' dir='ltr'>magnis</span> <span class='ocrx_word' id='word_1_561' title='bbox 1670 4291 1775 4366; x_wconf 87' lang='lat' dir='ltr'>inclyti</span> <span class='ocrx_word' id='word_1_562' title='bbox 1790 4284 1889 4366; x_wconf 87' lang='lat' dir='ltr'>patricii</span> 
     </span>
     <span class='ocr_line' id='line_1_48' title="bbox 232 4373 1889 4455; baseline 0.004 -28"><span class='ocrx_word' id='word_1_563' title='bbox 232 4373 368 4447; x_wconf 73' lang='lat' dir='ltr'>praelium</span> <span class='ocrx_word' id='word_1_564' title='bbox 381 4374 412 4430; x_wconf 93' lang='lat' dir='ltr'>in</span> <span class='ocrx_word' id='word_1_565' title='bbox 428 4391 539 4433; x_wconf 89' lang='lat' dir='ltr'>cuneos</span> <span class='ocrx_word' id='word_1_566' title='bbox 552 4378 620 4435; x_wconf 88' lang='lat' dir='ltr'>hino</span> <span class='ocrx_word' id='word_1_567' title='bbox 641 4380 711 4437; x_wconf 91' lang='lat' dir='ltr'>inde</span> <span class='ocrx_word' id='word_1_568' title='bbox 737 4384 967 4441; x_wconf 85' lang='lat' dir='ltr'>remanentium.</span> <span class='ocrx_word' id='word_1_569' title='bbox 989 4385 1061 4441; x_wconf 88' lang='lat' dir='ltr'>Hinc</span> <span class='ocrx_word' id='word_1_570' title='bbox 1119 4380 1256 4438; x_wconf 85' lang='lat' dir='ltr'>Richardi</span> <span class='ocrx_word' id='word_1_571' title='bbox 1270 4379 1383 4437; x_wconf 87' lang='lat' dir='ltr'>meritis</span> <span class='ocrx_word' id='word_1_572' title='bbox 1398 4384 1427 4436; x_wconf 91' lang='lat' dir='ltr'>et</span> <span class='ocrx_word' id='word_1_573' title='bbox 1440 4380 1575 4437; x_wconf 90' lang='lat' dir='ltr'>moribus</span> <span class='ocrx_word' id='word_1_574' title='bbox 1589 4379 1792 4455; x_wconf 89' lang='lat' dir='ltr'>undecunque</span> <span class='ocrx_word' id='word_1_575' title='bbox 1803 4376 1889 4453; x_wconf 84' lang='lat' dir='ltr'>justis,</span> 
     </span>
     <span class='ocr_line' id='line_1_49' title="bbox 232 4462 1847 4546; baseline 0.002 -26"><span class='ocrx_word' id='word_1_576' title='bbox 232 4462 302 4520; x_wconf 92' lang='lat' dir='ltr'>hinc</span> <span class='ocrx_word' id='word_1_577' title='bbox 318 4465 570 4536; x_wconf 80' lang='lat' dir='ltr'>francigenarum</span> <span class='ocrx_word' id='word_1_578' title='bbox 584 4471 698 4538; x_wconf 89' lang='lat' dir='ltr'>strages</span> <span class='ocrx_word' id='word_1_579' title='bbox 721 4469 856 4540; x_wconf 86' lang='lat' dir='ltr'>efficitur,</span> <span class='ocrx_word' id='word_1_580' title='bbox 886 4471 1061 4546; x_wconf 88' lang='lat' dir='ltr'>multigena·</span> <span class='ocrx_word' id='word_1_581' title='bbox 1117 4470 1172 4538; x_wconf 84' lang='lat' dir='ltr'>Qui</span> <span class='ocrx_word' id='word_1_582' title='bbox 1185 4469 1301 4526; x_wconf 88' lang='lat' dir='ltr'>virtutis</span> <span class='ocrx_word' id='word_1_583' title='bbox 1316 4468 1559 4541; x_wconf 88' lang='lat' dir='ltr'>inexpugnabilis</span> <span class='ocrx_word' id='word_1_584' title='bbox 1575 4468 1718 4527; x_wconf 86' lang='lat' dir='ltr'>admitate</span> <span class='ocrx_word' id='word_1_585' title='bbox 1731 4469 1847 4543; x_wconf 87' lang='lat' dir='ltr'>plenus,</span> 
     </span>
    </p>

    <p class='ocr_par' dir='ltr' id='par_1_7' title="bbox 230 4554 1924 5612">
     <span class='ocr_line' id='line_1_50' title="bbox 231 4554 1868 4631; baseline 0.002 -23"><span class='ocrx_word' id='word_1_586' title='bbox 231 4567 291 4625; x_wconf 89' lang='lat' dir='ltr'>que</span> <span class='ocrx_word' id='word_1_587' title='bbox 305 4567 413 4610; x_wconf 92' lang='lat' dir='ltr'>manus</span> <span class='ocrx_word' id='word_1_588' title='bbox 427 4554 571 4612; x_wconf 87' lang='lat' dir='ltr'>multatur</span> <span class='ocrx_word' id='word_1_589' title='bbox 586 4561 615 4612; x_wconf 93' lang='lat' dir='ltr'>et</span> <span class='ocrx_word' id='word_1_590' title='bbox 628 4557 814 4615; x_wconf 88' lang='lat' dir='ltr'>interimitur.</span> <span class='ocrx_word' id='word_1_591' title='bbox 840 4561 1060 4618; x_wconf 87' lang='lat' dir='ltr'>Northmanno-</span> <span class='ocrx_word' id='word_1_592' title='bbox 1115 4559 1252 4630; x_wconf 85' lang='lat' dir='ltr'>Protegit,</span> <span class='ocrx_word' id='word_1_593' title='bbox 1266 4558 1386 4630; x_wconf 89' lang='lat' dir='ltr'>exultat,</span> <span class='ocrx_word' id='word_1_594' title='bbox 1402 4563 1493 4614; x_wconf 90' lang='lat' dir='ltr'>temet</span> <span class='ocrx_word' id='word_1_595' title='bbox 1504 4559 1587 4631; x_wconf 89' lang='lat' dir='ltr'>regit,</span> <span class='ocrx_word' id='word_1_596' title='bbox 1603 4563 1633 4614; x_wconf 91' lang='lat' dir='ltr'>et</span> <span class='ocrx_word' id='word_1_597' title='bbox 1650 4557 1756 4616; x_wconf 87' lang='lat' dir='ltr'>fovens</span> <span class='ocrx_word' id='word_1_598' title='bbox 1769 4563 1868 4618; x_wconf 88' lang='lat' dir='ltr'>tuetur.</span> 
     </span>
     <span class='ocr_line' id='line_1_51' title="bbox 230 4644 1924 4722; baseline 0.008 -27"><span class='ocrx_word' id='word_1_599' title='bbox 230 4656 299 4696; x_wconf 93' lang='lat' dir='ltr'>rum</span> <span class='ocrx_word' id='word_1_600' title='bbox 311 4657 444 4716; x_wconf 88' lang='lat' dir='ltr'>namque</span> <span class='ocrx_word' id='word_1_601' title='bbox 459 4660 533 4714; x_wconf 88' lang='lat' dir='ltr'>gens</span> <span class='ocrx_word' id='word_1_602' title='bbox 556 4644 697 4716; x_wconf 88' lang='lat' dir='ltr'>belligera</span> <span class='ocrx_word' id='word_1_603' title='bbox 724 4651 753 4703; x_wconf 87' lang='lat' dir='ltr'>et</span> <span class='ocrx_word' id='word_1_604' title='bbox 777 4649 867 4706; x_wconf 86' lang='lat' dir='ltr'>etfera</span> <span class='ocrx_word' id='word_1_605' title='bbox 890 4650 1061 4706; x_wconf 88' lang='lat' dir='ltr'>discurrens</span> <span class='ocrx_word' id='word_1_606' title='bbox 1115 4650 1196 4704; x_wconf 82' lang='lat' dir='ltr'>Auro</span> <span class='ocrx_word' id='word_1_607' title='bbox 1210 4646 1278 4722; x_wconf 92' lang='lat' dir='ltr'>plus</span> <span class='ocrx_word' id='word_1_608' title='bbox 1290 4653 1432 4704; x_wconf 89' lang='lat' dir='ltr'>constans</span> <span class='ocrx_word' id='word_1_609' title='bbox 1446 4648 1547 4704; x_wconf 89' lang='lat' dir='ltr'>hostes</span> <span class='ocrx_word' id='word_1_610' title='bbox 1559 4646 1653 4717; x_wconf 87' lang='lat' dir='ltr'>fugat,</span> <span class='ocrx_word' id='word_1_611' title='bbox 1667 4647 1768 4704; x_wconf 88' lang='lat' dir='ltr'>obstat</span> <span class='ocrx_word' id='word_1_612' title='bbox 1778 4647 1924 4718; x_wconf 64' lang='lat' dir='ltr'>arguitque,</span> 
     </span>
     <span class='ocr_line' id='line_1_52' title="bbox 231 4732 1924 4814; baseline -0.001 -28"><span class='ocrx_word' id='word_1_613' title='bbox 231 4735 365 4804; x_wconf 90' lang='lat' dir='ltr'>permeat</span> <span class='ocrx_word' id='word_1_614' title='bbox 379 4732 471 4805; x_wconf 71' lang='lat' dir='ltr'>prelii</span> <span class='ocrx_word' id='word_1_615' title='bbox 487 4734 660 4792; x_wconf 85' lang='lat' dir='ltr'>discrimina</span> <span class='ocrx_word' id='word_1_616' title='bbox 688 4736 769 4795; x_wconf 89' lang='lat' dir='ltr'>velut</span> <span class='ocrx_word' id='word_1_617' title='bbox 796 4739 860 4813; x_wconf 93' lang='lat' dir='ltr'>lupi</span> <span class='ocrx_word' id='word_1_618' title='bbox 886 4756 939 4814; x_wconf 87' lang='lat' dir='ltr'>per</span> <span class='ocrx_word' id='word_1_619' title='bbox 953 4739 1060 4796; x_wconf 88' lang='lat' dir='ltr'>biden—</span> <span class='ocrx_word' id='word_1_620' title='bbox 1115 4732 1924 4810; x_wconf 85' lang='lat' dir='ltr'>ltarchioduxque‚comesmirabilisetstupendusactis,</span> 
     </span>
     <span class='ocr_line' id='line_1_53' title="bbox 232 4820 1896 4899; baseline 0.004 -23"><span class='ocrx_word' id='word_1_621' title='bbox 232 4820 305 4877; x_wconf 89' lang='lat' dir='ltr'>tium</span> <span class='ocrx_word' id='word_1_622' title='bbox 319 4821 418 4890; x_wconf 89' lang='lat' dir='ltr'>ovilia,</span> <span class='ocrx_word' id='word_1_623' title='bbox 433 4823 573 4880; x_wconf 88' lang='lat' dir='ltr'>occidens</span> <span class='ocrx_word' id='word_1_624' title='bbox 587 4829 616 4882; x_wconf 90' lang='lat' dir='ltr'>et</span> <span class='ocrx_word' id='word_1_625' title='bbox 629 4832 821 4899; x_wconf 90' lang='lat' dir='ltr'>prosternens</span> <span class='ocrx_word' id='word_1_626' title='bbox 836 4829 969 4886; x_wconf 91' lang='lat' dir='ltr'>hostium</span> <span class='ocrx_word' id='word_1_627' title='bbox 980 4845 1061 4885; x_wconf 89' lang='lat' dir='ltr'>seve-</span> <span class='ocrx_word' id='word_1_628' title='bbox 1729 4827 1896 4898; x_wconf 83' lang='lat' dir='ltr'>[modestus.</span> 
     </span>
     <span class='ocr_line' id='line_1_54' title="bbox 230 4909 1923 4990; baseline 0.009 -26"><span class='ocrx_word' id='word_1_629' title='bbox 230 4909 300 4965; x_wconf 91' lang='lat' dir='ltr'>riter</span> <span class='ocrx_word' id='word_1_630' title='bbox 327 4911 458 4982; x_wconf 90' lang='lat' dir='ltr'>agmina.</span> <span class='ocrx_word' id='word_1_631' title='bbox 486 4913 671 4971; x_wconf 81' lang='lat' dir='ltr'>Richardidis</span> <span class='ocrx_word' id='word_1_632' title='bbox 695 4917 844 4988; x_wconf 88' lang='lat' dir='ltr'>siquidem</span> <span class='ocrx_word' id='word_1_633' title='bbox 879 4917 1060 4975; x_wconf 89' lang='lat' dir='ltr'>unanimiter</span> <span class='ocrx_word' id='word_1_634' title='bbox 1114 4916 1357 4990; x_wconf 74' lang='lat' dir='ltr'>rraedgnusque,</span> <span class='ocrx_word' id='word_1_635' title='bbox 1387 4915 1512 4990; x_wconf 81' lang='lat' dir='ltr'>probae,</span> <span class='ocrx_word' id='word_1_636' title='bbox 1542 4920 1674 4984; x_wconf 88' lang='lat' dir='ltr'>sanctus,</span> <span class='ocrx_word' id='word_1_637' title='bbox 1704 4917 1776 4990; x_wconf 87' lang='lat' dir='ltr'>plus</span> <span class='ocrx_word' id='word_1_638' title='bbox 1791 4923 1820 4976; x_wconf 90' lang='lat' dir='ltr'>et</span> <span class='ocrx_word' id='word_1_639' title='bbox 1832 4917 1923 4979; x_wconf 65' lang='lat' dir='ltr'>bonus,</span> 
     </span>
     <span class='ocr_line' id='line_1_55' title="bbox 230 4999 1923 5080; baseline 0.002 -27"><span class='ocrx_word' id='word_1_640' title='bbox 230 4999 471 5069; x_wconf 82' lang='lat' dir='ltr'>vociferantibus,</span> <span class='ocrx_word' id='word_1_641' title='bbox 493 5003 576 5074; x_wconf 91' lang='lat' dir='ltr'>quod</span> <span class='ocrx_word' id='word_1_642' title='bbox 600 5005 738 5062; x_wconf 80' lang='lat' dir='ltr'>Richardi</span> <span class='ocrx_word' id='word_1_643' title='bbox 763 5007 864 5076; x_wconf 88' lang='lat' dir='ltr'>magni</span> <span class='ocrx_word' id='word_1_644' title='bbox 887 5007 972 5064; x_wconf 91' lang='lat' dir='ltr'>ducis</span> <span class='ocrx_word' id='word_1_645' title='bbox 996 5012 1060 5064; x_wconf 89' lang='lat' dir='ltr'>erat</span> <span class='ocrx_word' id='word_1_646' title='bbox 1151 5007 1199 5062; x_wconf 89' lang='lat' dir='ltr'>llis</span> <span class='ocrx_word' id='word_1_647' title='bbox 1225 5011 1254 5063; x_wconf 90' lang='lat' dir='ltr'>et</span> <span class='ocrx_word' id='word_1_648' title='bbox 1276 5005 1450 5078; x_wconf 85' lang='lat' dir='ltr'>hujusmodi</span> <span class='ocrx_word' id='word_1_649' title='bbox 1477 5005 1695 5080; x_wconf 89' lang='lat' dir='ltr'>triumphaliter</span> <span class='ocrx_word' id='word_1_650' title='bbox 1722 5007 1857 5079; x_wconf 87' lang='lat' dir='ltr'>peractis,</span> <span class='ocrx_word' id='word_1_651' title='bbox 1875 5003 1923 5058; x_wconf 77' lang='lat' dir='ltr'>diu</span> 
     </span>
     <span class='ocr_line' id='line_1_56' title="bbox 231 5087 1924 5170; baseline 0.005 -29"><span class='ocrx_word' id='word_1_652' title='bbox 231 5087 325 5158; x_wconf 77' lang='lat' dir='ltr'>praelii</span> <span class='ocrx_word' id='word_1_653' title='bbox 339 5105 476 5162; x_wconf 88' lang='lat' dir='ltr'>campus,</span> <span class='ocrx_word' id='word_1_654' title='bbox 489 5090 600 5149; x_wconf 82' lang='lat' dir='ltr'>fiducia</span> <span class='ocrx_word' id='word_1_655' title='bbox 615 5094 769 5166; x_wconf 79' lang='lat' dir='ltr'>preliandi</span> <span class='ocrx_word' id='word_1_656' title='bbox 781 5095 1059 5153; x_wconf 87' lang='lat' dir='ltr'>recessitaTetbol-</span> <span class='ocrx_word' id='word_1_657' title='bbox 1113 5111 1243 5166; x_wconf 90' lang='lat' dir='ltr'>maguus</span> <span class='ocrx_word' id='word_1_658' title='bbox 1285 5095 1449 5152; x_wconf 71' lang='lat' dir='ltr'>uisendus</span> <span class='ocrx_word' id='word_1_659' title='bbox 1500 5097 1668 5170; x_wconf 76' lang='lat' dir='ltr'>precipuos</span> <span class='ocrx_word' id='word_1_660' title='bbox 1715 5113 1780 5153; x_wconf 78' lang='lat' dir='ltr'>sure</span> <span class='ocrx_word' id='word_1_661' title='bbox 1833 5097 1924 5152; x_wconf 76' lang='lat' dir='ltr'>domur</span> 
     </span>
     <span class='ocr_line' id='line_1_57' title="bbox 232 5173 1924 5256; baseline 0.007 -28"><span class='ocrx_word' id='word_1_662' title='bbox 232 5173 310 5229; x_wconf 88' lang='lat' dir='ltr'>didis</span> <span class='ocrx_word' id='word_1_663' title='bbox 334 5179 486 5251; x_wconf 88' lang='lat' dir='ltr'>omnibus,</span> <span class='ocrx_word' id='word_1_664' title='bbox 515 5181 643 5248; x_wconf 82' lang='lat' dir='ltr'>viteque</span> <span class='ocrx_word' id='word_1_665' title='bbox 681 5183 869 5241; x_wconf 90' lang='lat' dir='ltr'>conclamata</span> <span class='ocrx_word' id='word_1_666' title='bbox 897 5189 941 5242; x_wconf 87' lang='lat' dir='ltr'>est</span> <span class='ocrx_word' id='word_1_667' title='bbox 965 5184 1057 5242; x_wconf 89' lang='lat' dir='ltr'>salus.</span> <span class='ocrx_word' id='word_1_668' title='bbox 1112 5183 1227 5254; x_wconf 88' lang='lat' dir='ltr'>legatos</span> <span class='ocrx_word' id='word_1_669' title='bbox 1253 5183 1292 5240; x_wconf 90' lang='lat' dir='ltr'>ad</span> <span class='ocrx_word' id='word_1_670' title='bbox 1316 5184 1438 5242; x_wconf 86' lang='lat' dir='ltr'>liaciam</span> <span class='ocrx_word' id='word_1_671' title='bbox 1463 5183 1594 5242; x_wconf 87' lang='lat' dir='ltr'>celeriter</span> <span class='ocrx_word' id='word_1_672' title='bbox 1619 5185 1709 5250; x_wconf 85' lang='lat' dir='ltr'>misit.</span> <span class='ocrx_word' id='word_1_673' title='bbox 1739 5191 1773 5242; x_wconf 89' lang='lat' dir='ltr'>ut</span> <span class='ocrx_word' id='word_1_674' title='bbox 1799 5201 1866 5256; x_wconf 90' lang='lat' dir='ltr'>gens</span> <span class='ocrx_word' id='word_1_675' title='bbox 1885 5195 1924 5237; x_wconf 71' lang='lat' dir='ltr'>ro</span> 
     </span>
     <span class='ocr_line' id='line_1_58' title="bbox 233 5260 1924 5347; baseline 0.005 -32"><span class='ocrx_word' id='word_1_676' title='bbox 233 5260 364 5333; x_wconf 86' lang='lat' dir='ltr'>Quisque</span> <span class='ocrx_word' id='word_1_677' title='bbox 379 5281 410 5321; x_wconf 91' lang='lat' dir='ltr'>se</span> <span class='ocrx_word' id='word_1_678' title='bbox 424 5266 579 5326; x_wconf 87' lang='lat' dir='ltr'>hherando</span> <span class='ocrx_word' id='word_1_679' title='bbox 600 5287 662 5344; x_wconf 94' lang='lat' dir='ltr'>quo</span> <span class='ocrx_word' id='word_1_680' title='bbox 684 5273 811 5330; x_wconf 88' lang='lat' dir='ltr'>divertat</span> <span class='ocrx_word' id='word_1_681' title='bbox 836 5273 964 5344; x_wconf 89' lang='lat' dir='ltr'>ignorat,</span> <span class='ocrx_word' id='word_1_682' title='bbox 981 5290 1059 5347; x_wconf 93' lang='lat' dir='ltr'>quo·</span> <span class='ocrx_word' id='word_1_683' title='bbox 1112 5271 1285 5329; x_wconf 88' lang='lat' dir='ltr'>bustissima</span> <span class='ocrx_word' id='word_1_684' title='bbox 1313 5275 1460 5330; x_wconf 86' lang='lat' dir='ltr'>Dacorum</span> <span class='ocrx_word' id='word_1_685' title='bbox 1489 5272 1653 5330; x_wconf 90' lang='lat' dir='ltr'>accelerato</span> <span class='ocrx_word' id='word_1_686' title='bbox 1683 5275 1839 5345; x_wconf 83' lang='lat' dir='ltr'>juvamine</span> <span class='ocrx_word' id='word_1_687' title='bbox 1870 5285 1924 5326; x_wconf 90' lang='lat' dir='ltr'>suc·</span> 
     </span>
     <span class='ocr_line' id='line_1_59' title="bbox 232 5350 1923 5434; baseline 0.007 -29"><span class='ocrx_word' id='word_1_688' title='bbox 232 5365 293 5423; x_wconf 90' lang='lat' dir='ltr'>que</span> <span class='ocrx_word' id='word_1_689' title='bbox 308 5365 340 5406; x_wconf 90' lang='lat' dir='ltr'>se</span> <span class='ocrx_word' id='word_1_690' title='bbox 353 5350 473 5410; x_wconf 87' lang='lat' dir='ltr'>latitans</span> <span class='ocrx_word' id='word_1_691' title='bbox 494 5357 670 5416; x_wconf 87' lang='lat' dir='ltr'>abscondat.</span> <span class='ocrx_word' id='word_1_692' title='bbox 699 5361 753 5416; x_wconf 81' lang='lat' dir='ltr'>tlh</span> <span class='ocrx_word' id='word_1_693' title='bbox 775 5361 849 5418; x_wconf 88' lang='lat' dir='ltr'>lucis</span> <span class='ocrx_word' id='word_1_694' title='bbox 870 5362 1059 5418; x_wconf 89' lang='lat' dir='ltr'>concretione</span> <span class='ocrx_word' id='word_1_695' title='bbox 1113 5366 1243 5418; x_wconf 87' lang='lat' dir='ltr'>curreret</span> <span class='ocrx_word' id='word_1_696' title='bbox 1278 5361 1327 5418; x_wconf 95' lang='lat' dir='ltr'>illi.</span> <span class='ocrx_word' id='word_1_697' title='bbox 1368 5362 1438 5418; x_wconf 88' lang='lat' dir='ltr'>ltaci</span> <span class='ocrx_word' id='word_1_698' title='bbox 1455 5379 1544 5422; x_wconf 83' lang='lat' dir='ltr'>,vero</span> <span class='ocrx_word' id='word_1_699' title='bbox 1580 5363 1627 5419; x_wconf 89' lang='lat' dir='ltr'>his</span> <span class='ocrx_word' id='word_1_700' title='bbox 1663 5362 1860 5434; x_wconf 87' lang='lat' dir='ltr'>legationibus</span> <span class='ocrx_word' id='word_1_701' title='bbox 1889 5357 1923 5416; x_wconf 88' lang='lat' dir='ltr'>hi·</span> 
     </span>
     <span class='ocr_line' id='line_1_60' title="bbox 232 5439 1923 5524; baseline 0.01 -28"><span class='ocrx_word' id='word_1_702' title='bbox 232 5439 372 5498; x_wconf 80' lang='lat' dir='ltr'>fruticum</span> <span class='ocrx_word' id='word_1_703' title='bbox 389 5443 560 5518; x_wconf 86' lang='lat' dir='ltr'>coudensis,</span> <span class='ocrx_word' id='word_1_704' title='bbox 574 5448 623 5505; x_wconf 90' lang='lat' dir='ltr'>elii</span> <span class='ocrx_word' id='word_1_705' title='bbox 638 5449 801 5522; x_wconf 87' lang='lat' dir='ltr'>paludibus</span> <span class='ocrx_word' id='word_1_706' title='bbox 825 5451 904 5510; x_wconf 88' lang='lat' dir='ltr'>alnis</span> <span class='ocrx_word' id='word_1_707' title='bbox 927 5451 1061 5524; x_wconf 92' lang='lat' dir='ltr'>populis·</span> <span class='ocrx_word' id='word_1_708' title='bbox 1111 5448 1214 5520; x_wconf 86' lang='lat' dir='ltr'>lares,</span> <span class='ocrx_word' id='word_1_709' title='bbox 1251 5451 1359 5524; x_wconf 88' lang='lat' dir='ltr'>aptatis</span> <span class='ocrx_word' id='word_1_710' title='bbox 1397 5452 1587 5524; x_wconf 87' lang='lat' dir='ltr'>onerastique</span> <span class='ocrx_word' id='word_1_711' title='bbox 1624 5452 1751 5510; x_wconf 87' lang='lat' dir='ltr'>navibus</span> <span class='ocrx_word' id='word_1_712' title='bbox 1788 5452 1923 5513; x_wconf 70' lang='lat' dir='ltr'>celeriter,</span> 
     </span>
     <span class='ocr_line' id='line_1_61' title="bbox 232 5528 1924 5612; baseline 0.006 -28"><span class='ocrx_word' id='word_1_713' title='bbox 232 5544 293 5601; x_wconf 94' lang='lat' dir='ltr'>que</span> <span class='ocrx_word' id='word_1_714' title='bbox 306 5528 428 5586; x_wconf 87' lang='lat' dir='ltr'>densius</span> <span class='ocrx_word' id='word_1_715' title='bbox 443 5535 652 5594; x_wconf 88' lang='lat' dir='ltr'>contradicatis</span> <span class='ocrx_word' id='word_1_716' title='bbox 664 5542 814 5612; x_wconf 89' lang='lat' dir='ltr'>reponunt</span> <span class='ocrx_word' id='word_1_717' title='bbox 826 5555 868 5608; x_wconf 91' lang='lat' dir='ltr'>se,</span> <span class='ocrx_word' id='word_1_718' title='bbox 883 5554 922 5595; x_wconf 91' lang='lat' dir='ltr'>ne</span> <span class='ocrx_word' id='word_1_719' title='bbox 944 5537 1059 5596; x_wconf 90' lang='lat' dir='ltr'>occide·</span> <span class='ocrx_word' id='word_1_720' title='bbox 1113 5541 1327 5612; x_wconf 88' lang='lat' dir='ltr'>aggrediuntur</span> <span class='ocrx_word' id='word_1_721' title='bbox 1362 5544 1512 5600; x_wconf 86' lang='lat' dir='ltr'>ltotonum</span> <span class='ocrx_word' id='word_1_722' title='bbox 1542 5542 1725 5600; x_wconf 84' lang='lat' dir='ltr'>festinanter.</span> <span class='ocrx_word' id='word_1_723' title='bbox 1764 5545 1828 5600; x_wconf 83' lang='lat' dir='ltr'>nux</span> <span class='ocrx_word' id='word_1_724' title='bbox 1865 5553 1924 5596; x_wconf 81' lang='lat' dir='ltr'>vero</span> 
     </span>
    </p>
   </div>
   <div class='ocr_carea' id='block_1_3' title="bbox 233 5620 1967 5716">
    <p class='ocr_par' dir='ltr' id='par_1_8' title="bbox 233 5620 1967 5716">
     <span class='ocr_line' id='line_1_62' title="bbox 233 5620 1967 5716; baseline 0.016 -54"><span class='ocrx_word' id='word_1_725' title='bbox 233 5620 336 5673; x_wconf 67' lang='lat' dir='ltr'>rentur</span> <span class='ocrx_word' id='word_1_726' title='bbox 350 5633 367 5674; x_wconf 75' lang='lat' dir='ltr'>a</span> <span class='ocrx_word' id='word_1_727' title='bbox 382 5620 603 5680; x_wconf 56' lang='lat' dir='ltr'>uouemere</span> <span class='ocrx_word' id='word_1_728' title='bbox 1113 5629 1392 5700; x_wconf 86' lang='lat' dir='ltr'>constantissimus,</span> <span class='ocrx_word' id='word_1_729' title='bbox 1431 5633 1520 5690; x_wconf 76' lang='lat' dir='ltr'>unte</span> <span class='ocrx_word' id='word_1_730' title='bbox 1555 5630 1756 5690; x_wconf 87' lang='lat' dir='ltr'>multitudinis</span> <span class='ocrx_word' id='word_1_731' title='bbox 1790 5630 1924 5708; x_wconf 79' lang='lat' dir='ltr'>principa</span> <span class='ocrx_word' id='word_1_732' title='bbox 1966 5699 1967 5716; x_wconf 66' lang='lat'>,</span> 
     </span>
    </p>
   </div>
   <div class='ocr_carea' id='block_1_4' title="bbox 0 0 2002 6183">
    <p class='ocr_par' dir='ltr' id='par_1_9' title="bbox 0 0 2002 6183">
     <span class='ocr_line' id='line_1_63' title="bbox 0 0 2002 6183; baseline 0 0"><span class='ocrx_word' id='word_1_733' title='bbox 0 0 2002 6183; x_wconf 95' lang='lat' dir='ltr'> </span> 
     </span>
    </p>
   </div>
  </div>
 </body>
</html>
