3990 6184
92 175 159 227 tarr
317 158 319 162 ’
758 165 951 234 nucomutt.
972 203 1007 214 -
1027 170 1090 232 tiu.
1112 169 1133 231 1.
1734 171 1802 240 sare

91 298 119 350 et
129 292 284 360 saeculum,
302 293 397 351 multo
412 292 524 350 lelicior
535 296 729 368 responderet
742 299 847 354 exitus.
869 296 918 352 ttie
933 303 956 354 Α
975 295 1176 369 quadraginta
1190 297 1345 373 puppibus
1359 316 1437 373 quas
1451 317 1554 358 secum
1572 302 1656 360 duxit
1678 311 1803 363 onustas

91 384 254 456 deniquea
277 383 482 450 nobilissimis,
514 386 597 458 quod
621 386 752 458 primum
777 393 821 443 est
845 387 920 444 inter
974 384 1012 441 de
1027 386 1178 456 banorum
1193 386 1387 445 bellatoribus
1401 389 1517 463 primis.
1544 394 1607 448 Non
1631 397 1691 448 tarn
1714 411 1803 464 grave

90 472 239 536 homines,
260 472 345 528 duxit
359 472 515 544 originem,
528 489 735 548 magnumque
758 476 814 532 sibl
828 475 921 532 decus
974 475 1227 533 dominusnoster
1241 479 1372 551 patiatur
1392 479 1595 554 dispendium,
1624 482 1674 537 sed
1698 483 1803 541 abiens

91 561 260 617 secundum
274 562 418 619 saecrrlum
433 565 548 637 peperit
562 565 680 639 imperii
694 567 777 640 quod
792 566 920 624 admiui-
975 564 1144 637 eupieutem
1159 565 1250 624 ducat
1263 568 1436 637 exercitum,
1459 574 1488 624 et
1511 569 1552 625 illi
1565 571 1684 626 Turehil
1698 577 1803 629 eontu-

91 650 205 707 strabat
215 653 359 722 regimen.
375 655 500 710 Tantam
515 655 623 712 deinde
638 656 678 712 illi
694 658 821 728 gratiam
845 656 920 713 divi·
975 670 1092 711 macem
1106 656 1297 729 acquiremus
1311 674 1380 714 eum
1393 658 1455 714 suis
1470 657 1658 728 satellitibus,
1674 659 1716 718 eis
1729 677 1804 734 quo-

91 757 130 797 na
145 742 291 797 concessit
304 741 407 810 virtus,
424 749 456 798 ut
468 744 558 800 etiam
574 745 717 818 puerulus
732 747 837 803 intimo
852 746 922 802 affe·
974 759 1033 816 que
1048 743 1209 802 loederatos
1222 746 1333 815 Anglos
1358 763 1427 802 cum
1452 747 1594 804 omnihus
1620 764 1724 805 eorum
1738 765 1806 815 poe-

91 834 139 885 ctu
155 829 325 900 diligeretur
338 829 379 887 ab
393 831 535 889 omnibus
559 837 676 890 tautum
700 835 775 908 patri
799 835 921 908 proprio
976 831 1169 888 sessionibus.
1186 833 1301 890 Scimus
1315 836 1395 890 enim
1410 835 1461 891 diu
1477 851 1528 892 eos
1547 851 1608 892 uon
1626 852 1714 909 posse
1736 838 1805 895 resi·

90 919 214 988 invisus,
232 920 313 976 nulla
327 921 385 977 hoc
400 928 588 995 promerente
612 925 718 996 puerili
743 926 842 998 culpa,
869 924 922 982 sed
976 926 1061 992 storo,
1077 922 1149 994 quia
1168 927 1314 979 nostrates
1327 924 1382 980 viri
1396 925 1437 980 ad
1448 940 1504 981 nos
1519 925 1689 983 transibunt
1706 925 1803 984 facile.

92 1008 155 1064 sola
170 1009 307 1066 turbante
320 1009 442 1066 invidia.
460 1011 514 1077 Qui
529 1011 624 1068 lactus
637 1013 764 1084 juvenis,
776 1015 807 1070 in
819 1031 921 1071 amore
975 1010 1061 1076 Quod
1076 1011 1100 1066 si
1115 1027 1166 1068 eos
1183 1012 1257 1068 velle
1270 1014 1435 1084 contigerit,
1451 1030 1501 1070 rex
1523 1014 1593 1072 duci
1621 1031 1677 1070 suo
1702 1017 1805 1072 banis-

91 1096 513 1174 quotidiecrescebatpopuli,
539 1102 619 1158 unde
642 1105 739 1171 magis
765 1103 922 1176 magisque
976 1115 1185 1173 queparcens,
1202 1117 1254 1157 eos
1279 1101 1445 1159 honoribus
1467 1101 1632 1175 ampliabit.
1660 1102 1689 1160 Si
1703 1109 1805 1162 autem

92 1186 203 1243 invidia
214 1189 382 1259 augebatur
393 1190 485 1263 patri:
496 1191 572 1247 adeo
589 1197 621 1248 ut
635 1208 705 1248 eum
722 1194 848 1267 epatris
860 1209 921 1248 non
976 1188 1113 1258 noluerit,
1127 1205 1218 1262 quem
1234 1189 1398 1262 despexere
1412 1189 1547 1254 sentient.
1563 1193 1621 1247 llae
1636 1190 1745 1264 illaque
1755 1208 1806 1266 pa·

88 1275 153 1346 jam
167 1275 347 1347 clanculum,
364 1277 419 1334 sed
434 1279 536 1351 palam
552 1280 639 1336 vellet
662 1281 819 1355 erpellere,
840 1282 922 1352 jure·
976 1278 1031 1334 tria
1059 1278 1165 1351 privati
1200 1278 1276 1336 inter
1310 1279 1423 1352 primos
1455 1279 1556 1335 hostes
1590 1279 1668 1349 regis
1698 1297 1806 1354 pernas

90 1365 282 1439 jurandoque
294 1383 431 1423 asserens
446 1374 595 1442 cumpost
610 1387 641 1426 se
656 1375 852 1441 regnaturum
861 1387 921 1426 non
976 1366 1067 1423 luent.
1090 1391 1103 1418 >2

92 1471 166 1512 esse.
184 1455 267 1513 Unde
277 1457 384 1514 dolens
400 1460 556 1530 exercitus,
571 1462 672 1518 relicto
687 1462 924 1535 petrahaerebat
1014 1457 1106 1527 liujus
1121 1457 1161 1513 rei
1177 1457 1417 1514 adhortationem
1432 1474 1482 1514 rex
1500 1457 1550 1513 ubi
1563 1457 1806 1530 audiit,primum

91 1541 153 1600 filio
168 1548 281 1601 eleum
300 1545 477 1604 defensabat
501 1548 615 1606 sedulo.
641 1551 736 1622 Hujus
763 1551 803 1606 rei
829 1551 923 1618 gratia
978 1561 1080 1601 seeum
1096 1545 1196 1603 mirari
1211 1562 1272 1602 non
1288 1547 1477 1604 mediocriter
1500 1535 1615 1621 coepit‚'
1628 1548 1700 1620 quia
1723 1546 1807 1620 quod

92 1633 327 1708 congrediuntur
341 1635 372 1692 in
386 1637 500 1710 prelio,
516 1637 545 1694 in
556 1655 618 1711 quo
640 1639 812 1697 vulneratus
836 1639 922 1710 fuge·
938 1650 959 1702 Β
978 1635 1043 1706 ipso
1058 1635 1109 1690 diu
1121 1635 1321 1692 dissimulanti
1336 1636 1502 1709 celantique
1517 1637 1547 1694 in
1566 1641 1698 1694 mentem
1720 1651 1807 1694 vene·

93 1723 353 1795 tusquepaterad
369 1724 589 1798 Sclavoslugit,
618 1731 647 1785 et
670 1743 729 1784 non
747 1728 842 1785 multo
856 1732 925 1802 post
978 1728 1033 1791 rat,
1044 1724 1146 1780 itidem
1163 1724 1306 1781 militibus
1320 1725 1532 1795 cogitationem
1556 1727 1621 1798 ejus
1647 1725 1808 1797 ignoranti-

93 1809 134 1866 ihi
148 1809 230 1878 obiit,
244 1815 273 1867 et
288 1813 377 1869 Suein
392 1814 457 1884 ejus
472 1815 579 1873 solium
595 1815 692 1889 quiete
707 1818 809 1873 tenuit.
826 1819 923 1883 Quem
977 1813 1034 1869 bus
1049 1814 1151 1870 auimo
1168 1814 1294 1870 sederat.
1308 1815 1456 1872 accersito
1468 1816 1570 1889 itaque
1599 1817 1733 1873 Cnutoue
1745 1814 1807 1872 lilio

95 1903 213 1955 strenue
228 1915 298 1956 vero
311 1902 533 1976 prudenterque
557 1904 675 1961 interim
699 1906 852 1962 secularia
878 1905 923 1960 di·
978 1919 1033 1956 suo
1050 1903 1173 1974 majore,
1190 1904 1263 1976 quid
1279 1903 1335 1959 sibi
1348 1920 1439 1976 super
1450 1905 1506 1960 hoc
1522 1905 1631 1974 negotii
1646 1904 1806 1972 videretur,

95 1987 243 2058 sposuerit
256 1989 387 2060 negotia,
404 1991 507 2062 paucis
522 1992 594 2050 libet
615 1994 654 2050 ad
680 1993 856 2050 memoriam
880 2009 922 2050 re·
976 2007 1062 2048 orsus
1073 1996 1117 2047 est
1126 1992 1285 2064 inquirere.
1303 1992 1464 2066 inquisitus
1478 1999 1580 2050 autem
1605 1993 1654 2050 ille
1678 1998 1807 2066 epatre,

95 2075 215 2146 ducere,
230 2083 379 2150 quatenus
393 2081 440 2137 his
454 2082 634 2154 interpositis
659 2083 774 2140 lucilius
802 2084 838 2140 sit
858 2099 923 2153 gra·
976 2084 1113 2136 metuens
1138 2096 1176 2136 ne
1202 2082 1431 2152 redargueretur
1459 2082 1482 2138 si
1512 2081 1622 2156 placito
1649 2081 1809 2139 contrairet

94 2163 188 2220 detim
203 2181 256 2236 per
275 2166 339 2223 hae
353 2169 391 2224 ad
406 2169 620 2242 subsequentia
634 2173 823 2230 descendere.
840 2174 923 2230 Deni—
977 2169 1085 2225 techna
1112 2170 1269 2234 socordiae,
1295 2187 1355 2226 non
1375 2175 1493 2226 tautum
1508 2177 1618 2228 terram
1635 2171 1808 2227 adeundam

93 2267 152 2324 que
168 2267 236 2308 cum
249 2253 332 2312 nullo
343 2257 475 2314 hostium
488 2259 609 2318 incursu
624 2262 757 2336 trepidus
769 2278 875 2336 pacem
893 2262 922 2317 in
977 2273 1043 2313 esse
1056 2257 1216 2330 approbat,
1241 2274 1345 2314 verum
1365 2259 1454 2314 etiam
1469 2259 1589 2329 instigat
1613 2259 1808 2331 hortaturque

94 2343 250 2398 securitate
264 2348 375 2414 ageret,
395 2348 518 2419 periculi
541 2365 659 2424 semper
679 2352 761 2407 velut
788 2351 923 2408 instantis
976 2361 1014 2402 ne
1029 2361 1115 2400 mora
1130 2345 1190 2400 ulla
1203 2345 1367 2419 inemptum
1382 2347 1521 2402 detineat.
1538 2349 1613 2416 Ergo
1625 2363 1677 2402 rex
1691 2345 1810 2403 consul·

94 2434 231 2487 metuens
246 2432 391 2490 incastris
405 2436 534 2504 vivebat,
550 2439 634 2511 quod
648 2439 824 2510 hostibus,si
839 2439 923 2495 ades·
976 2439 1008 2490 tu
1024 2434 1203 2506 optimatum
1224 2433 1370 2503 firmatus,
1388 2435 1576 2509 militumque
1601 2435 1809 2494 benevolentia

95 2525 170 2587 sent,
186 2518 357 2577 utillatenus
379 2522 505 2580 fortasse
531 2527 687 2595 resisteret,
704 2527 836 2600 nihilque
863 2528 924 2584 suis
976 2523 1199 2590 fisus,classem
1215 2540 1410 2582 numerosam
1419 2527 1511 2597 jussit
1525 2529 1624 2600 parari
1649 2532 1678 2583 et
1695 2527 1810 2584 univer·

94 2624 164 2680 quie
176 2607 254 2665 bello
269 2612 438 2670 necessaria
451 2613 549 2670 lorent
570 2617 771 2690 praeparando
792 2617 924 2688 patieba-
978 2628 1043 2668 sam
1059 2611 1195 2668 militiam
1211 2617 1362 2670 llanorum
1383 2614 1516 2687 undique
1539 2615 1665 2680 moneri,
1693 2619 1725 2670 ut
1753 2619 1810 2672 sta·

97 2699 144 2751 tur
157 2697 275 2766 remitti,
290 2699 400 2756 scilicet
414 2717 451 2758 ne
463 2717 517 2776 per
529 2703 634 2772 otium,
653 2711 685 2761 ut
707 2705 829 2773 assoles,
854 2705 923 2761 viri·
978 2706 1041 2758 tuto
1055 2701 1103 2757 dle
1118 2708 1234 2759 armata
1259 2703 1378 2760 adesset
1404 2708 1432 2760 et
1455 2705 1533 2775 regis
1556 2706 1734 2762 sententiam
1754 2721 1809 2763 au-

95 2782 139 2838 les
153 2785 354 2844 emollirentur
368 2789 470 2846 animi.
487 2792 605 2849 Nullum
628 2799 728 2850 tamen
754 2794 831 2851 adeo
849 2793 926 2850 diffi-
978 2791 1074 2860 diens,
1088 2808 1216 2866 quaeque
1230 2793 1449 2866 imperarentur
1459 2794 1653 2851 devotissime
1668 2795 1808 2868 expleret.

96 2872 151 2928 cile
177 2872 309 2932 invenire
339 2882 455 2951 poterat
479 2883 633 2953 negotium
659 2884 696 2940 ad
719 2884 802 2957 quod
817 2883 925 2940 invitos
980 2883 1121 2936 Cursorcs
1137 2897 1208 2937 mox
1222 2883 1384 2954 provinciae
1401 2899 1437 2939 ex
1445 2884 1532 2954 jussu
1546 2883 1660 2940 domiui
1676 2883 1722 2940 sui
1736 2899 1810 2940 eun·

95 2961 265 3036 impulisset
275 2965 393 3039 milites,
406 2985 484 3042 quos
504 2971 599 3028 multa
611 2971 725 3029 liberali
748 2973 960 3049 munimen-0
980 2975 1058 3026 ctam
1074 2977 1238 3043 pergyrant
1252 2972 1416 3042 regionem,
1432 2973 1565 3046 quietam
1581 2989 1703 3046 quoque
1728 2990 1811 3030 com-

96 3051 138 3107 tia
153 3052 210 3108 sibi
225 3053 335 3112 lecerat
346 3056 494 3115 obnoxios
509 3063 537 3116 et
550 3059 663 3118 fideles.
680 3063 786 3136 Atque,
800 3067 833 3118 ut
848 3063 925 3119 scias
980 3059 1185 3114 monefaciunt
1211 3066 1341 3130 gentem,
1371 3077 1409 3116 ne
1434 3061 1503 3134 quis
1524 3079 1561 3119 ex
1587 3066 1667 3118 tanto
1682 3063 1812 3120 exercitu

97 3146 229 3212 quantus
244 3159 369 3202 suorum
382 3145 469 3203 luerit
486 3148 517 3204 in
527 3150 699 3220 precordiis
712 3151 847 3224 affectus,
871 3168 926 3227 pro
980 3147 1105 3210 deesset,
1123 3147 1196 3221 quin
1209 3149 1308 3205 omnis
1323 3150 1450 3207 bellator
1464 3156 1548 3207 terrra
1564 3157 1614 3208 aut
1634 3150 1710 3208 iram
1734 3151 1812 3222 regis

98 3234 177 3286 certo
204 3229 354 3289 affirmare
382 3234 501 3292 valeam
526 3237 609 3310 quod
642 3238 741 3296 nullus
767 3239 926 3298 formidine
980 3236 1155 3308 incurreret,
1171 3242 1223 3294 aut
1233 3239 1364 3309 jussioni
1380 3241 1445 3312 ejus
1469 3240 1633 3297 advolaret.
1662 3240 1739 3306 Quid
1767 3257 1812 3297 er-

97 3319 201 3376 mortis
216 3321 382 3393 perieulum
397 3323 553 3394 refugeret,
570 3327 696 3400 ejusque
715 3345 770 3402 pro
785 3329 926 3386 fidelitate
982 3342 1021 3396 go
1036 3326 1050 3380 ‘l
1066 3327 1187 3399 Absque
1202 3329 1437 3386 contradictione
1459 3329 1643 3396 adunantur,
1667 3329 1813 3386 instructi·

97 3408 233 3466 hostibus
248 3410 412 3470 innumeris
425 3414 517 3482 solus,
534 3418 656 3473 armatis
669 3419 768 3484 etiam,
785 3419 926 3476 manibus
982 3431 1041 3488 que
1051 3414 1143 3470 armis
1155 3413 1269 3471 bellicis
1285 3417 1431 3486 gregatim
1447 3418 1508 3488 regi
1519 3434 1574 3474 suo
1583 3421 1813 3490 presentantur,

99 3497 188 3553 nudis
203 3499 418 3572 imperterritus
433 3507 642 3573 occurreret,si
654 3507 794 3563 euntibus
809 3513 927 3565 tantum
983 3508 1164 3561 ostentantes
1180 3520 1212 3560 se
1227 3510 1348 3578 paratos
1364 3506 1402 3562 ad
1410 3506 1577 3579 perieulum
1587 3513 1616 3564 et
1625 3508 1665 3564 ad
1675 3510 1812 3576 mortem,

99 3587 197 3657 regale
211 3595 488 3661 praemonstraretur
505 3594 635 3663 signum.
660 3597 697 3651 At
709 3612 747 3652 ne
761 3613 810 3652 me
825 3597 928 3654 credat
986 3593 1010 3649 si
1024 3597 1140 3649 tantum
1154 3592 1270 3650 domini
1285 3595 1330 3652 sui
1343 3600 1456 3668 queant
1467 3597 1610 3669 perticere
1619 3596 1813 3654 voluntatem.

100 3676 206 3749 aliquis
221 3677 284 3734 haec
299 3678 374 3736 salsa
388 3681 531 3752 tingendo
544 3683 670 3755 alicujus
695 3685 807 3742 amoris
832 3687 926 3758 gratia
985 3685 1045 3739 Rex
1058 3687 1159 3739 autem
1172 3683 1276 3739 videns
1296 3684 1445 3758 populum
1464 3685 1725 3756 innumerabilem,
1741 3701 1815 3744 voce

100 3767 272 3840 compilare,
288 3775 365 3826 reete
380 3770 928 3848 animadverteuhinsubsequentibus
985 3771 1170 3845 praeconaria
1189 3773 1279 3843 jussit
1293 3790 1380 3830 suam
1403 3775 1536 3847 patefieri
1562 3775 1755 3844 voluntatem,
1783 3791 1815 3832 se

99 3855 212 3929 patebit
226 3861 326 3914 utrum
340 3875 412 3916 vera
425 3859 551 3916 dixerim
571 3877 610 3917 an
625 3862 757 3919 minime.
784 3865 930 3921 Omnibus
984 3860 1059 3916 velle
1073 3858 1183 3916 scilicet
1206 3861 1335 3917 classem
1360 3863 1521 3917 adversum
1550 3863 1660 3934 Anglos
1686 3879 1814 3931 armare,

101 3945 182 4002 enim
196 3946 288 4020 liquet
300 3948 404 4021 procul
417 3949 512 4005 dubio
524 3950 670 4023 quoniam
683 3952 878 4009 humanitatis
890 3953 930 4010 ita
984 3947 1149 4020 ditionique
1165 3965 1227 4003 suae
1242 3965 1364 4004 omnem
1380 3950 1458 4005 hanc
1473 3950 1603 4023 patriam
1616 3950 1693 4006 terro
1701 3950 1815 4006 dolisve

101 4049 167 4092 sese
180 4035 291 4093 habeat
303 4037 498 4105 consuetude,
525 4043 557 4094 ut
579 4039 755 4113 plerumque
780 4057 817 4096 ex
840 4041 930 4098 rebus
985 4035 1142 4106 subjicere·
1160 4035 1245 4100 Quod
1263 4037 1312 4092 ubl
1329 4037 1471 4093 omnibus
1484 4037 1582 4094 visum
1592 4042 1670 4094 esset
1680 4037 1817 4096 laudabi-

100 4139 245 4198 prospere
273 4125 467 4183 redeuntibus
491 4131 605 4184 mentes
632 4129 826 4201 quorundam
863 4131 930 4204 plus
984 4125 1021 4193 le,
1037 4125 1125 4196 elegit
1139 4124 1272 4198 primum
1284 4126 1337 4198 qui
1352 4141 1479 4196 regnum
1493 4143 1581 4183 suum
1601 4126 1744 4185 deberent
1766 4143 1816 4185 cu·

102 4226 188 4282 aeqno
200 4213 329 4282 exagitet
340 4213 554 4282 cogitationum
569 4220 669 4284 aestus,
687 4221 776 4290 atque
787 4234 823 4274 ex
838 4218 943 4274 nimia·
986 4214 1106 4282 stodire,
1121 4230 1170 4282 ne,
1186 4215 1261 4271 dum
1274 4215 1407 4272 ahenum
1422 4215 1541 4273 incaute
1556 4221 1719 4290 appeteret,
1742 4217 1816 4274 illud

101 4299 132 4356 in
147 4299 208 4357 otio
220 4301 339 4359 licentis
351 4302 567 4373 aggrediuntur
581 4305 674 4378 aliqui
688 4305 771 4379 quod
786 4307 836 4362 vix
849 4307 929 4378 cogi-
945 4349 967 4403 D
985 4305 1068 4378 quod
1083 4319 1206 4372 securus
1221 4305 1342 4361 tenebat
1355 4305 1503 4362 amitteret
1517 4309 1545 4362 et
1558 4305 1816 4364 intentusinutro·

102 4393 175 4460 tare,
192 4391 305 4447 nedum
320 4391 426 4460 lacere,
447 4392 602 4450 audentia
624 4395 800 4452 adversitate
822 4396 928 4470 posita.
986 4408 1046 4466 que
1060 4392 1155 4449 neutri
1170 4391 1815 4466 imperaretflnbebatenimfiliosduosbo-

103 4484 144 4536 lta
159 4481 248 4537 etiam
262 4481 406 4553 praelibati
420 4482 498 4553 regis
513 4483 667 4548 militibus,
683 4501 753 4541 cum
777 4485 932 4559 incompo
985 4495 1030 4536 nee
1046 4481 1164 4548 indolis,
1192 4497 1228 4538 ex
1253 4482 1365 4556 quibus
1391 4482 1625 4556 primogenitum
1649 4499 1706 4538 suo
1717 4482 1817 4553 junxit

103 4570 165 4626 sitae
181 4569 263 4644 pacis
275 4569 467 4629 diuturnitate
483 4578 591 4629 cuneta
604 4573 763 4630 cessissent
777 4591 930 4648 prospere,
985 4569 1149 4640 comitatui,
1173 4576 1247 4628 natu
1272 4588 1343 4628 vero
1368 4571 1516 4628 minorem
1538 4569 1670 4644 praefecit
1684 4569 1817 4626 universi

103 4657 191 4715 firma
207 4659 254 4716 sui
279 4675 335 4732 pro
358 4660 521 4717 benefactis
535 4661 650 4718 domini
666 4660 747 4718 iretis
763 4663 931 4736 stabilitate,
985 4659 1069 4730 regni
1081 4659 1257 4728 dominatui,
1271 4661 1414 4732 adjuncta
1427 4659 1454 4715 ei
1465 4659 1552 4731 copia
1563 4658 1817 4731 militari,paueis-

103 4748 210 4805 eadem
231 4749 289 4824 ipsi
303 4749 425 4820 agitanti
447 4750 558 4822 placuit
573 4751 691 4808 studere
706 4754 814 4808 terram
831 4753 931 4824 Angli·
986 4765 1044 4822 que
1057 4748 1221 4822 primatum
1234 4749 1287 4822 qui
1302 4747 1462 4822 puerulum
1475 4747 1622 4819 sagaciter
1631 4747 1817 4805 instituerent

103 4855 171 4896 cam
196 4837 368 4895 invadendo
393 4843 470 4894 sorte
499 4839 605 4898 bellice
627 4841 743 4914 imperii
757 4841 803 4897 sui
821 4841 933 4899 finibus
986 4842 1014 4894 et
1027 4837 1079 4911 qui
1091 4838 1161 4894 huic
1175 4837 1307 4894 consiliis
1322 4836 1475 4909 armisque
1491 4851 1547 4909 pro
1561 4851 1649 4892 muro
1661 4841 1770 4894 essent.

103 4929 243 5000 adjicere.
262 4949 275 4976 a
292 4925 576 4999 Turchil,inquiunt,
589 4929 728 5003 princeps
740 4929 849 4987 militiae
864 4935 930 4998 tuae,
1021 4927 1168 4984 Omnibus
1181 4941 1251 4996 ergo
1265 4927 1320 4982 rite
1334 4924 1500 4999 dispositis,
1525 4925 1674 4982 recensuit
1694 4925 1817 4984 comites

104 5017 226 5073 domiue
254 5032 329 5084 ren,
359 5015 477 5072 lieentia
505 5032 523 5071 a
550 5020 577 5072 te
605 5023 750 5091 accepta,
791 5019 862 5076 abiit
902 5025 934 5076 ut
986 5014 1192 5088 expeditionis
1207 5013 1368 5088 relictoque
1384 5014 1499 5070 minore
1515 5013 1575 5070 lilio
1599 5030 1654 5070 suo
1680 5013 1711 5070 in
1735 5014 1815 5084 sede,

103 5105 226 5161 fratrem
253 5120 342 5160 suum
366 5103 439 5159 inihi
465 5103 650 5160 interfectum
679 5105 878 5176 ulcisceretur,
894 5112 931 5176 et,
987 5105 1058 5162 adiit
1071 5103 1362 5172 navigiumvallatus
1377 5107 1494 5160 armato
1509 5102 1611 5160 milite.
1641 5106 1698 5160 Nec
1719 5119 1815 5171 mora,

104 5209 248 5263 magnam
264 5197 380 5265 partem
399 5193 544 5249 exercitus
566 5192 608 5248 tui
634 5193 798 5264 abducens,
829 5197 933 5254 vicisse
987 5195 1173 5250 concurritur
1189 5192 1321 5266 undique
1335 5191 1375 5248 ad
1388 5191 1497 5260 littora,
1521 5191 1727 5249 circumfertur
1748 5209 1818 5267 pas-

105 5299 136 5338 se
150 5297 200 5350 gar
211 5285 275 5343 det:
291 5286 320 5338 et
334 5297 414 5337 nune
430 5281 627 5338 meridianam
645 5286 759 5354 purtem
774 5285 934 5356 provinciae
988 5282 1044 5338 sim
1059 5298 1214 5338 armorum
1225 5298 1310 5353 seges
1324 5281 1498 5350 multigena.
1511 5282 1668 5352 aggregati
1695 5282 1818 5338 tandem

104 5372 199 5429 vietor
213 5371 337 5441 obtinet,
362 5387 396 5427 ac
412 5370 527 5427 mavult
550 5371 590 5426 ibi
615 5371 698 5427 exsul
722 5371 845 5441 degens,
862 5373 934 5428 ami·
989 5372 1107 5428 turritas
1122 5370 1289 5428 ascendunt
1304 5370 1749 5446 puppes,esratisrostrisduces
1761 5371 1819 5426 sin-

106 5477 219 5534 cusque
232 5459 328 5518 lactus
343 5460 518 5529 anglorum,
531 5475 608 5532 quos
624 5463 674 5516 tua
688 5475 782 5516 manu
797 5460 864 5516 vicit
875 5461 937 5530 glo·
990 5461 1075 5532 gulos
1090 5461 1261 5518 videntibus
1277 5461 1525 5518 discriminantes.
1556 5460 1627 5516 ilinc
1651 5459 1731 5518 enim
1756 5465 1820 5517 erat

105 5551 186 5621 riari‚
201 5567 295 5624 quam
308 5549 469 5607 exercitum
484 5549 630 5606 reducens
645 5547 697 5605 tibi
710 5548 808 5616 subdi,
823 5550 936 5624 tibique
989 5565 1109 5607 eernere
1123 5550 1225 5606 leones
1251 5565 1325 5606 auro
1349 5549 1450 5606 lusiles
1462 5549 1493 5606 in
1506 5547 1669 5623 puppibus,
1680 5549 1750 5608 hino
1764 5565 1819 5606 au·

105 5641 262 5700 victoriam
288 5639 408 5708 ascribi.
449 5641 482 5697 tlt
505 5654 586 5700 nuuc
599 5637 777 5722 fraudamur
801 5638 887 5698 sociis
909 5644 937 5698 et
990 5645 1050 5700 tem
1064 5639 1200 5698 volueres
1218 5639 1249 5696 in
1262 5639 1389 5698 summis
1410 5638 1498 5698 malis
1520 5638 1672 5700 venientes
1702 5649 1819 5698 austros
