4044 6184
111 132 144 184 73
370 195 373 202 ,
633 129 869 188 llisroarliulu
888 121 979 184 ttulit
998 128 1095 186 TRES.
1118 160 1152 170 -
1178 133 1242 190 lle.
1256 137 1302 190 lli.
1784 147 1819 202 vt

109 252 274 320 Regressus
292 249 395 324 itaque
409 253 503 308 Roma
518 250 680 309 willelmus
695 268 808 324 cemes,
823 255 941 310 tantun
958 252 1064 308 heuto
1083 251 1241 326 defunctus
1271 261 1316 315 est
1338 257 1512 317 Benedictus
1526 274 1607 336 papa
1635 261 1696 336 (on.
1728 267 1819 338 loti),

108 337 296 412 impietatem
310 339 461 396 uindicare
476 339 614 396 decrevit.
632 343 665 396 et
677 340 772 398 accito
787 342 862 399 duce
877 339 942 396 Wil-
996 340 1044 396 cui
1058 341 1191 399 succedit
1199 343 1359 403 iohannes.
1376 345 1487 404 Clausit
1513 348 1593 407 diem
1617 351 1740 409 Basilius
1764 353 1820 411 im-

109 427 214 498 lelmo,
225 428 420 486 llartiliaoum
432 429 560 500 obsedit,
575 429 722 486 desolavit
735 430 805 502 igne
821 430 942 488 combu·
994 433 1115 503 perator
1139 434 1299 491 Grecorum
1315 435 1377 508 (aa.
1408 437 1496 509 1025),
1522 437 1680 514 imperavit
1702 457 1758 517 pro
1785 461 1821 501 eo

110 534 190 585 rens,
202 521 233 574 et
246 518 439 575 traditoribus
449 517 541 576 vitam
563 522 593 575 et
620 519 758 578 membra
783 518 941 589 concessit,
996 518 1206 577 Constantinus
1227 521 1317 580 irater
1342 523 1416 596 ejus.
1441 526 1569 583 Excessit
1592 528 1747 587 hominem
1772 536 1823 588 ltr-

110 608 165 666 sed
180 625 233 666 eos
247 609 330 667 omui
341 608 456 666 honore
471 608 608 682 privavit,
624 612 653 665 et
666 608 794 666 Alduino
812 609 942 668 caecitate
994 605 1097 664 bertus
1107 608 1266 684 episcopus
1280 611 1420 680 Coloniae,
1432 612 1584 671 miraculis
1598 621 1666 690 post
1693 624 1822 676 mortem

111 700 242 756 multato
257 699 412 756 Rofiacum
428 697 584 756 concessit.
602 701 634 755 at
655 703 725 772 post
746 699 861 777 aliquot
888 715 941 758 an·
996 695 1175 756 clarescens.
1190 699 1331 758 Eenricus
1354 717 1476 776 quoque
1504 702 1665 778 imperator
1685 712 1822 766 mortuus

110 803 180 854 nos,
192 787 317 860 jubente
332 787 438 846 codem
459 787 576 858 comite,
606 787 752 845 hiduinus
774 788 852 846 filius
877 790 942 862 ejus
996 784 1115 842 estsine
1137 785 1204 844 filiis
1212 789 1413 863 (un.lttit),et
1422 792 1682 866 saaraimperialia
1692 797 1823 854 moriens

111 877 306 935 hartiliacum
320 876 512 949 reedificavit,
525 881 555 935 et
568 876 608 934 ad
623 894 713 934 suum
726 894 802 953 opos
812 879 941 936 retinuit.
996 871 1115 946 reliquit
1126 876 1351 948 consanguineo
1364 878 1393 934 5*
1405 894 1460 935 suc
1469 878 1582 951 juniori
1597 882 1744 940 conrado.
1769 885 1824 951 Qui

112 966 197 1024 idem
210 983 333 1042 quoque
347 966 504 1034 damnus,
522 965 647 1039 jubente
672 971 766 1042 patre,
791 968 942 1027 urinaria-
996 960 1088 1035 paulo
1102 968 1170 1036 post
1183 965 1222 1021 ad
1237 969 1370 1024 extrema
1385 967 1558 1043 perductus,
1586 970 1699 1028 cononi
1727 971 1823 1030 lortis-

111 1075 183 1113 cum
199 1061 330 1114 castrum
346 1073 364 1113 a
380 1071 460 1114 novo
472 1056 610 1113 extruxit.
837 1085 840 1090 ,
997 1052 1074 1108 simo
1089 1058 1118 1109 et
1131 1053 1366 1126 prudentissimo
1376 1056 1504 1131 principi
1519 1063 1670 1134 sceptrum
1688 1064 1717 1118 et
1739 1078 1825 1120 coro·

147 1151 193 1203 il.
209 1148 419 1219 Quotcmpore
434 1145 496 1217 (aa.
514 1146 592 1220 ¹025)
604 1145 666 1203 duo
689 1147 831 1204 monachi
848 1147 942 1205 sancti
996 1155 1069 1198 nam
1080 1145 1109 1199 et
1120 1141 1257 1202 lanceam
1270 1161 1387 1204 sacram
1408 1149 1639 1220 commendavit,
1666 1165 1702 1210 eo
1725 1156 1825 1210 boore

110 1236 257 1296 larcialis
270 1235 607 1309 exprimorihus,velde
621 1236 764 1308 religione
777 1236 942 1311 conspicui,
996 1234 1030 1287 ut
1045 1231 1267 1291 siviveruhaec
1288 1235 1435 1306 redderet,
1456 1235 1482 1293 si
1509 1243 1675 1296 moreretur
1702 1241 1827 1301 haberet

112 1326 272 1384 sanctitate
284 1325 430 1399 praeclari,
447 1324 593 1399 sapientia
605 1325 710 1397 fulgidi
726 1328 763 1396 l',
775 1327 825 1401 qui
843 1344 873 1384 se
900 1328 944 1385 in·
997 1317 1061 1391 ipse
1087 1319 1257 1394 imperium·
1287 1324 1374 1390 Quod
1400 1325 1451 1381 [iti
1477 1323 1630 1384 voluntate
1654 1332 1755 1386 aelam
1769 1333 1823 1387 est.

108 1417 210 1473 ficem
221 1431 282 1490 prae
297 1415 439 1472 omnibus
449 1413 624 1487 diligebam,
640 1418 669 1472 et
682 1432 771 1474 omne
795 1421 945 1474 monaste.
998 1408 1095 1466 Evasit
1108 1409 1189 1467 enirn
1202 1410 1391 1482 languorem,
1408 1414 1462 1471 sed
1473 1413 1609 1489 privatus
1628 1420 1675 1474 est
1687 1417 1823 1491 imperio.

108 1507 190 1563 rium
216 1505 285 1562 duae
309 1504 479 1578 columpnae
503 1504 700 1574 sustinebant,
722 1509 751 1563 et
778 1505 857 1563 velut
882 1507 943 1580 duo
998 1501 1071 1555 Nam
1085 1502 1199 1568 Conon,
1215 1501 1603 1578 suadenlepapabomano
1618 1506 1646 1562 θ’
1672 1511 1701 1564 et
1729 1507 1825 1564 omni·

109 1595 297 1652 candelahra
310 1592 506 1664 irradiabant,
520 1597 550 1651 el
574 1595 661 1667 juxta
689 1611 720 1652 se
741 1595 781 1652 ad
806 1611 943 1654 mensam
963 1587 1055 1660 ssbus
1068 1589 1216 1664 episcopis
1235 1595 1264 1649 el
1286 1591 1462 1666 proceribus
1489 1593 1584 1664 regni,
1611 1595 1684 1668 quia
1704 1596 1824 1668 justitio

109 1683 270 1751 aedebanr,
282 1681 437 1754 notgerius
453 1678 558 1739 carior
569 1681 941 1742 crodebertusarmarius
996 1676 1106 1735 libram
1127 1682 1379 1753 premonstrabat
1394 1681 1554 1756 imperium
1570 1685 1745 1760 assumpsit.
1773 1688 1824 1743 Ju-

107 1775 150 1840 Y,
164 1773 197 1830 in
209 1772 259 1828 die
272 1775 377 1828 sancto
386 1771 508 1828 Pascha
522 1771 614 1828 ambo
627 1771 790 1845 pervisum
805 1773 944 1831 virlerunt
996 1767 1063 1825 nior
1089 1769 1118 1825 7·
1141 1785 1223 1838 vero,
1253 1771 1306 1844 qui
1326 1772 1353 1827 ei
1367 1771 1560 1829 occasionem
1577 1771 1746 1848 imperandi
1760 1791 1826 1849 pre-

107 1879 142 1918 se
153 1860 257 1918 vocari
271 1859 426 1930 achrisie,
439 1863 469 1918 et
482 1859 548 1934 ipsa
562 1859 735 1917 ebdomada
753 1860 943 1920 laudabiliter
995 1856 1111 1927 buerat,
1127 1858 1205 1916 civili
1228 1859 1354 1918 discidio
1387 1865 1491 1918 contra
1511 1877 1582 1918 eum
1609 1878 1698 1933 agere
1724 1864 1823 1938 caepit,

106 1951 206 2008 finem
219 1951 287 2007 vitre
300 1953 481 2023 acceperunt
490 1949 529 2006 ³⁶.
542 1949 660 2007 tercius
669 1951 838 2007 monachus
854 1968 941 2009 sanc·
996 1947 1050 2005 sed
1066 1951 1168 2006 Concu
1179 1949 1208 2007 8*
1222 1950 1357 2024 superior
1370 1951 1473 2008 exirlit.
1485 1954 1551 2008 llaec
1573 1952 1754 2010 videbantur
1781 1953 1825 2010 in·

108 2045 193 2099 litate
203 2039 371 2115 probabilis
385 2038 424 2111 ι’,
439 2038 658 2097 etmoxabbas
683 2041 758 2110 Ugo,
785 2040 941 2100 dilectione
995 2037 1074 2095 dicio
1103 2037 1257 2096 stellarum
1291 2039 1416 2112 majoris
1444 2045 1472 2097 et
1495 2040 1621 2098 minoris
1651 2041 1823 2114 significari.

108 2130 162 2188 liei
177 2129 370 2197 fortissimus,
384 2144 436 2186 eos
451 2127 490 2185 ad
504 2127 635 2185 coelestia
650 2127 802 2186 subsecuti
816 2135 897 2200 sunt,
915 2135 944 2189 ot
998 2127 1186 2200 langobardi
1209 2144 1281 2185 vero
1320 2128 1380 2187 line
1401 2129 1589 2204 imperatoris
1616 2131 1723 2202 gavisi,
1756 2133 1823 2190 des·

105 2219 247 2278 succedit
267 2217 422 2278 odolricus
442 2217 539 2276 abbas
561 2217 825 2292 prudentissimus,
850 2237 942 2296 quem
996 2220 1099 2274 truunt
1112 2215 1258 2290 palatium
1273 2218 1438 2293 imperiale,
1462 2219 1630 2294 quoderat
1653 2221 1762 2294 Papiae.
1791 2225 1825 2279 lit

106 2307 300 2368 consecravit
311 2307 460 2365 terdenus
474 2307 644 2382 episcopus.
993 2306 1102 2378 jugum
1116 2305 1344 2380 imperatorium
1359 2323 1377 2366 a
1392 2323 1423 2366 se
1437 2313 1575 2368 excutere
1599 2310 1742 2384 volentes,
1771 2327 1823 2370 ve-

145 2403 193 2456 it.
207 2397 323 2465 Quibus
336 2396 444 2455 diebus
459 2397 519 2470 (aa.
549 2397 638 2469 lilia),
667 2411 773 2454 mense
799 2399 942 2458 ianuario
995 2394 1202 2453 neruntmulti
1216 2395 1378 2454 nobiliores
1407 2413 1512 2456 eorum
1539 2398 1692 2458 Pictavam
1715 2400 1823 2458 urbem

104 2487 194 2560 (lud),
209 2485 289 2544 circa
302 2487 411 2542 horam
424 2488 540 2542 sextam
550 2484 670 2558 eclipsis
681 2485 752 2543 solis
766 2487 874 2545 accidit
887 2503 941 2565 per
995 2484 1035 2542 ad
1050 2483 1229 2541 Willelmum
1241 2483 1350 2542 ducem
1364 2486 1593 2559 aquitanorum,
1606 2492 1635 2546 et
1646 2503 1715 2546 eum
1731 2504 1823 2564 super

106 2574 573 2649 unamhoram31uuaquoque
597 2574 780 2648 frequentius
804 2576 941 2637 laborem
995 2591 1026 2632 se
1040 2589 1142 2646 regem
1171 2572 1349 2631 constituere
1377 2575 1548 2648 cupiebant.
1579 2577 1635 2643 Qui
1660 2576 1823 2652 prudenter

107 2683 205 2742 passa
219 2670 274 2738 est,
289 2682 370 2723 nrrnc
398 2665 575 2738 sanguinea,
597 2681 678 2722 nunc
702 2668 831 2737 cerulea,
859 2685 940 2728 nunc
995 2681 1116 2734 caveus,
1131 2680 1200 2721 cum
1214 2663 1358 2720 Willelmo
1384 2664 1491 2722 comite
1518 2665 1676 2737 Egolismre
1705 2669 1821 2738 lango·

106 2755 256 2814 dcficiens
269 2773 277 2826 ;
292 2755 360 2812 duae
373 2771 495 2829 quoque
510 2753 601 2812 stellae
615 2755 686 2812 visae
701 2756 810 2814 suntin
825 2763 939 2829 austro,
993 2753 1159 2811 bardorum
1173 2751 1248 2810 lines
1263 2752 1429 2827 penetravit
1447 2753 1529 2827 (litt),
1545 2758 1574 2811 et
1598 2755 1650 2812 diu
1677 2755 1820 2829 placitum

109 2844 141 2902 in
156 2845 246 2918 signo
256 2843 445 2914 leonis,inter
458 2859 491 2900 se
502 2857 638 2916 pugnare
651 2859 706 2918 per
717 2849 814 2903 totum
824 2851 942 2904 autum·
993 2846 1099 2901 tenens
1117 2857 1185 2900 cum
1213 2841 1342 2899 ducibus
1366 2841 1464 2912 italice,
1484 2857 1539 2900 nec
1562 2842 1593 2902 in
1617 2843 1659 2900 eis
1681 2843 1773 2901 iidem
1797 2845 1821 2882 ⁸⁸

108 2950 200 3006 num,
214 2934 314 3005 major
328 2937 357 2991 et
371 2931 478 2990 clarior
492 2931 532 2990 ab
546 2930 668 3001 oriente,
683 2933 784 2992 minor
805 2934 845 2992 ab
863 2935 940 2993 occi·
961 2959 982 3015 C
995 2933 1157 3007 reperiens,
1173 2931 1296 2991 laudem
1308 2935 1336 2990 et
1349 2931 1494 2990 honorem
1520 2949 1626 2992 eorum
1646 2949 1702 3008 pro
1729 2933 1822 2991 nihilo

108 3024 212 3081 dente.
225 3023 369 3080 Currebat
387 3021 486 3080 minor
511 3021 599 3096 quasi
624 3022 759 3080 irascens
784 3028 813 3082 et
835 3024 941 3083 timens
995 3022 1090 3081 duxit.
1123 3025 1156 3078 ln
1167 3020 1344 3078 revertendo
1367 3037 1440 3079 sane
1462 3021 1624 3081 nunciatur
1639 3025 1676 3060 ¹¹⁸
1704 3022 1741 3092 ei,
1766 3023 1823 3080 Wi-

107 3129 210 3187 usque
224 3111 265 3169 ad
280 3113 437 3184 maiorem,
453 3109 571 3185 quarad
596 3126 628 3169 se
648 3127 711 3169 non
726 3112 845 3171 sinebat
872 3129 941 3172 eam
995 3110 1108 3168 donem
1150 3108 1356 3167 vicecomitem
1393 3109 1508 3167 obisse.
1555 3114 1588 3168 Et
1624 3109 1822 3170 intercedente

105 3201 295 3278 proximare,
310 3199 363 3258 sed
382 3199 462 3258 crine
493 3199 648 3258 radiorum
673 3201 793 3274 longius
818 3219 941 3278 percus-
996 3200 1140 3259 Willelmo
1154 3199 1262 3259 comite
1277 3198 1485 3270 ligolismcnsi,
1500 3201 1631 3273 praefecit
1659 3202 1823 3260 lemovicae

107 3291 350 3367 samrepellcbat
358 3290 544 3349 occidentem
555 3305 673 3348 versus.
684 3293 829 3366 Tempore
840 3293 944 3350 subse·
997 3290 1201 3351 vicecomitem
1211 3287 1506 3347 ndemuuminloco
1519 3288 1820 3367 deionetipatrissui.

112 3473 140 3528 t·
162 3469 339 3528 sacerdocio
354 3459 518 3528 sublimati¹
532 3468 603 3526 odd.
619 3473 646 3526 2.
674 3469 703 3527 2'
731 3473 837 3528 cantor
857 3470 956 3530 inclite
995 3469 1191 3543 operositatis,
1215 3467 1305 3524 nater
1318 3465 1426 3524 decani
1452 3466 1574 3538 gloriosi
1586 3468 1748 3552 adalberti,
1769 3484 1823 3527 ar·

148 3542 268 3599 marius
281 3545 309 3598 t.
325 3543 354 3598 3·
370 3539 497 3614 correpti
509 3538 593 3598 brevi
609 3541 645 3577 ¹⁸⁵
659 3546 689 3599 et
702 3541 764 3599 acri
779 3541 901 3612 langore
922 3543 964 3599 od
987 3585 993 3600 .
1019 3547 1045 3599 2.
1072 3545 1099 3599 t·
1124 3538 1294 3598 lideberius
1320 3539 1391 3596 odd.
1415 3542 1442 3621 ²:
1471 3543 1497 3621 ξ·
1518 3538 1637 3613 reliquit
1663 3541 1745 3599 tratri
1768 3557 1824 3598 suo

151 3617 254 3670 Burno
277 3612 417 3688 episcopo
444 3610 527 3668 urbis
555 3611 679 3682 osburo,
707 3616 736 3670 et
765 3613 990 3689 archiepiscopo
1020 3611 1159 3683 Coloniae,
1175 3625 1295 3668 necnon
1309 3615 1338 3667 el
1351 3610 1535 3684 archiepisco
1592 3613 1778 3682 llongoniire,
1791 3618 1826 3670 ut

150 3685 544 3811 ipsiineligerent...‘.i..nantes
560 3684 595 3719 ¹⁸⁶
611 3687 724 3810 postffe
737 3682 960 3813 imperaioTrem.
981 3684 1035 3750 Qui
1050 3683 1194 3811 fipiffcopi,
1216 3681 1349 3810 adgnato
1369 3696 1475 3754 regno,
1501 3682 1530 3808 itu
1557 3682 1562 3692 '
1586 3688 1673 3810 {runt
1695 3683 1824 3766 letanias

151 3771 421 3910 §.ceritati
437 3769 1228 3910 stralaticia?litul¹¹tltttl.t.iitl¹l
1244 3767 1826 3909 elllltl¹‚=t⁰‚t⁰ti⁰..lll?¹luti}

155 3913 189 3955 m
203 3895 449 3980 conjugiumhab
481 3899 531 3979 at,
545 3911 651 3980 proco
665 3896 749 3970 quod
763 3901 842 3955 esset
854 3897 938 3955 lorus
952 3913 1055 3980 ammo
1069 3901 1099 3954 et
1110 3901 1293 3980 rectissimus
1305 3910 1338 3951 ru
1349 3894 1473 3977 Judrcro.
1516 3910 1586 3977 uem
1613 3895 1827 3953 ordrnaverunt

158 3969 389 4038 museomtionrs
399 3967 465 4025 oleo
479 3981 511 4024 ru
520 3967 612 4050 reguli
626 3968 724 4040 gradu
736 3969 819 4043 apud
846 3970 881 4006 ¹⁸·
896 3971 1081 4041 llogoncram
1096 3969 1255 4037 arvinum,
1279 3969 1309 4023 et
1320 3964 1508 4023 tradiderrmt
1519 3981 1545 4022 er
1559 3970 1694 4040 septrum
1722 3971 1751 4024 et
1776 3981 1827 4024 co·
1862 3983 1867 3990 ·

158 4055 268 4101 ronam
281 4046 310 4099 et
320 4041 459 4098 lanceam
473 4043 566 4096 sanan
581 4038 721 4098 llauricii.
736 4039 918 4098 Adveniente
930 4056 1001 4098 vero
1015 4040 1131 4114 pascha
1142 4041 1269 4096 Romam
1283 4053 1354 4093 cum
1379 4036 1538 4118 innumero
1565 4036 1695 4095 exercitu
1723 4037 1827 4110 tendit,

165 4121 196 4174 et
220 4115 290 4189 quie
304 4110 431 4172 Romani
445 4109 524 4168 cives
538 4109 699 4168 noluenmt
711 4110 738 4168 ei
753 4111 879 4185 aperire,
894 4127 950 4169 nec
963 4110 1003 4169 ad
1017 4110 1155 4168 ellectum
1170 4107 1406 4183 perveniendum
1431 4123 1495 4164 sine
1518 4106 1648 4180 plurimo
1670 4107 1829 4166 hominum

160 4187 309 4258 sangiune
320 4182 388 4240 tuso
400 4186 472 4240 crat.
486 4181 581 4239 noluit
595 4184 697 4240 Conon
711 4181 874 4254 imperator
886 4182 1060 4256 paschalem
1072 4179 1260 4238 testivitatem
1275 4193 1380 4236 cruore
1391 4178 1527 4235 humano
1539 4179 1688 4253 perfundi,
1718 4184 1747 4237 et
1772 4180 1830 4238 hac

158 4262 244 4319 darc
257 4260 397 4315 Ravenna
420 4269 484 4311 sese
498 4252 653 4311 continuit.
666 4251 792 4327 rbitror)
807 4253 938 4311 domnus
973 4269 1033 4329 apa
1044 4251 1141 4310 attulit
1155 4251 1182 4307 ei
1196 4265 1340 4308 coronam
1354 4249 1480 4323 imperii,
1502 4253 1531 4307 et
1554 4266 1625 4308 eum
1651 4250 1699 4308 die
1726 4256 1831 4308 sancto

159 4329 275 4391 Pascha
289 4328 350 4401 (aa.
368 4325 448 4409 luat)
460 4324 492 4382 in
506 4324 632 4399 imperio
646 4326 852 4383 Romanorum
866 4341 917 4383 ma
940 4323 946 4335 '
971 4340 1007 4382 us
1022 4323 1083 4382 suis
1098 4323 1261 4380 coronavit.
1277 4321 1341 4378 Alio
1366 4337 1438 4378 vero
1463 4335 1544 4378 anno
1570 4321 1601 4378 in
1628 4321 1694 4395 ipso
1721 4329 1831 4380 sanctie

161 4401 288 4462 Paschae
309 4398 359 4456 die
371 4396 552 4472 Aqursgraui
564 4394 660 4454 filium
672 4412 762 4453 suum
776 4395 908 4454 domnus
922 4397 1024 4454 Conon
1041 4396 1078 4432 ¹¹⁰
1110 4393 1273 4478 imperator
1287 4407 1463 4474 consecrare
1471 4391 1727 4474 Jussitiuregem.
1756 4396 1835 4450 itroi-

162 4470 682 4605 ililffldlttldlt‘att
695 4464 1293 4596 titiliilrttdlltlttlttlil·
1308 4463 1836 4593 l⁰iilllll¹¹l⁶d¹⁶l¹¹¹litut

164 4559 388 4676 auremqgonon
401 4611 438 4648 ¹¹¹
467 4609 520 4684 qui
528 4554 642 4682 judigio
655 4555 810 4667 chunus
822 4609 928 4684 populi
940 4609 1051 4667 electus
1065 4579 1163 4666 luerat
1172 4606 1289 4689 cirilli.
1306 4608 1335 4664 8·
1347 4606 1510 4680 imperator
1534 4605 1629 4664 valuit
1652 4605 1683 4663 in
1708 4609 1835 4676 tantum,

162 4695 198 4748 ut
210 4703 284 4746 eum
298 4685 402 4742 virum
416 4685 534 4757 caperet
548 4685 577 4738 et
589 4681 621 4738 in
634 4680 773 4739 custodia
787 4686 936 4756 quantum
949 4680 1007 4738 sibi
1020 4679 1122 4738 visum
1135 4678 1191 4736 luit
1203 4681 1351 4736 retineret.
1367 4679 1426 4735 llcc
1439 4677 1572 4752 proiecto
1585 4679 1613 4734 2.

817 4833 933 4889 VARIAE
952 4831 1152 4890 Lecrroues.

170 4997 210 5034 ¹⁸³
231 4995 307 5052 itai
324 4991 418 5050 finem
431 5004 509 5047 corr.
526 4987 619 5045 fldem
634 4991 659 5044 l.
677 4987 712 5024 ¹⁸⁸
726 4985 884 5045 nunciatur
899 4991 924 5043 l.
951 4986 987 5021 ¹⁸⁵
1001 4983 1097 5042 brcvu
1111 4998 1137 5040 c.
1163 4981 1199 5018 ¹⁸⁸
1223 4981 1401 5040 vocatorum
1424 4981 1492 5051 jam
1507 4975 1591 5035 houd
1618 4973 1738 5057 lepidile
1756 4991 1772 5034 e
1775 5017 1841 5033 ......

127 5065 300 5129 omnies?
332 5065 367 5102 ¹⁸⁷
394 5066 424 5119 et
432 5059 528 5135 iejuni
541 5059 675 5132 legiaco
685 5063 813 5130 possum
824 5073 850 5115 c.
890 5057 926 5094 ¹⁸⁸
946 5069 1100 5115 cononec.
1133 5053 1168 5090 ¹⁸⁹
1191 5069 1270 5128 opc.
1301 5049 1549 5110 uoconoma¹l¹
1566 5046 1776 5121 paucuulusc.
1806 5049 1842 5084 ¹⁸²

128 5156 199 5217 quo
214 5151 279 5196 non
290 5151 317 5192 r.

938 5279 1050 5338 NOTAE.

176 5441 242 5512 (lat)
270 5437 368 5494 dieti
390 5437 456 5492 lan.
476 5433 588 5492 Eodem
610 5447 714 5490 menso
738 5430 787 5489 die
811 5437 828 5490 9
854 5429 973 5506 eclipsis
1064 5429 1139 5502 (lul)
1158 5426 1200 5486 Gi.
1217 5421 1633 5496 rutbertiepistolaena-laa.
1771 5491 1803 5503 ..

134 5513 222 5571 lunae
274 5508 303 5566 't.
1064 5501 1138 5574 (liii)
1150 5496 1396 5572 interpolatorem
1410 5492 1511 5568 plures
1526 5507 1641 5551 errores
1668 5506 1853 5549 commrsrsse

1029 5576 1119 5647 patet.

397 5679 519 5734 Parnon.
539 5673 624 5733 cxrl.
1590 5667 1606 5720 3
