3984 6182
136 238 204 295 laos
526 241 572 295 DE
590 240 776 298 musculis
795 240 824 296 S.
844 238 1054 298 uuuuRallul
1073 243 1165 298 LIBRI
1183 243 1266 300 DUO.
1285 272 1321 282 --
1342 243 1406 298 LlB.
1426 246 1448 298 l.
1778 248 1846 299 ltllt)

131 365 161 418 et
174 360 278 417 multis
289 359 364 416 foret
376 361 491 417 horrori
513 367 541 418 et
555 362 704 436 exemplo,
723 368 791 419 ante
804 362 964 419 confessio·
982 368 1004 419 Α
1018 363 1118 421 liceret
1130 365 1173 422 eis
1196 365 1313 439 absque
1326 365 1448 439 publica
1464 365 1637 423 confusione
1660 366 1844 424 domicilium

129 466 201 509 nem
216 449 381 506 beatissimi
395 451 535 524 martyris
555 452 666 525 hospes
678 453 814 526 hispidus
828 457 857 508 et
870 452 965 508 borri·
1017 455 1209 526 requietionis
1224 455 1289 528 ejus
1301 455 1421 511 intrare.
1440 457 1526 522 Quod
1540 472 1611 513 cum
1626 455 1773 512 videretur
1791 456 1845 512 im-

130 540 189 596 dus
203 553 317 595 nomen
332 538 488 594 confessus
502 539 639 611 legionis,
655 542 767 613 ejectus
783 545 829 598 est
841 541 879 597 ab
894 543 965 598 hos·
1018 546 1178 615 patratum,
1200 549 1232 602 ut
1243 545 1379 601 venirent
1394 543 1475 600 bona
1490 545 1547 601 sub
1572 561 1635 618 spe,
1652 545 1690 600 ad
1714 544 1778 599 illos
1802 551 1846 600 est

130 629 190 704 pite
203 631 293 684 antea
307 626 363 682 sibi
385 628 488 699 charo,
505 629 559 685 sed
573 633 643 686 tunc
660 631 799 702 martyris
823 631 965 703 precibus
1017 630 1176 704 perlatum.
1192 633 1245 700 Qui
1259 634 1409 691 venientes
1418 651 1488 690 cum
1499 634 1663 690 humilitate
1677 639 1845 690 actrcmore

132 716 300 776 admodum
312 719 508 774 amaro.Tum
523 717 812 788 videres,mirumin
827 720 963 783 modum.
1019 725 1091 776 sunt
1104 721 1267 778 intromissi
1283 729 1310 778 et
1331 739 1393 779 non
1407 722 1591 780 infructuose
1607 722 1743 780 admissi.
1772 727 1846 780 Nam

133 807 159 863 si
172 806 302 872 adesses,
321 804 478 862 bominem
492 805 584 880 paulo
602 811 670 864 ante
689 824 743 881 per
758 806 871 864 alienm
885 807 964 864 vires
1018 809 1118 882 capita
1138 826 1207 867 cum
1222 812 1363 868 manibus
1382 811 1517 882 religiose
1538 812 1624 868 alfari
1644 812 1845 884 imponentes,

131 895 252 953 ossibus
264 899 292 950 et
303 895 403 950 nervis
416 894 589 962 distentum,
606 895 706 953 subito
720 897 866 953 mediocri
880 901 966 967 gestu
1017 897 1145 970 professi
1159 904 1230 956 sunt
1243 916 1273 955 se
1286 901 1398 957 martiri
1404 906 1564 976 perpetuos
1578 901 1846 974 censualesdliqui

131 983 266 1057 corporis
279 987 463 1052 contentum,
479 999 541 1041 uno
553 985 721 1059 eodemque
732 990 886 1042 momento
901 987 966 1042 des-
1016 987 1206 1044 tradiderunt
1216 1004 1318 1045 servos
1330 994 1358 1046 et
1367 989 1499 1058 ancillas,
1512 995 1543 1046 ut
1553 990 1583 1046 iu
1598 994 1761 1064 conspectu
1772 990 1846 1048 tanti

130 1073 250 1130 titutum
263 1072 393 1146 propriis
406 1073 520 1129 viribus
533 1078 562 1130 et
574 1075 751 1130 restitutum.
770 1078 795 1130 ls
806 1090 878 1145 ergo
894 1077 965 1132 San·
1017 1076 1137 1148 patroni
1156 1077 1323 1134 invenirent
1342 1079 1464 1148 gratias.
1488 1079 1544 1134 aui
1565 1095 1636 1136 vero
1657 1078 1846 1136 contulerunt

131 1167 259 1230 ntorum,
286 1177 364 1235 quos
390 1176 444 1234 pro
472 1162 594 1218 miseria
620 1163 782 1220 relevanda
808 1164 963 1236 petiverat,
1016 1165 1227 1238 possessiones
1241 1165 1425 1238 prediorum,
1441 1182 1478 1222 ne
1501 1168 1577 1223 ultra
1592 1171 1703 1223 starent
1717 1167 1748 1222 in
1761 1171 1845 1240 parte

133 1252 285 1319 charitate,
307 1250 396 1308 beato
420 1254 643 1310 Emmerammo
656 1253 797 1324 donatus,
818 1269 872 1327 per
894 1269 965 1310 eun-
1016 1269 1148 1310 reorum.
1166 1254 1248 1310 Alius
1272 1254 1319 1310 liic
1346 1254 1463 1328 reliquit
1488 1255 1633 1312 triennem
1658 1255 1845 1326 languorem,

133 1341 203 1398 dem
227 1339 437 1397 dulcissimum
461 1346 624 1415 patronum
644 1343 828 1413 gratificatur
849 1347 909 1400 Deo
925 1343 964 1400 si·
1017 1339 1093 1396 alius
1105 1341 1246 1414 deposuit
1256 1341 1373 1398 bimam
1388 1341 1582 1412 debilitatem,
1599 1342 1675 1398 alius
1686 1343 1791 1414 jugem
1802 1359 1848 1398 su·

132 1430 256 1504 mulque
264 1431 363 1486 omnis
372 1431 709 1504 plebsHiotospotr'taao
721 1433 963 1504 conjubilatcum
1017 1429 1132 1504 paravit
1145 1429 1270 1498 maligni
1283 1431 1402 1504 spiritus
1418 1430 1647 1488 infestationem.
1664 1431 1712 1486 llis
1728 1431 1848 1486 tandem

131 1536 177 1576 eo.
195 1523 249 1576 Pro
263 1521 331 1588 hoe,
345 1519 470 1578 Domine
482 1521 686 1590 dominorum,
703 1526 732 1580 et
746 1522 811 1579 aliis
826 1523 964 1596 potentius
1017 1523 1045 1575 et
1060 1519 1234 1591 hujusmodi
1256 1519 1410 1575 beneficiis
1432 1521 1542 1588 refecti,
1562 1519 1634 1593 quia
1657 1524 1745 1576 antea
1763 1521 1850 1577 malis

131 1614 190 1666 tuae
207 1609 370 1677 miraculis,
385 1611 536 1680 generatio
557 1626 689 1683 presens
704 1617 733 1668 et
746 1611 847 1669 futura
860 1612 965 1669 lauda·
1016 1607 1183 1664 innumeris
1203 1613 1288 1664 erant
1311 1609 1419 1676 allecti,
1444 1609 1474 1664 in
1494 1610 1617 1683 propria
1640 1613 1709 1665 sunt
1730 1609 1848 1665 reversi.

131 1697 175 1754 bit
199 1713 292 1770 opera
320 1701 380 1754 tua.
401 1697 650 1768 Magnificentiam
674 1699 776 1770 gloriae
802 1700 999 1774 sanctitatisg
1019 1699 1100 1753 Unus
1116 1703 1217 1753 autem
1231 1697 1370 1770 ejusdem
1389 1697 1488 1770 stirpis
1501 1697 1637 1770 perdurae
1653 1698 1785 1770 cervicis
1799 1715 1850 1754 uo·

132 1788 190 1841 tuae
205 1785 376 1858 loquentur,
397 1790 424 1842 et
440 1786 590 1843 mirabilia
607 1791 660 1843 tua
673 1789 842 1845 narrabunt
859 1793 887 1845 et
910 1789 964 1844 vir·
1018 1785 1098 1842 mine
1114 1785 1337 1853 adalrammus,
1359 1786 1426 1842 fecit
1446 1787 1529 1859 quod
1555 1786 1651 1842 noluit
1666 1786 1772 1842 beatus
1786 1790 1852 1842 Ern-

130 1879 226 1931 tutem
241 1874 417 1932 terribilium
442 1880 562 1932 tuorum
578 1876 686 1934 dicent.
714 1881 788 1934 Cum
810 1878 921 1951 quibus
936 1882 965 1933 et
1017 1891 1214 1932 merammus.
1228 1876 1442 1932 vendicaverat
1450 1877 1530 1932 euim
1541 1875 1597 1932 sibi
1607 1877 1716 1948 injuste
1727 1878 1852 1949 praedio·

130 1979 188 2019 uos
213 1964 364 2020 humiliter
379 1981 414 2020 ac
428 1965 624 2038 supplicative
636 1965 765 2022 dicimus
782 1985 788 2022 :
815 1989 828 2015 c
845 1970 963 2023 Emma-
1016 1979 1085 2018 rum
1100 1968 1226 2036 partem,
1243 1979 1310 2036 quae
1326 1979 1420 2035 nepos
1432 1964 1497 2034 ejus
1513 1963 1628 2018 martiri
1643 1963 1700 2019 sub
1728 1963 1851 2019 testibus

131 2067 250 2108 ramnro
265 2053 332 2110 testi
357 2057 407 2110 tuo
422 2052 502 2110 fideli
525 2053 655 2110 concede
680 2055 806 2112 salutem
826 2056 963 2114 omnium
1017 2051 1098 2108 dedrt
1113 2052 1143 2108 in
1158 2051 1362 2108 hereditatem.
1380 2055 1435 2108 Pro
1455 2069 1515 2126 qua
1528 2057 1694 2110 conventus
1706 2069 1724 2108 a
1736 2053 1850 2127 primo-

134 2140 238 2197 nostri.
1016 2141 1100 2198 ribus
1115 2146 1144 2198 et
1156 2142 1359 2216 interpellatus
1374 2158 1392 2199 a
1407 2141 1671 2211 defensoribus,ob
1683 2143 1780 2200 cordis
1793 2145 1850 2199 du-

168 2233 209 2284 ll.
226 2230 325 2285 llerita
337 2229 415 2286 beati
428 2232 642 2288 Emmerammi
656 2235 797 2306 martyris
811 2239 962 2307 quantum
1016 2231 1115 2288 ritiam
1141 2231 1261 2304 penitus
1276 2231 1396 2288 rennuit
1409 2231 1505 2288 facero
1529 2231 1693 2303 justiciam.
1715 2235 1851 2288 Ceterum

126 2316 286 2374 valeanlin
295 2317 443 2390 presentia
454 2319 811 2392 omnipotentis,testatur
819 2324 884 2395 jam
894 2323 963 2397 plus
1017 2321 1124 2378 beatus
1138 2324 1530 2388 Emmerammus,·suorum
1555 2320 1695 2376 defensor
1708 2321 1849 2393 optimus,

126 2421 221 2479 quam
239 2422 294 2479 per
314 2411 461 2464 trecentos
477 2425 574 2466 annos
589 2411 738 2484 Lautperti
750 2412 860 2469 misera
875 2428 963 2482 gene·
1018 2424 1109 2481 super
1122 2410 1285 2465 temeritate
1309 2425 1344 2464 ae
1364 2408 1477 2465 malitia
1501 2409 1578 2464 adeo
1604 2423 1674 2464 eum
1690 2407 1803 2476 afflixit,
1820 2413 1852 2465 ut

127 2495 204 2552 ratio
228 2499 358 2569 tyranni.
383 2497 474 2568 Cujus
500 2515 516 2554 e
545 2498 636 2572 stirpe
662 2515 741 2556 unus
765 2501 813 2558 die
827 2501 963 2574 quadam
1017 2512 1071 2569 per
1091 2496 1205 2569 aliquot
1227 2497 1410 2569 septimanas
1434 2495 1580 2566 agritudo
1604 2497 1669 2568 ejus
1693 2497 1811 2554 sibimet
1824 2505 1852 2556 et

126 2601 197 2641 cum
210 2583 276 2641 aliis
291 2587 411 2658 patroni
423 2587 517 2643 nostri
533 2591 639 2660 petens
654 2588 821 2658 ecclesiam,
836 2606 907 2647 cum
921 2590 964 2647 iu·
1018 2589 1095 2640 essct
1107 2600 1205 2657 poena
1222 2589 1312 2657 atquc
1327 2584 1453 2656 horrori,
1470 2585 1575 2642 amicis
1591 2602 1663 2642 vero
1681 2586 1850 2644 inconsola-

126 2679 204 2730 trare
225 2678 383 2743 tenorent,
403 2675 434 2732 in
454 2675 548 2748 ipsius
564 2677 631 2733 auu
647 2677 730 2750 quod
745 2678 815 2734 huic
834 2679 965 2737 adheret
1017 2672 1070 2728 bili
1091 2675 1222 2729 moerori·
1240 2673 1322 2729 Unde
1338 2673 1470 2745 contigit,
1488 2678 1519 2729 ut
1540 2675 1710 2747 frequenter
1725 2679 1851 2730 mortem

126 2764 296 2834 medietate,
312 2765 411 2822 subita
428 2766 600 2839 prohibitus
614 2784 647 2824 es
666 2768 808 2840 caecitate,
824 2768 865 2824 ibi
890 2769 964 2826 dum
1018 2767 1144 2836 optaret,
1159 2763 1212 2820 sed
1234 2767 1337 2838 optata
1351 2764 1475 2820 minime
1491 2765 1613 2821 veniret.
1630 2769 1711 2822 Tunc
1726 2765 1850 2820 demum

127 2854 279 2910 deviando
289 2854 430 2911 manibus
443 2855 591 2930 palparet,
602 2873 638 2912 ac
648 2857 777 2930 pedibus
788 2859 961 2928 offenderet,
1017 2853 1123 2926 procul
1137 2853 1231 2910 dubio
1254 2854 1321 2928 ipsa
1346 2869 1446 2910 rerum
1467 2854 1541 2912 facie
1569 2855 1755 2929 perdiscens,
1779 2855 1851 2928 quia

127 2961 146 3000 a
159 2944 384 3001 transeuntibus
397 2944 465 3018 quis
479 2951 566 3016 esset,
582 2946 655 3019 quid
668 2951 829 3021 pateretur,
841 2948 964 3005 interro-
1017 2942 1100 2999 illum
1116 2943 1406 3012 haheretouensum
1415 2945 1501 3016 cujus
1522 2945 1675 3002 martirem
1690 2945 1850 3002 issh0ss01'fl‘

128 3037 226 3102 gatus,
242 3037 272 3089 et
284 3047 379 3102 genus
390 3032 593 3102 inserturum
606 3051 680 3092 casu
690 3036 963 3110 professus,eorum
980 3072 1001 3128 C
1018 3036 1100 3087 verat
1129 3032 1365 3102 sanctissimum,
1394 3050 1486 3106 seque
1515 3034 1619 3090 dolens
1647 3034 1850 3090 infelicissime

128 3120 255 3178 oonsilio
275 3126 303 3178 et
324 3121 435 3178 ducatu
451 3123 560 3179 atrium
585 3127 629 3180 est
643 3140 791 3196 egressus.
810 3125 865 3192 Qui
890 3142 963 3182 mox
1016 3120 1369 3191 viveresummum
1384 3121 1560 3193 hujusmodi
1575 3123 1849 3180 vitamortesaltim

123 3211 223 3267 visum
243 3210 401 3284 recipiens,
429 3227 484 3268 nec
507 3227 570 3268 non
584 3228 640 3286 pro
655 3229 690 3269 eo
705 3214 788 3287 quod
804 3214 860 3270 sibi
884 3215 961 3272 acci·
1016 3208 1099 3265 haud
1113 3225 1204 3282 posse
1223 3209 1318 3276 finire,
1336 3209 1459 3265 consilio
1473 3225 1549 3277 sero,
1566 3211 1619 3266 Sed
1642 3215 1742 3266 1³11]ssss
1757 3210 1848 3278 b⁰ss0‚

124 3299 221 3368 derat,
245 3301 320 3356 haut
335 3299 406 3357 satis
430 3300 588 3371 diligenter
607 3318 638 3358 sa
651 3302 824 3370 discutiens,
845 3308 960 3376 utpote
1017 3313 1143 3353 uxorem
1159 3297 1215 3352 sub
1234 3296 1421 3354 festinatione
1446 3313 1515 3354 cum
1539 3297 1631 3354 filiolo
1645 3297 1684 3354 ad
1698 3299 1850 3354 martirem

126 3389 255 3461 alicujus
281 3389 380 3446 oneris
403 3391 569 3462 expeditus,
598 3392 774 3449 intrantium
799 3393 893 3449 turbis
919 3398 963 3451 est
1017 3385 1108 3456 misit,
1123 3390 1244 3458 neptem
1270 3386 1380 3442 scilicet
1394 3402 1494 3443 meam
1509 3403 1579 3443 cum
1604 3392 1712 3461 nepote
1728 3386 1797 3442 illuc
1811 3387 1851 3442 ad

127 3474 326 3545 coniunctus:
350 3477 423 3530 tunc
449 3475 532 3531 miris
557 3475 635 3532 mira
663 3477 903 3549 succedentibus,
930 3477 961 3533 in
1016 3473 1199 3531 restituenda
1214 3474 1319 3547 predia
1334 3490 1452 3530 currere
1472 3473 1548 3531 fecit.
1566 3475 1621 3541 Qui
1636 3480 1722 3532 nocte
1737 3475 1850 3546 vigilia·

125 3563 193 3637 ipso
209 3566 365 3635 portarum
380 3563 502 3619 introitu
526 3563 627 3621 denuo
641 3566 771 3622 caecitate
785 3582 959 3639 percussus.
1015 3581 1081 3620 rum
1097 3566 1163 3636 ejus
1173 3564 1334 3632 venientes,
1351 3569 1379 3620 et
1393 3581 1483 3621 mane
1505 3565 1642 3622 ordinem
1654 3565 1697 3622 rei
1712 3564 1785 3622 mihi
1797 3581 1848 3622 ex-

126 3652 210 3708 Unde
224 3657 253 3708 et
272 3653 418 3726 apopulo
441 3653 588 3710 honorem
601 3655 692 3711 (lanto
707 3658 767 3712 [teo
786 3656 902 3730 absque
917 3656 964 3712 di·
1015 3659 1172 3726 ponentes,
1183 3670 1258 3710 ame
1267 3656 1390 3727 accepto
1402 3653 1485 3727 quod
1498 3654 1537 3710 ad
1553 3654 1680 3711 salutern
1690 3655 1773 3728 pueri
1785 3670 1850 3728 per-

124 3739 235 3796 latione
268 3739 349 3797 foras
383 3740 508 3813 ejicitur,
541 3743 594 3814 qui
622 3759 676 3816 per
702 3743 960 3801 evidentissimum
1014 3742 1101 3799 tinuit
1116 3742 1328 3799 consiliohora
1347 3742 1525 3800 dieiuatalis
1540 3743 1706 3801 beatissimi
1719 3744 1849 3800 martiris

126 3830 247 3898 signum
269 3846 288 3886 a
309 3830 423 3886 cunctis
437 3830 577 3888 inimicus
599 3833 680 3888 testis
699 3849 765 3889 esse
792 3834 958 3904 conjicitur.
1015 3831 1102 3904 quasi
1122 3831 1255 3888 secunda
1273 3836 1371 3888 mater
1382 3832 1421 3887 ad
1441 3832 1533 3888 altare
1558 3833 1694 3900 accessit,
1710 3837 1739 3888 et
1749 3833 1848 3904 primo

124 3920 219 3991 llujus
233 3921 275 3976 rei
290 3921 494 3977 testimonium
516 3938 586 3978 cum
605 3922 726 3994 publico
743 3922 852 3980 rubore
866 3925 959 3980 homo
1015 3919 1146 3975 tiliorum
1162 3924 1268 3976 sancto
1288 3923 1512 3975 Emmerammo
1526 3918 1641 3973 solvere
1654 3919 1765 3974 faciens
1781 3934 1848 3973 cen-

123 4013 250 4083 portans
273 4026 386 4077 secum,
407 4015 436 4067 et
449 4010 537 4067 valde
552 4011 677 4068 miratus
700 4029 731 4067 se
746 4012 793 4068 bis
814 4019 960 4069 caecatum
1015 4024 1094 4076 sum,
1107 4008 1216 4063 deinde
1231 4024 1300 4063 cum
1316 4007 1452 4076 ciusdem
1467 4005 1611 4062 manibus
1623 4005 1754 4061 attractis
1764 4021 1848 4061 more

123 4103 215 4171 atque
236 4098 449 4166 illuminatum,
465 4099 622 4172 repedavit
641 4101 680 4157 ad
699 4101 832 4174 propria,
854 4103 959 4172 hujus·
1015 4097 1171 4169 Bajoarico
1184 4096 1310 4152 testibus
1322 4094 1478 4151 retradidit
1496 4095 1611 4168 predia,
1628 4095 1667 4150 uti
1681 4098 1769 4151 antea
1783 4094 1847 4152 lue-

122 4187 208 4244 modi
223 4204 361 4245 sermone
376 4189 453 4245 inter
476 4188 643 4246 conrivales
665 4195 694 4246 et
717 4192 960 4261 consanguineos
1014 4191 1083 4244 rant
1100 4185 1218 4254 tradita,
1241 4169 1428 4258 domumque
1453 4188 1499 4240 est
1522 4199 1650 4241 reversa.
1674 4184 1745 4241 lude
1772 4179 1858 4243 mihi'

123 4280 261 4333 exeunte.
276 4277 417 4334 Noverint
431 4293 547 4348 omnes,
557 4277 631 4333 nulli
639 4294 675 4334 ex
685 4279 857 4351 posteritate
872 4281 959 4337 Lom-
1014 4279 1120 4349 postea
1129 4273 1253 4330 nuntius
1262 4273 1352 4341 veuit,
1359 4272 1411 4345 qui
1420 4273 1431 4346 j
1436 4272 1591 4348 uravitper
1601 4274 1723 4330 beatum
1730 4277 1846 4331 Emma-

118 4367 204 4438 perti
227 4381 386 4422 aceessum
408 4365 491 4439 apud
508 4367 536 4423 S.
553 4369 812 4424 Emmerammum
835 4368 870 4424 iri
885 4385 958 4424 eon·
1014 4382 1177 4432 rammam,
1199 4363 1454 4438 praenominatum
1481 4363 1710 4422 adalrammum
1738 4366 1845 4422 eadem

123 4471 254 4521 cessum,
281 4455 338 4511 nisi
363 4473 431 4513 cum
455 4471 567 4527 magna
589 4457 755 4514 bumilitate
778 4461 808 4514 et
828 4421 993 4516 multumD
1013 4457 1089 4512 hora
1113 4453 1273 4526 tranquilla
1296 4453 1473 4526 pausatione
1491 4453 1667 4510 defunctam
1682 4471 1756 4523 esse,
1784 4468 1845 4526 qua

124 4543 242 4602 valente
267 4544 462 4618 impetratum
497 4546 586 4602 fuerit
606 4562 703 4620 prece.
728 4550 771 4604 Tu
795 4563 877 4616 vero,
892 4563 957 4604 ma·
1013 4545 1077 4602 heec
1099 4543 1217 4601 traditio
1238 4543 1316 4599 facta
1340 4546 1384 4599 est
1411 4543 1591 4600 llatisbonre.
1621 4547 1679 4599 Nos
1705 4541 1842 4613 proinde,

122 4631 235 4704 gnifica
260 4632 313 4689 lux
338 4631 454 4700 mundi,
483 4649 538 4706 per
563 4635 791 4692 intercessiones
818 4637 958 4708 martyris
1012 4640 1160 4710 quotquot
1183 4651 1288 4690 sumus
1303 4634 1375 4690 tanti
1394 4633 1513 4708 patroni
1534 4632 1672 4698 cultores,
1688 4632 1747 4685 Deo
1762 4633 1790 4685 et
1803 4629 1844 4685 illi

122 4721 168 4778 tui
186 4721 324 4778 illumina
345 4721 482 4779 tenebras
504 4723 602 4779 cordis
629 4724 732 4792 nostri,
761 4741 798 4781 ne
825 4729 957 4782 extorres
1011 4725 1162 4796 gratificas
1178 4724 1374 4781 concinamus
1392 4722 1519 4778 laudes!

123 4811 218 4867 simus
238 4810 364 4867 eoelestis
387 4811 482 4885 regui,
507 4812 561 4869 sed
586 4813 821 4872 intromittamur
846 4815 958 4888 nuptiis
1050 4820 1092 4872 la.
1106 4815 1252 4886 llagualia
1264 4813 1315 4869 Dei
1327 4813 1519 4869 vehementer
1529 4814 1599 4865 sunt
1609 4806 1840 4875 consideranda,

122 4899 205 4969 adni-
1011 4911 1039 4962 ct
1054 4909 1227 4962 sanctorum
1245 4902 1290 4957 ira
1305 4917 1358 4958 seu
1372 4900 1515 4974 patientia
1531 4898 1620 4954 nimis
1631 4895 1775 4953 timenda.
1791 4896 1841 4952 llis

162 4991 204 5044 lt.
220 4989 472 5062 Nobilesquidam
479 4990 546 5060 viri,
558 4993 735 5061 cognatione
743 4992 831 5049 nobis
846 4996 874 5050 et
884 4997 956 5054 tem-
1010 4995 1120 5052 etenim
1134 4986 1633 5066 patrocinantibus,clemensnobis
1643 4985 1842 5042 eritllltithro·

121 5092 196 5151 pore
208 5078 281 5142 noti,
298 5095 427 5152 quorum
441 5079 565 5136 nomina
581 5080 713 5152 silemus,
728 5083 800 5156 quia
814 5099 957 5140 verecun·
1009 5101 1078 5152 uus,
1091 5081 1213 5138 offensis
1228 5095 1297 5134 vero
1310 5083 1338 5134 et
1350 5077 1466 5151 spretis,
1484 5074 1675 5149 perlongum
1688 5076 1840 5132 autbreve

121 5165 213 5223 datur
226 5167 356 5241 quisque
369 5169 524 5242 proximus
539 5169 579 5225 ob
595 5169 732 5225 timorem
744 5173 854 5244 pariter
864 5179 892 5230 et
904 5191 955 5230 an·
1009 5186 1071 5228 nou
1087 5167 1311 5226 stabilinultum
1322 5171 1351 5222 et
1361 5163 1525 5232 leve.0uod
1535 5163 1617 5237 apud
1627 5169 1765 5221 sanctum
1776 5167 1841 5220 Em-

121 5271 228 5326 gorem
238 5256 422 5314 calamitosae
437 5257 540 5331 pestis,
551 5273 619 5331 quae
634 5257 687 5313 diu
701 5260 888 5336 multumque
899 5279 954 5318 sm·
1010 5252 1839 5327 merammumsubllichahcleepiscoposatisprobatum

120 5343 202 5402 vitin
220 5345 395 5402 bominibus
410 5347 572 5418 tyrannicae
587 5347 779 5420 posteritatis,
794 5365 848 5422 per
860 5351 956 5408 diver·
1009 5347 1141 5404 seniores
1155 5343 1425 5412 retuleruntnobis,
1438 5342 1491 5417 qui
1503 5342 1750 5399 memorabantur
1761 5341 1840 5399 illius

121 5449 173 5490 sas
191 5450 291 5492 rerum
307 5451 431 5492 suarum
456 5435 624 5493 oblationes
651 5440 741 5509 atque
763 5439 953 5495 sacerdotum
1008 5434 1160 5508 temporis.
1179 5438 1204 5490 ts
1217 5448 1289 5504 ergo
1301 5449 1357 5506 pro
1371 5431 1462 5488 rebus
1478 5432 1619 5501 martiris,
1630 5431 1839 5488 defensoribus

121 5523 273 5582 orationes
295 5529 500 5583 ceterorumve
521 5520 755 5601 supplicationes
775 5529 835 5583 Deo
857 5527 954 5585 famu·
1009 5525 1261 5599 assumptis‚cum
1274 5523 1410 5580 Pertoldo
1424 5523 1597 5580 marchione
1605 5520 1838 5593 r68)contlictum

120 5611 248 5671 mutium
263 5613 411 5672 miserunt
422 5614 462 5671 ad
471 5615 595 5672 beatum
608 5618 877 5687 emmerammum,
890 5633 952 5695 quo
1007 5613 1419 5687 babuitmagnum.0umque
1430 5611 1482 5670 diu
1493 5616 1637 5670 certatum
1648 5615 1725 5668 esset
1735 5610 1836 5667 utrim-

158 5703 268 5776 (tatae
281 5703 348 5777 ipso
360 5719 388 5760 v.
405 5703 533 5762 Thietm.
549 5705 639 5774 11‚u;
657 5703 701 5773 lu,
717 5710 743 5760 7.
