3990 6184
165 189 233 244 late
775 177 881 234 uultu
900 175 1039 232 heutua
1059 175 1261 236 ANGLORUH.
1815 185 1880 237 1376

164 315 225 370 tem
238 310 279 368 illi
293 309 410 384 placere
426 305 535 362 nescio.
551 302 636 366 Quod
651 303 732 360 enim
745 297 903 373 cujuslibet
914 297 991 373 peri·
1009 300 1122 370 aciat3
1146 318 1216 358 curn
1231 302 1342 376 pariter
1356 303 1512 361 considero
1525 320 1621 377 quarn
1639 305 1779 378 pessime
1795 307 1827 360 in
1843 311 1883 362 ta-

164 397 365 473 tieloquentis
379 395 416 451 de
432 394 566 456 tevirtus
587 397 638 449 tua
652 391 834 466 praeeminet,
851 389 992 446 omnibus
1044 389 1123 446 libus
1152 407 1218 448 sese
1246 393 1380 449 humana
1406 393 1591 450 consuetudo
1619 394 1745 451 habeat.
1773 394 1883 451 videns

165 487 305 562 aquibus
327 484 516 555 cognosceris
531 483 597 556 ipso
612 483 682 538 solis
702 481 809 553 jubare
824 478 933 535 clarius
947 475 993 532 lu·
1046 482 1126 538 enim
1141 481 1249 556 aliquis
1263 484 1438 557 quempiam
1462 501 1518 558 pro
1533 486 1735 558 exprimenda
1749 487 1796 544 rei
1812 487 1884 542 reri-

165 579 219 634 cet.
235 579 273 631 Te
287 573 375 644 igitur
389 589 461 643 erga
476 588 524 628 me
548 571 625 628 adeo
645 571 875 628 benemeritam
891 566 994 636 magni
1046 574 1105 626 tete
1127 567 1226 626 verbis
1250 571 1465 642 indulgentem,
1479 589 1565 629 vanae
1590 574 1790 648 loquacitatis
1814 591 1885 630 eum

163 665 252 733 facio,
268 668 300 720 ut
313 663 402 721 morti
416 661 583 734 intrepidus
604 660 827 730 occumberem,
842 657 868 713 si
880 657 910 713 in
930 671 994 711 rem
1046 658 1226 716 mordaciter
1238 661 1409 732 redarguit;
1426 662 1519 719 aliurn
1533 678 1604 720 vero
1626 680 1721 738 quem
1738 663 1805 720 dixi
1820 663 1885 720 bla-

165 754 217 812 tibi
231 753 388 827 provenire
401 753 563 809 crederem.
579 752 643 818 Qua
655 767 692 807 ex
710 766 743 806 re
757 748 830 806 mihi
846 747 946 814 etiam,
963 749 996 802 ut
1047 747 1216 823 sphemlam
1245 749 1407 820 lugiemem
1434 756 1462 808 et
1488 769 1576 826 aequo
1601 753 1827 809 modestiorem
1856 753 1885 808 in

165 844 315 920 precipis,
331 842 509 900 memoriam
530 857 632 897 rerum
647 844 810 910 gestarum,
825 852 937 904 rerum,
953 835 996 890 in·
1047 831 1228 910 narratione,
1244 856 1313 896 cum
1337 846 1439 912 operta
1461 841 1614 898 denudare
1637 842 1763 911 debeat,
1781 845 1886 916 aperta

166 950 270 1008 (luam,
286 937 337 989 tuo
360 939 539 1005 tuorumque
565 931 670 987 h0n0ri
691 927 879 988 attinentium
893 924 995 982 litteris
1048 929 1213 986 occuluisse
1225 929 1304 985 dicit.
1314 930 1375 987 Tali
1385 931 1484 1004 itaque
1497 933 1636 1002 angustia
1648 932 1885 1004 circumseptus,

166 1022 331 1098 posteritati
345 1021 490 1078 mandare
506 1019 617 1090 gesti03
634 1019 687 1075 sed
702 1019 740 1076 ad
755 1019 812 1076 hoc
824 1014 995 1072 iaciendum
1048 1018 1087 1075 ab
1101 1017 1302 1075 invidentibus
1316 1019 1429 1093 loquax
1443 1021 1501 1077 dici
1516 1021 1616 1088 timeo,
1630 1021 1665 1087 si,
1682 1013 1829 1091 neglecta
1840 1036 1885 1076 ve-

167 1128 216 1169 me
230 1111 304 1168 mihi
330 1109 466 1166 sufficere
485 1125 575 1182 posse
590 1107 705 1165 dubito.
723 1108 784 1162 lloc
799 1105 879 1161 enim
901 1104 932 1159 in
949 1101 995 1158 lli-
1048 1108 1165 1160 nustate
1180 1104 1360 1178 dictaminis,
1373 1107 1529 1165 Historiam
1546 1109 1714 1183 scripturus
1727 1108 1885 1181 multiplici

167 1200 258 1258 storia
272 1199 428 1274 proprium
440 1198 566 1269 exigitur
577 1201 610 1254 ut
621 1197 703 1254 nullo
718 1196 825 1254 erroris
839 1192 996 1250 diverticu·
1048 1191 1218 1249 narratione
1233 1209 1305 1249 usus
1320 1193 1413 1252 luero.
1431 1197 1580 1262 Quoniam
1599 1214 1681 1264 vero,
1698 1197 1779 1270 quin
1795 1197 1886 1268 scrip-

167 1291 197 1348 lo
220 1306 238 1346 a
260 1294 341 1346 recto
353 1288 485 1345 veritatis
510 1287 626 1352 tramite
650 1285 831 1352 declinetur;
851 1281 996 1356 quoniam
1050 1286 1133 1337 turus
1148 1281 1205 1337 sim
1220 1283 1346 1340 evadere
1359 1301 1407 1341 me
1423 1299 1484 1341 non
1499 1301 1588 1360 posse
1602 1285 1703 1357 video,
1723 1302 1826 1342 unum
1840 1285 1888 1340 ho

169 1395 239 1436 cum
261 1377 329 1452 quis
351 1377 478 1449 alicujus
505 1381 589 1448 gesta
612 1376 756 1441 scribone,
782 1372 896 1430 veritati
921 1368 997 1426 falsa
1049 1387 1116 1426 rum
1140 1386 1209 1443 quac
1232 1388 1404 1446 proponam
1433 1375 1605 1446 eligendum
1631 1392 1698 1432 esse
1726 1380 1886 1442 autumno,

169 1469 310 1543 quaedam
334 1483 387 1523 seu
410 1466 549 1536 errando,
564 1464 626 1522 sive
645 1465 689 1536 (ut
712 1479 791 1536 saepe
806 1461 850 1534 fit)
874 1462 997 1516 ornatus
1051 1459 1162 1517 scilicet
1176 1465 1227 1517 aut
1239 1462 1327 1519 variis
1340 1463 1460 1534 judiciis
1474 1465 1633 1521 hominum
1650 1465 1830 1536 subiacere,
1842 1469 1889 1520 aut

170 1557 265 1628 gretia
279 1556 433 1619 interserit,
449 1555 581 1628 prolecto
597 1555 685 1610 unius
707 1558 822 1609 tantum
844 1553 998 1622 comperta
1051 1548 1088 1605 de
1111 1551 1159 1606 his
1182 1566 1250 1622 quae
1275 1552 1347 1608 mihi
1368 1569 1385 1609 a
1410 1557 1448 1622 te,
1464 1553 1588 1609 domina
1601 1553 1721 1624 regina,
1737 1559 1889 1627 praecepta

170 1645 350 1703 admistione
375 1643 522 1700 mendacii
544 1643 663 1700 auditor
684 1641 763 1698 lacta
787 1639 867 1696 velut
891 1637 999 1694 inlecta
1018 1642 1131 1711 Bsunt,
1147 1639 1368 1713 praeripientem
1389 1640 1569 1714 negligendo
1584 1643 1803 1699 conticescere.
1820 1641 1888 1699 italo

171 1735 262 1792 ducit.
280 1734 361 1792 Unde
385 1733 530 1790 historicis
550 1746 734 1804 magnopere
749 1729 918 1786 cavendnm
934 1743 998 1782 esse
1052 1727 1152 1798 itaque
1166 1727 1378 1800 aquibnsdam
1388 1730 1426 1786 de
1436 1729 1615 1803 loquacitate
1628 1731 1790 1800 redargui,
1798 1746 1888 1802 quam

171 1839 279 1882 censeo
301 1839 348 1889 ne,
374 1822 486 1878 veritali
511 1820 697 1895 quibusdam
722 1819 798 1876 lalso
820 1815 999 1889 interpositis
1054 1817 1207 1872 veritatem
1223 1817 1354 1873 maxime
1369 1817 1572 1875 memorabilis
1590 1819 1633 1875 rei
1646 1835 1703 1893 per
1718 1835 1773 1875 me
1794 1819 1888 1874 omnl-

172 1913 387 1975 contraeundo,
403 1927 515 1966 nomen
538 1910 628 1966 etiam
652 1909 759 1981 perdat
778 1907 861 1980 quod
887 1905 1001 1961 videtur
1055 1903 1277 1961 busocculteri.
1295 1905 1439 1971 Quocirca
1462 1906 1619 1977 jubentem
1639 1907 1807 1964 dominam
1830 1923 1889 1961 ma-

172 2001 283 2058 habere
298 2017 334 2057 ex
350 1999 458 2056 officio.
475 2004 530 2056 lies
550 2000 630 2056 enim
655 1999 780 2062 veritati,
798 1996 907 2052 veritas
928 2009 1002 2067 quo
1056 1993 1106 2061 gni
1127 1992 1272 2064 pendens,
1288 1994 1366 2050 hanc
1393 1994 1467 2051 mihi
1490 1994 1564 2066 elegi
1588 1996 1682 2066 viam,
1698 1995 1888 2052 excusabiles
1982 1977 1983 2010 ³

172 2106 232 2164 que
257 2090 348 2146 tidem
370 2089 440 2146 tacit
465 2091 599 2148 retuso
625 2104 744 2145 mecum
765 2087 883 2159 aliaque
898 2085 1002 2155 hujus·
1056 2082 1197 2154 deinceps
1212 2084 1387 2140 occasiones
1407 2083 1603 2158 posthabens,
1618 2085 1691 2142 binc
1705 2085 1888 2142 narrationis

174 2179 257 2237 modi
269 2183 436 2252 reputante,
447 2178 540 2235 rubor
553 2178 689 2234 animum
700 2176 893 2232 vehementer
903 2189 1001 2229 excru·
1057 2170 1276 2228 contextionem
1291 2173 1410 2230 faciam.

828 2454 1230 2543 ,attuttuulttt'h

182 2649 186 2656 '
212 2643 356 2706 Fortasse,
372 2640 506 2707 elector,
528 2639 673 2709 ambiges,
700 2653 808 2711 meque
830 2636 1005 2709 scriptorem
1025 2637 1045 2691 C
1061 2651 1212 2692 summam
1222 2639 1531 2714 complectitur.0uod
1539 2655 1605 2696 esse
1621 2655 1745 2696 mecum
1763 2639 1889 2696 sentiens

176 2730 283 2786 erroris
299 2735 351 2785 aut
365 2728 488 2786 inscitie
509 2727 683 2796 redargues,
699 2726 796 2782 curin
811 2725 902 2796 hujus
916 2722 1005 2779 libelli
1060 2723 1101 2779 sic
1121 2725 1235 2796 collige.
1253 2727 1379 2785 sueinus
1404 2745 1456 2786 rex
1479 2733 1642 2798 lianorum,
1666 2729 1780 2784 virtute
1803 2727 1889 2784 armi·

176 2819 273 2892 eapite
299 2821 383 2874 actus
407 2816 572 2889 laudesque
599 2814 699 2872 sueini
723 2814 905 2870 serenissimi
927 2811 1005 2880 regis
1061 2830 1136 2886 sque
1151 2815 1266 2888 pollens
1280 2821 1309 2874 et
1323 2817 1457 2889 consilio,
1473 2818 1633 2888 Anglioum
1645 2832 1780 2886 regnum
1795 2817 1825 2870 vi
1842 2832 1889 2871 suo

176 2905 452 2980 promulgaverim,
485 2919 554 2960 eum
585 2902 616 2958 in
649 2904 852 2976 suprascripta
883 2899 1007 2974 epistola
1061 2903 1233 2974 subJugavit
1257 2906 1394 2980 imperio,
1422 2908 1613 2979 moriensque
1641 2905 1784 2977 ejusdem
1811 2906 1890 2973 regni

176 2995 278 3067 ipsum
294 2992 470 3050 codicellum
495 2992 577 3048 laudi
598 2993 689 3063 hujus
714 2992 845 3048 dominre
867 3007 914 3046 me
937 3005 1005 3063 spo·
1062 2992 1227 3046 cnutonem
1250 2991 1345 3049 fllium
1359 3011 1563 3051 successorem
1581 3009 1647 3051 esse
1659 2993 1829 3050 constituit.
1847 2993 1890 3047 llic

177 3083 336 3156 ponderim
359 3082 518 3138 iacturum.
536 3080 622 3147 Quod
637 3081 676 3136 ita
698 3097 762 3137 esse
787 3081 850 3152 ipse
865 3079 1006 3142 fatebere,
1061 3082 1254 3153 postmodum
1271 3083 1384 3140 eisdem
1395 3085 1498 3155 anglis
1517 3090 1622 3143 contra
1636 3101 1669 3142 se
1683 3084 1890 3142 sentientibus.

178 3187 287 3244 meque
302 3170 342 3227 ab
356 3170 421 3242 ejus
438 3169 580 3226 laudibus
596 3185 747 3241 nusquam
761 3168 890 3240 accipies
905 3165 1006 3222 devie·
1062 3175 1152 3242 alque
1173 3171 1278 3227 acriter
1303 3172 1363 3228 vim
1391 3174 1581 3230 instrumenti
1603 3173 1633 3229 vi
1654 3189 1779 3247 quoque
1806 3188 1892 3244 repu-

177 3277 220 3334 re,
235 3261 261 3318 si
274 3261 373 3334 prima
388 3259 504 3332 mediis,
521 3264 610 3332 atque
633 3260 657 3315 si
679 3259 790 3315 extima
808 3259 909 3328 sagaci
924 3272 1007 3313 more
1063 3259 1235 3329 girantibus,
1251 3261 1346 3319 multa
1365 3262 1491 3320 confecit
1515 3261 1616 3330 bella;
1641 3268 1670 3319 et
1691 3262 1821 3318 tortasse
1845 3261 1892 3316 vix

178 3349 314 3408 conteras
330 3349 443 3422 primis.
456 3353 550 3422 atque
567 3354 598 3405 ut
613 3347 719 3404 adhoc
733 3347 911 3404 intuendum
926 3344 1009 3401 nulla
1062 3353 1114 3406 aut
1126 3365 1284 3423 nunquam
1308 3353 1439 3409 bellandi
1462 3353 1580 3410 adesset
1593 3352 1670 3422 linis,
1684 3352 1743 3408 nisi
1768 3351 1893 3407 undem

178 3440 285 3496 erroris
296 3438 469 3512 impediaris
484 3437 603 3507 nebula,
620 3453 638 3492 a
655 3437 803 3492 similibus
818 3441 907 3508 atque
927 3453 945 3490 a
960 3450 1008 3508 pe·
1062 3440 1152 3510 hctus
1167 3441 1361 3498 nobilissimae
1378 3442 1489 3513 regines
1500 3443 1595 3514 jugali
1609 3441 1713 3514 copula
1726 3441 1889 3512 potiretur,

178 3529 258 3584 nibrs
287 3529 364 3582 veris
392 3527 449 3580 hoc
475 3525 527 3581 tibi
552 3525 666 3582 habeas
690 3527 852 3580 theorema.
876 3524 1008 3592 AEueida,
1062 3528 1179 3584 favente
1192 3531 1287 3600 gratia
1303 3530 1472 3588 salvatoris.
1491 3531 1592 3588 Vivens
1602 3529 1696 3585 adbuc
1709 3527 1746 3583 de
1761 3528 1820 3582 hac
1832 3542 1886 3580 ca-

178 3613 541 3686 conscriptamnVirgllio
555 3613 623 3684 quis
638 3613 746 3684 poterit
758 3613 883 3668 inficiari
898 3613 1008 3683 ubique
1062 3620 1132 3675 dem
1162 3619 1265 3688 regina
1298 3624 1436 3694 suscepto
1467 3620 1540 3690 lilio,
1567 3617 1731 3675 llardecnut
1760 3615 1890 3683 sedicet,

178 3703 320 3760 laudibus
345 3701 525 3778 respondere
555 3701 718 3768 Octaviani,
740 3717 808 3756 cum
835 3716 911 3774 pene
936 3699 1009 3755 nihil
1063 3707 1210 3780 quidquid
1226 3725 1287 3763 suae
1299 3709 1540 3780 pasehatdffioni
1555 3705 1683 3764 mittit⁸
1698 3705 1766 3774 Qut,
1781 3703 1895 3760 defun.

179 3795 232 3848 eut
245 3789 333 3864 plane
348 3805 456 3862 parum
471 3788 536 3858 ejus
551 3789 663 3844 mentio
678 3788 814 3845 videatur
829 3787 1009 3844 nominatim
1064 3802 1111 3853 cto
1127 3801 1219 3868 patre,
1236 3797 1365 3866 anglicis
1381 3797 1489 3853 absens
1502 3801 1573 3853 erat.
1591 3799 1726 3866 Regnum
1741 3793 1896 3865 siquidem

179 3880 336 3938 interseri?
357 3877 569 3964 Animadverte
591 3877 680 3947 igitur
705 3877 826 3933 laudem
840 3893 894 3932 suo
909 3881 1010 3946 generi
1066 3889 1216 3942 [tanarum
1232 3891 1446 3958 procuraturus
1459 3885 1541 3942 ierat.
1559 3887 1630 3951 Quoe
1652 3882 1790 3940 absentia
1804 3881 1898 3954 impe

180 3971 340 4044 ascriptam
362 3968 456 4042 ipsius
476 3967 576 4024 decori
598 3965 792 4034 claritudinis,
809 3967 1009 4040 claritatisque
1029 3987 1050 4040 Ι)
1066 3975 1100 4030 rii
1113 3974 1158 4030 sui
1172 3974 1247 4029 fines
1262 3974 1423 4032 invadendi
1438 3975 1549 4046 injusto
1563 3973 1718 4048 pervasori
1730 3971 1836 4027 locum
1848 3971 1898 4026 de·

180 4061 212 4116 in
240 4059 383 4115 omnibus
412 4056 569 4113 nohuure
594 4056 730 4127 storiam.
748 4057 820 4121 uuis
844 4061 943 4111 autem
964 4054 1011 4110 hic
1066 4063 1117 4119 un.
1135 4061 1189 4129 oui
1203 4068 1326 4136 accepto
1336 4062 1570 4134 regno,fraeem
1583 4063 1663 4132 regis
1677 4059 1898 4118 nefandissima

180 4152 269 4214 neget
281 4143 422 4200 laudibus
437 4145 547 4214 reginae
562 4145 643 4200 hune
665 4159 718 4216 per
732 4143 835 4199 omnia
847 4143 1010 4216 responde·
1063 4151 1231 4224 proditione
1246 4151 1402 4207 interemit.
1418 4151 1475 4207 Sed
1498 4149 1603 4206 divina
1627 4148 1699 4205 ultio
1720 4147 1897 4216 subsecuta,

181 4231 371 4299 mendicem,
386 4249 453 4287 curn
470 4248 531 4287 non
554 4232 646 4288 modo
662 4231 698 4287 ad
721 4234 785 4302 ejus
801 4231 926 4300 gloriam
941 4231 1009 4286 sori·
1064 4239 1252 4313 impiumque
1278 4239 1459 4312 percutiens,
1486 4254 1615 4309 regnum
1653 4237 1702 4293 cui
1729 4235 1898 4292 debebatur

180 4320 279 4385 batur,
293 4334 400 4374 velum
414 4320 503 4374 ettam
518 4321 584 4390 01⁰⁸
606 4321 771 4376 maximam
783 4321 920 4377 Videatur
933 4319 1009 4374 Obti·
1064 4327 1199 4384 restituit.
1216 4329 1388 4384 llerdecnut
1400 4327 1512 4400 itaque,
1528 4331 1648 4398 recepto
1664 4341 1772 4396 regno,
1790 4329 1896 4380 mater-

181 4424 252 4466 nere
263 4408 402 4483 partem?
417 4407 449 4463 td
465 4407 517 4463 ttbt
532 4408 556 4462 St
572 4408 729 4480 probabile
739 4425 799 4465 uon
815 4408 1011 4477 thtltlll',et't·
1065 4421 1110 4476 nis
1135 4435 1188 4492 per
1202 4418 1304 4474 omnia
1325 4433 1435 4491 parens
1458 4415 1599 4485 consiliis,
1614 4415 1733 4472 divitias
1748 4413 1899 4486 ampljan.

182 4497 263 4555 denti
287 4496 408 4555 alterius
432 4495 474 4552 rei
498 4495 608 4552 indicio
635 4498 828 4571 approbetur.
845 4499 925 4554 Nosti
940 4513 1012 4571 quo
1065 4509 1105 4564 (10
1120 4524 1247 4578 regnum
1260 4505 1453 4580 imperialiter
1468 4505 1604 4562 obfinujt,
1623 4507 1698 4561 Usus
1717 4503 1796 4576 quin
1809 4503 1902 4558 efim

181 4587 275 4658 niam,
290 4586 462 4659 ubicunque
486 4585 639 4658 gyraveris
665 4585 820 4653 circulum,
836 4587 935 4660 primo
950 4603 1013 4643 om·
1066 4597 1185 4669 egregia
1208 4595 1381 4651 liberalitate
1403 4594 1496 4662 fratri,
1514 4597 1615 4668 utpote
1639 4591 1780 4657 decebat,
1797 4605 1902 4646 sacam

182 4675 267 4732 ntum
290 4673 394 4747 Pl⁰⁰¹¹l
419 4671 717 4747 <1¹¹bt⁰llfi¹¹⁰tllium
745 4673 835 4729 ΝΜ
859 4689 923 4729 ⁰⁵⁸⁰
938 4689 1013 4746 Plffl·
1065 4687 1150 4757 regni
1171 4686 1263 4742 decus
1294 4689 1383 4756 atque
1405 4682 1523 4740 divitias
1547 4681 1716 4755 impertivit.
1743 4679 1798 4736 His
1818 4681 1902 4736 enim

183 4769 274 4831 ctum,
290 4763 392 4836 sicque
410 4767 507 4820 rotato
528 4761 724 4819 continuatim
754 4762 827 4818 orbe
855 4762 1013 4819 reducetur
1067 4771 1691 4845 animadversis,010010r‚vigj]jque‚im0
1713 4769 1808 4825 egam
1833 4785 1901 4842 per.

183 4851 320 4920 circulus,
335 4868 396 4924 quo
420 4852 546 4908 reductu
570 4851 609 4907 ad
631 4867 720 4907 suum
744 4851 924 4925 lll'tnsstl)ium
948 4852 1013 4923 elus
1067 4865 1177 4939 spioaci
1202 4862 1290 4919 oculo
1316 4861 1424 4918 mentis
1450 4863 1634 4934 perscrutato
1658 4862 1749 4924 textu,
1768 4857 1902 4920 intellige

181 4940 286 5012 figuroe
299 4939 489 4997 conunuatur
501 4939 642 4996 ambitus.
656 4939 751 4998 Simili
761 4940 851 5011 igitur
861 4941 1014 4996 continua·
1067 4957 1157 5028 hujus
1172 4952 1262 5010 libem
1277 4951 1383 5008 sepiem
1398 4967 1451 5024 per
1466 4949 1568 5006 omnia
1580 4947 1690 5019 „0ngae
1704 4949 1823 5003 gmmffi
1839 4947 1902 5002 rau.

182 5031 262 5087 tiono
274 5029 341 5087 laus
355 5029 466 5100 reginae
481 5027 572 5085 claret
583 5027 615 5085 in
629 5029 744 5103 primis,
757 5030 788 5086 in
803 5029 909 5087 mediis
920 5031 1012 5100 viget,
1068 5045 1156 5101 dibus
1171 5041 1362 5116 respondere,

182 5119 214 5176 in
237 5118 348 5176 ultimis
374 5118 531 5188 invenitur,
547 5134 732 5192 omnemque
757 5135 881 5193 prorsus
901 5119 1012 5176 codicis

811 5385 980 5472 LIBER
1025 5379 1256 5470 PRIMUS.

220 5566 330 5635 Regem
340 5562 1015 5637 banorumSueinum,inquam,vcridicacom·
1069 5561 1342 5619 fortunatissimum
1352 5557 1509 5626 exstitisse,
1521 5555 1597 5612 adeo
1605 5557 1638 5612 ut
1648 5551 1743 5628 (quod
1751 5567 1824 5608 raro
1835 5565 1899 5606 con·

185 5651 250 5726 peri
260 5652 406 5712 mistione
418 5651 556 5712 omnium
569 5651 616 5710 sui
630 5651 773 5727 temporis
797 5666 902 5723 regum
923 5651 1015 5708 terme
1071 5652 1183 5721 tingere
1199 5647 1285 5718 solet)
1299 5646 1452 5722 principiis
1465 5643 1612 5713 felicibus,
1626 5641 1797 5702 secundum
1812 5643 1901 5708 hum
