4044 6184
184 212 230 265 111
761 195 916 252 annulat
936 193 964 248 S.
990 187 1127 248 clueant
1146 187 1312 247 horscrat.
1838 181 1888 236 112

181 345 284 388 coram
302 323 443 384 omnibus
465 337 591 378 manum
606 319 631 376 ei
646 318 788 394 imposuit
809 316 1000 385 benedicens,
1021 317 1270 386 aquem,sancto
1284 310 1403 368 Evurtio
1416 304 1737 383 cpiscopocelebrante
1749 302 1887 368 missam,

182 426 212 478 et
223 419 254 476 in
267 415 408 476 cathedra
419 427 549 470 suasum
564 411 667 468 sedere
682 409 898 482 compulitlloc
908 406 1009 480 ipsum
1063 403 1155 460 fertur
1165 402 1267 459 divina
1279 397 1681 458 manusbenedixissenemo
1694 389 1889 467 postmodum

183 504 546 584 antiphonademonstrat
556 499 697 574 antiqua:
714 500 842 556 Sanetus
856 495 1008 554 Martialis
1062 485 1595 566 mortalisproesumpsitbenedicere,
1606 481 1762 556 quomodo
1773 479 1889 537 llartia-

182 600 223 657 od
235 593 462 669 predicandam
486 590 594 647 Galliis
609 589 772 660 detrectas,
788 585 966 644 subauditur
989 598 1007 640 α
1062 581 1132 653 lem,
1147 599 1240 656 quem
1263 580 1394 640 Christus
1413 577 1554 634 manibus
1579 574 1642 630 suis
1656 569 1809 630 benedixit
1828 569 1890 643 epi-

181 687 318 755 Domiao,
343 683 415 757 quia
428 678 572 738 Dominus
591 682 659 735 ante
674 678 869 751 deputaverat
883 673 1007 732 Galliam
1064 688 1191 746 scopum
1206 687 1275 728 cum
1290 667 1403 727 cacteris
1425 664 1577 740 apostolis,
1591 663 1669 720 ultra
1684 659 1790 734 aliquis
1808 675 1889 714 mor-

180 775 220 835 ed
233 772 472 850 predicandum,
497 769 642 844 adquam
658 767 852 843 postmodum
868 763 1009 840 praecepit
1062 761 1167 818 talium
1186 759 1363 818 benedicere
1377 756 1548 832 pontificem
1573 749 1793 827 presumeret?
1818 747 1889 805 Etsi

180 865 222 922 ire
244 879 299 938 per
319 861 487 934 jubentem,
515 859 575 916 imo
591 859 768 915 suadentem
796 855 1007 912 ethortautem
1061 850 1229 908 benedictio
1253 847 1492 923 patriarcharum
1518 847 1632 901 tantam
1655 839 1716 896 vim
1740 838 1840 905 habet,
1858 840 1891 894 ut

180 957 309 1012 Petrum.
325 957 357 1009 ln
376 967 438 1025 qua
452 949 573 1020 regione
592 948 725 1021 primunr
747 943 1006 1003 Lemovicensibus
1062 940 1136 997 dum
1157 938 1269 997 barbas
1284 941 1313 994 et
1334 950 1461 994 coronas
1484 932 1660 990 clericorum
1683 926 1891 986 benedixerint

180 1056 319 1100 sermone
344 1043 374 1096 et
393 1037 486 1108 signis
510 1036 636 1093 salutem
652 1035 784 1109 pandere
809 1032 948 1107 suscepit.
979 1029 1007 1088 Si
1061 1030 1119 1087 hoe
1143 1025 1353 1085 tantummodo
1375 1025 1531 1081 dicentes:
1555 1019 1712 1078 Benedicta
1738 1016 1775 1072 sit
1795 1014 1890 1072 herba

180 1130 262 1188 enim
274 1130 353 1188 hanc
366 1127 565 1200 antiphonam
576 1125 614 1181 od
626 1123 700 1181 alios
713 1122 834 1180 verteris
842 1120 1005 1196 apostolos,
1062 1119 1108 1176 vel
1124 1115 1440 1185 coronatua,aliorum
1455 1113 1667 1188 episcoporum
1681 1105 1890 1164 benedictione

179 1223 258 1278 recte
273 1216 421 1276 constabit
433 1216 490 1273 hoc
505 1215 616 1272 modo:
633 1217 661 1272 S.
677 1217 778 1270 Petrus
791 1212 831 1269 ad
843 1209 1007 1286 paedican-
1025 1249 1029 1258 .
1061 1224 1123 1266 non
1138 1223 1214 1282 opus
1237 1206 1293 1276 sit;
1315 1205 1410 1262 multo
1424 1202 1520 1273 inagis
1534 1197 1702 1257 benedictio
1723 1195 1817 1269 ipsius
1832 1195 1890 1248 Do-

179 1307 253 1366 dum
269 1307 348 1365 italis
367 1305 532 1376 delegatur,
549 1303 690 1360 Romanis
705 1301 820 1359 civibus
831 1297 1007 1373 jubentibus
1061 1297 1145 1366 mini,
1170 1313 1232 1371 qua
1246 1295 1368 1352 elevatis
1394 1292 1535 1350 manibus
1560 1287 1703 1364 apostolis
1725 1283 1888 1350 benedixit,

179 1395 293 1455 caeteris
308 1395 451 1471 apostolis
472 1393 587 1451 semina
605 1391 675 1450 adei
697 1390 850 1463 eroganda
864 1386 1005 1460 suscepit.
1062 1389 1176 1442 tantam
1192 1385 1328 1442 virtutem
1343 1381 1449 1439 habuit
1462 1385 1495 1438 ut
1508 1379 1600 1436 altera
1612 1374 1835 1434 consecratione
1849 1370 1890 1427 ab

180 1484 453 1544 sanctasandreas
468 1483 506 1540 ad
520 1480 748 1556 predicandam
760 1477 1007 1548 Aclrairedclega·
1062 1474 1163 1548 aliquo
1186 1474 1359 1532 mortalium
1375 1471 1448 1546 ipsis
1464 1469 1584 1526 alterius
1612 1466 1783 1525 nullatenus
1812 1476 1890 1535 opus

178 1580 226 1633 tus
236 1575 319 1650 apud
330 1576 434 1633 urbem
446 1576 559 1642 Patrae,
568 1571 764 1628 suadentibus
775 1569 839 1626 aliis
852 1566 1004 1642 apostolic,
1061 1568 1146 1621 esset.
1163 1587 1177 1614 »
1189 1563 1237 1619 llle
1251 1578 1321 1619 vero
1337 1559 1509 1634 respondit:
1528 1580 1542 1608 «
1556 1556 1616 1631 lpsi
1629 1553 1779 1630 principes
1795 1567 1890 1607 saccu-

178 1664 423 1739 proedicationem
439 1662 578 1736 suscepit.
608 1661 685 1718 Licet
698 1659 788 1728 onim,
808 1661 841 1714 ut
854 1658 930 1714 liber
944 1656 1004 1714 Cle·
1027 1654 1139 1730 plares
1152 1652 1211 1709 hoc
1222 1651 1400 1723 vituperant.
1419 1671 1433 1698 »
1456 1647 1509 1706 Cui
1521 1662 1593 1718 ego:
1611 1667 1626 1694 «
1641 1647 1705 1701 Non
1721 1637 1891 1706 omnesln·

178 1755 288 1812 mentis
302 1753 353 1822 ait,
370 1753 522 1810 Barnabas
536 1750 651 1825 primus
666 1749 808 1806 Romanis
831 1751 951 1804 exortus
970 1745 1007 1802 sit
1060 1742 1133 1817 quit,
1148 1742 1202 1816 qui
1223 1741 1323 1814 ipsum
1347 1738 1497 1797 Christum
1516 1740 1568 1792 aut
1591 1732 1745 1808 apostolos
1767 1729 1833 1801 ejus
1847 1727 1890 1784 lo

179 1843 354 1918 praedicare,
374 1845 474 1899 temen
491 1839 554 1897 sine
577 1839 683 1897 ellectu
706 1843 735 1896 et
749 1838 846 1895 fructu
866 1852 1006 1911 reversus
1059 1830 1355 1907 quentesaudierunt
1372 1829 1499 1885 verbum
1510 1827 1571 1894 Dei,
1583 1825 1767 1897 receperunt.
1784 1823 1817 1877 Et
1830 1819 1889 1874 hoe

179 1936 224 1990 est
236 1931 397 2002 Orientem,
407 1933 440 1987 Et
455 1929 479 1986 si
493 1929 617 1987 calicem
632 1926 854 1986 Aurelianensis
864 1924 1007 1988 eeclesia.
1061 1928 1195 1997 tempore
1203 1919 1383 1995 obsequium
1397 1917 1521 1986 amicos,
1533 1915 1641 1972 veritas
1652 1911 1756 1971 odium
1771 1909 1857 1984 parit.
1871 1931 1886 1957 ι»

1142 2091 1878 2120 .-.-.--—--—--—-—---·

533 2268 912 2362 FRAGMENTUM
955 2263 1236 2356 SEltMONIS
1280 2261 1531 2350 lunarat

768 2477 803 2537 111
826 2475 951 2537 corree'lr'o
975 2473 1179 2535 Lemovr'eeast'
1195 2470 1304 2533 tatia.

524 2663 620 2740 (apud
635 2662 755 2734 llalrill„
767 2663 844 2719 Acta
856 2661 909 2719 SS.
926 2661 990 2717 ord.
1007 2660 1039 2716 S.
1055 2657 1167 2716 Bened.
1182 2659 1254 2714 torn.
1270 2657 1338 2723 var,
1355 2671 1384 2727 p.
1401 2657 1446 2724 tt,
1462 2670 1493 2711 n.
1509 2655 1547 2724 3).

922 2842 1131 2857 mm·-

215 2994 1006 3072 ProlongumesttotPatrurnratatostimoniadcejus
1025 2995 1045 3051 G
1059 2992 1215 3069 proposita
1248 2990 1446 3058 discernebat,
1477 2987 1559 3045 solus
1582 2987 1719 3045 omnium
1746 2987 1889 3060 magister

180 3087 279 3160 (idest
299 3087 398 3143 sarri-li
419 3083 617 3156 Martialis)...
633 3082 673 3138 ad
699 3082 833 3138 medium
846 3080 1005 3138 deducere.
1060 3082 1166 3156 paucis
1186 3081 1286 3138 verbis
1315 3078 1494 3136 dubitationi
1515 3077 1606 3134 tinem
1632 3077 1734 3135 dabat.
1765 3080 1886 3148 Omnes,

180 3176 278 3232 Unum
293 3179 393 3231 tamen
408 3189 444 3230 ex
459 3171 563 3246 priscis
580 3169 752 3227 auctoribus
768 3170 928 3244 superbae
942 3186 1006 3226 mc·
1060 3171 1128 3229 licet
1141 3171 1306 3246 peritorum
1321 3167 1547 3244 peritissimiex
1563 3183 1613 3224 ore
1624 3167 1688 3238 eJ'us
1702 3167 1886 3240 pendebant,

178 3279 316 3323 morasse
339 3263 411 3319 satis
430 3263 491 3332 sit;
519 3261 603 3318 illum
631 3267 708 3318 certe
732 3259 1006 3317 nominatissimum
1061 3278 1097 3318 eo
1122 3265 1267 3334 praesente
1280 3259 1407 3331 digitum
1422 3259 1465 3316 ori
1481 3257 1736 3332 superponebant.
1757 3261 1798 3314 lta
1822 3274 1888 3315 rna-

178 3357 293 3413 Patrem
308 3354 351 3426 (S.
363 3350 634 3424 atramentaria
650 3348 792 3424 pastorali
804 3349 949 3419 regimine
958 3348 1006 3405 ille
1062 3365 1139 3420 gnus
1153 3347 1309 3422 sapientia,
1326 3351 1527 3421 praeterquam
1545 3347 1629 3420 quod
1644 3352 1756 3420 septem
1773 3346 1888 3405 colum-

178 3441 268 3501 totius
283 3439 413 3498 scientim
426 3439 645 3512 virqravisquc
664 3437 847 3493 auctoritatis
864 3436 1007 3493 successit
1062 3439 1108 3494 nis
1121 3437 1290 3494 liberalium
1307 3436 1416 3493 artium
1443 3435 1561 3493 fulcitus
1574 3439 1646 3504 erat,
1662 3435 1769 3509 plenus
1788 3441 1889 3494 aucto-

177 3528 421 3602 archiepiscopus
437 3525 625 3582 Bituricensis
638 3525 823 3595 (Gerraicus),
833 3523 1006 3580 ortlrorloxrc
1060 3527 1154 3584 ritatis
1169 3532 1197 3584 ot
1210 3527 1323 3598 gratie,
1344 3526 1425 3583 omni
1440 3526 1571 3583 ecclesiae
1586 3530 1799 3583 ornamentum
1814 3531 1886 3584 erat.

177 3616 248 3675 fidei
262 3613 624 3685 defensorem,catbolicoe
640 3613 756 3687 pietalis
772 3613 1006 3684 cultorem,bcne
1062 3621 1231 3674 Conventus
1263 3615 1473 3690 episcoporum
1502 3615 1675 3682 decorabat,
1702 3615 1816 3686 omnia
1832 3633 1888 3672 sua

176 3705 281 3776 nostis,
296 3704 351 3764 etsi
371 3721 433 3762 non
445 3705 522 3775 visu,
539 3703 592 3760 sed
606 3703 720 3761 auditu.
741 3704 807 3759 tam
823 3703 903 3760 enim
916 3703 1006 3774 longe
1061 3705 1140 3762 diota
1156 3703 1329 3761 auctoritate
1350 3704 1521 3761 divinarum
1537 3703 1758 3777 scripturarum
1781 3716 1889 3776 appro-

178 3798 248 3854 anie
262 3809 318 3852 nos
340 3794 492 3869 praecessit
506 3793 652 3866 martyrio
672 3798 841 3861 coronatus,
859 3793 1006 3864 sanguine
1060 3793 1154 3850 babai
1168 3811 1176 3863 ;
1192 3798 1220 3849 ct
1233 3792 1381 3866 quidquid
1400 3809 1437 3849 ex
1450 3808 1500 3848 ore
1514 3793 1540 3864 ej
1546 3808 1580 3848 us
1592 3791 1784 3865 procedebat,
1799 3789 1889 3864 quasi

178 3881 246 3941 tuso
258 3882 298 3940 ab
311 3881 411 3957 impiis
430 3897 559 3956 passus;
582 3881 622 3938 ad
642 3881 729 3953 cujus
745 3880 917 3954 sepulcrum
941 3881 1005 3952 iam
1060 3883 1288 3957 quodammodo
1303 3898 1364 3940 non
1387 3883 1567 3950 humanum,
1583 3881 1636 3938 scd
1651 3881 1788 3938 divinum
1801 3895 1888 3936 sona-

177 3971 289 4031 clarare
312 3970 483 4030 audivimus
507 3969 662 4040 miracula,
678 3985 819 4027 verorum
833 3969 1005 4027 testimonio
1060 3973 1122 4030 bat.
1139 3973 1235 4030 Hicin
1251 3988 1305 4028 suo
1329 3973 1464 4046 quodam
1487 3975 1612 4029 tractatu
1634 3971 1770 4031 Martialis
1784 3969 1889 4027 verita-

177 4061 396 4138 eomprobata3
418 4061 505 4134 cujus
519 4060 696 4134 martyrium
711 4060 800 4117 etiam
819 4061 849 4116 in
869 4058 1006 4134 pluribus
1061 4066 1120 4119 111111
1137 4067 1233 4119 tacere
1255 4078 1317 4118 non
1341 4062 1446 4135 poluit,
1467 4060 1590 4118 dicens:
1607 4083 1620 4111 a
1638 4063 1780 4119 summus
1805 4062 1889 4117 Pater

178 4151 315 4209 Ecclesiis
347 4165 431 4207 more
462 4155 613 4207 sactorum
640 4155 809 4223 martyrum
835 4148 1006 4206 solemniter
1060 4152 1307 4210 isteltartialisin
1327 4151 1552 4209 cirnaomnino
1572 4151 1759 4226 satmystica
1774 4150 1888 4208 cbristo

71 4249 73 4252 ’
179 4237 356 4296 celebratur.
367 4242 397 4294 ln
410 4254 472 4311 quo
486 4242 616 4310 martyre
632 4243 748 4295 tantum
758 4237 943 4296 domicilium
959 4254 1006 4294 sa·
1060 4241 1187 4298 conviva
1200 4241 1397 4310 luit,coelestis
1410 4240 1497 4315 panis
1511 4257 1634 4298 sumens
1649 4239 1791 4314 reliquas;
1807 4254 1888 4295 cum-

178 4326 291 4402 pientia
302 4325 359 4384 sibi
379 4325 587 4396 collocaverat,
606 4331 639 4384 ut
651 4328 696 4384 sui
720 4328 862 4402 temporis
888 4327 1004 4397 erudit-i,
1025 4346 1121 4405 pque
1136 4330 1354 4403 discipulorum
1373 4329 1497 4402 collegia
1521 4335 1628 4403 postea
1648 4345 1774 4402 surgens
1797 4327 1886 4396 tersit,

179 4430 359 4490 quanquam
386 4415 536 4472 innumeri
561 4415 711 4486 florerent,
735 4432 798 4488 pree
812 4416 953 4474 omnibus
968 4422 1010 4473 ta·
1062 4419 1147 4475 letus
1158 4418 1221 4492 ipso
1234 4418 1361 4492 praebuit
1375 4417 1558 4476 linteamina.
1576 4422 1676 4494 Neque
1690 4433 1827 4492 unquam
1845 4432 1889 4472 rc·

181 4519 253 4563 men
271 4503 433 4562 auctoritas
450 4504 515 4575 eius
536 4503 668 4561 maximo
683 4504 850 4574 duceretur,
871 4504 912 4561 ita
926 4509 959 4561 ut
979 4505 1009 4562 in
1062 4507 1138 4580 fugit
1150 4523 1236 4564 sacra
1248 4507 1455 4580 contubernia,
1467 4508 1582 4582 absque
1595 4502 1708 4566 Thema
1722 4507 1842 4582 piorum
1852 4522 1889 4562 ex

179 4596 242 4651 tota
266 4591 359 4651 Gallia
380 4595 409 4650 el
433 4592 592 4650 Germania
613 4597 704 4666 atque
727 4592 892 4664 anglorum
920 4598 1006 4664 gente
1062 4595 1168 4654 timida
1182 4601 1300 4654 caterva
1314 4613 1403 4654 unus.
1420 4596 1497 4664 Quin
1518 4597 1579 4655 imo
1594 4613 1664 4655 cum
1680 4597 1811 4655 Christus
1835 4611 1888 4669 pe·

179 4681 263 4757 (nam
289 4681 348 4740 illic
374 4697 497 4757 quoque
519 4681 740 4739 famosissimus
765 4682 942 4755 habebatur)
968 4683 1006 4740 dc
1061 4689 1134 4742 teret
1162 4685 1301 4756 coelestia,
1328 4685 1465 4744 benedici
1488 4687 1596 4745 meruit
1621 4686 1698 4744 inter
1726 4685 1888 4743 astantium

179 4787 361 4849 quacunque
375 4771 567 4830 ventilaretur
578 4771 754 4846 quastione,
766 4771 791 4828 si
804 4771 872 4846 quis
887 4771 1006 4829 audisse
1061 4775 1193 4847 agmina.
1208 4779 1265 4834 Nec
1279 4776 1386 4834 choros
1401 4776 1590 4834 laudantium
1611 4777 1733 4851 sprevit,
1750 4775 1803 4833 sed
1818 4791 1888 4833 cum

180 4878 212 4920 se
227 4861 338 4921 diecret
352 4861 391 4920 ab
405 4860 456 4918 illo
470 4860 685 4930 definitionem,
711 4860 785 4918 nihil
798 4861 866 4934 plus
882 4861 1007 4919 auetori-
1062 4864 1174 4921 eisdem
1188 4864 1282 4922 sancti
1299 4865 1423 4939 Spiritus
1437 4869 1507 4922 tunc
1523 4865 1653 4940 suscepit
1667 4865 1847 4924 charismata
1862 4867 1890 4920 et

179 4950 247 5009 tatis
267 4950 435 5026 requiretur
450 4968 457 5019 ;
480 4949 674 5022 judicabatur
699 4949 738 5006 ab
753 4949 894 5007 omnihus
908 4954 1007 5008 ratum
1061 4953 1180 5025 linguas
1192 4954 1366 5012 multifidas:
1381 4954 1493 5029 quibus
1507 4953 1793 5024 subnixus,tandem
1807 4957 1889 5011 Petro

180 5055 245 5096 esse
267 5039 350 5114 quod
365 5038 405 5097 ab
426 5054 478 5096 ore
501 5037 575 5096 tanti
593 5037 647 5096 viri
673 5038 810 5096 auditum
831 5042 928 5096 esset:
955 5040 1008 5113 qui
1063 5043 1170 5100 comite
1186 5043 1321 5116 pervenit
1334 5042 1522 5114 antiocham,
1536 5058 1571 5100 ac
1589 5041 1698 5100 dehinc
1710 5043 1816 5101 urbem
1831 5045 1889 5100 Ro-

181 5127 354 5186 auctoritate
367 5127 457 5203 quasi
472 5127 546 5186 alter
562 5127 704 5186 Salomon
722 5126 920 5202 precellebat.
937 5130 1008 5187 Etsi
1061 5147 1130 5189 mre.
1146 5133 1211 5199 Qua
1226 5131 1374 5198 derelicta,
1397 5131 1586 5205 pertransivit
1600 5132 1638 5189 ad
1652 5132 1787 5204 Galliam,
1803 5133 1890 5205 cujus

181 5221 259 5276 esset
270 5216 406 5275 habitatu
415 5217 464 5275 vel
477 5223 552 5276 natu
563 5221 702 5291 Francrm,
715 5218 834 5292 eloquio
845 5222 1010 5278 temenRo·
1063 5220 1144 5278 clara
1162 5225 1191 5278 et
1205 5220 1313 5278 nobilis
1327 5224 1372 5278 est
1385 5220 1539 5294 provincia
1561 5222 1720 5296 Aquitania
1731 5239 1802 5298 pars
1824 5239 1889 5279 ma-

182 5304 434 5378 manoclarus,ac
445 5305 468 5362 si
482 5305 555 5364 alter
561 5307 755 5379 judicabatur
766 5307 924 5365 Tullius.ln
936 5324 1009 5366 con·
1064 5324 1134 5381 gna,
1149 5309 1200 5366 ubi
1213 5310 1401 5384 perveniens,
1415 5309 1504 5368 totius
1514 5310 1674 5386 provinciae
1687 5311 1721 5368 fit
1735 5311 1889 5386 apostolus

182 5394 256 5452 ciliis
270 5396 391 5451 Petrum
413 5409 517 5451 coram
541 5396 662 5467 regibus
676 5401 705 5454 et
726 5395 913 5470 principibus
928 5397 1009 5454 solus
1063 5413 1117 5472 per
1131 5401 1238 5457 cuncta
1250 5398 1369 5456 saeoula.
1385 5422 1399 5450 »
