4002 6174
143 216 191 271 sa
552 187 555 192 ’
578 208 749 276 uuouooo
768 209 814 265 oe
833 206 1070 266 snrrnunricl
1090 209 1267 268 rnocuorr
1285 209 1424 268 unsics.
1804 213 1858 270 ssa

143 336 399 408 efficiuntprotus
415 332 525 407 sepius
536 332 731 398 intendendo,
743 333 892 392 tetrardus
903 349 973 391 vero
992 338 1061 392 Asc
1078 335 1275 392 semiditonus
1299 339 1355 412 est,
1380 340 1433 394 aut
1451 334 1583 393 ditonus.
1614 336 1716 393 Omnis
1730 350 1789 394 vox
1817 337 1857 394 ad

144 425 252 500 saepius
266 421 454 480 remittendo.
965 475 968 484 ,
1027 429 1166 499 quartam
1192 443 1211 484 a
1233 443 1275 498 se,
1305 425 1492 484 diatessaron
1515 429 1569 496 est,
1596 426 1725 500 exceptis
1744 415 1857 518 Εοῑῆ

179 515 250 573 Sola
268 513 364 570 littera
392 515 412 567 ll
440 510 471 567 iu
501 512 709 569 monochordo
735 511 782 569 bis
801 512 974 586 principalis
1027 511 1184 584 quadrato.
1214 514 1316 571 Omnis
1347 530 1406 571 vor
1431 515 1470 572 ad
1485 513 1653 589 quintama
1668 531 1699 570 se
1718 513 1856 590 diapente

143 608 198 675 est,
211 606 257 660 cst
270 601 350 659 enim
362 599 438 674 proti
453 599 561 658 eadem
575 600 759 675 principalis.
788 602 881 676 lpsins
894 602 974 658 enim
1028 604 1081 669 est,
1094 603 1256 676 exceptisll
1271 609 1300 661 et
1314 603 1367 660 Fb
1383 609 1412 661 ct
1426 603 1446 661 l.

142 693 330 751 diatessaron
349 705 368 746 a
394 692 421 746 et
442 689 462 746 d
478 689 742 746 circumscribitur.
766 693 815 747 Est
828 691 918 749 etiam
929 706 976 747 ea·
1064 691 1166 748 Omnis
1181 697 1285 749 cantus
1298 709 1358 750 una
1370 693 1417 750 vel
1429 692 1550 749 duabus
1559 692 1685 750 vocibus
1697 691 1776 750 inira
1785 693 1859 751 lina·

143 773 214 840 dem
243 783 264 838 ll
290 778 427 852 ejusdem
452 777 531 852 proti
555 779 711 836 cantilena
736 779 844 837 finalis.
870 780 977 836 Littera
1028 780 1087 836 lem
1102 779 1286 838 descendens
1301 781 1725 856 etsnperdiapentealiquam
1740 782 1857 841 velom-

141 871 210 945 ipsa
223 869 264 927 ad
279 866 451 942 principalis
465 872 509 924 est
523 867 652 924 tetrardi.
673 870 727 924 Per
740 868 840 942 ipsam
853 868 933 925 enim
949 873 978 925 et
1029 886 1082 926 nes
1093 887 1262 928 suasvoees
1288 872 1313 928 si
1336 871 1471 944 attigerit,
1496 871 1657 929 authentici
1673 871 1736 928 erit.
1753 872 1858 930 Omnis

142 976 199 1034 per
212 957 373 1032 specialem
396 972 484 1014 suam
509 973 528 1029 g
552 957 617 1028 ejus
643 957 827 1016 diatesseron
852 959 978 1016 circum·
1028 959 1341 1032 cantus,qui1v.sive
1359 977 1379 1017 v
1392 960 1517 1018 vocibus
1537 961 1615 1018 infre
1637 959 1760 1018 finalem
1788 961 1857 1018 des·

142 1047 292 1104 scribitur.
308 1045 391 1103 Unde
405 1045 513 1102 eadem
536 1049 644 1120 quarta
660 1046 848 1104 diatessaron
863 1048 975 1122 species
1028 1047 1170 1118 cenderit,
1184 1054 1213 1104 et
1225 1048 1299 1105 nihil
1314 1065 1403 1122 super
1414 1049 1552 1122 diapente
1564 1049 1697 1120 tetigerit,
1710 1049 1855 1122 subjuga-

142 1136 221 1210 proti
235 1137 410 1192 esttantum
424 1134 455 1192 in
470 1134 578 1206 torma,
594 1135 716 1208 propria
731 1142 832 1194 autem
842 1137 973 1206 tetrardi,
1027 1135 1064 1192 lis
1084 1137 1146 1193 erit.
1163 1137 1265 1194 Omnis
1284 1143 1399 1204 cantus,
1415 1137 1469 1211 qui
1493 1137 1579 1210 plene
1593 1137 1744 1212 plagalem
1761 1138 1855 1213 depo·

142 1226 217 1300 quia
229 1226 294 1298 ejus
314 1223 530 1299 principalibus
558 1226 677 1282 chordis
702 1225 764 1283 det
785 1227 973 1296 gelaoditur.
1029 1226 1167 1284 sitionem
1182 1227 1330 1294 habuerit,
1360 1226 1384 1282 si
1409 1242 1499 1299 super
1524 1226 1663 1298 diapente
1687 1242 1780 1284 unam
1807 1226 1856 1284 vel

143 1319 194 1372 Est
208 1315 379 1372 communis
400 1314 506 1372 eadem
522 1317 555 1383 ll,
571 1314 643 1388 quia
654 1320 698 1372 est
720 1315 824 1372 ultima
840 1317 975 1388 gravium
1028 1314 1200 1371 duasvoces
1212 1314 1346 1386 tetigerit,
1364 1313 1530 1385 subjugalis
1547 1313 1609 1370 crit.
1633 1313 1736 1370 Omnis
1751 1318 1856 1370 cantus

142 1408 173 1461 et
183 1405 282 1478 prima
295 1401 442 1460 finalium.
472 1405 522 1460 Est
539 1407 569 1460 et
591 1403 659 1460 finis
674 1405 761 1478 proti,
782 1409 810 1461 et
835 1406 975 1478 gravissi·
1028 1403 1104 1460 infra
1118 1402 1239 1460 finalem
1256 1419 1350 1460 unum
1365 1419 1469 1460 vocem
1495 1402 1621 1470 habens,
1648 1407 1677 1458 et
1690 1417 1782 1474 supra
1795 1401 1857 1459 die·

143 1509 212 1550 mus
227 1492 349 1550 tetrardi
363 1494 385 1556 D
399 1507 454 1566 per
466 1491 654 1548 diatessaron
678 1491 850 1550 descensus.
870 1495 976 1552 littera
1028 1496 1116 1566 pente
1130 1508 1192 1549 non
1207 1491 1332 1557 vadens,
1349 1490 1516 1564 subjugalis
1544 1490 1609 1547 erit.
1638 1488 1741 1547 Omnis
1753 1493 1858 1546 cantus

145 1581 285 1656 superius
300 1581 320 1636 d
333 1581 499 1638 altissimus
512 1585 559 1637 est
576 1581 653 1654 proti
668 1597 811 1639 ascensus
825 1600 860 1641 ac
874 1587 975 1640 tetrar-
1028 1582 1058 1637 in
1073 1599 1092 1638 v
1108 1580 1233 1638 vocibus
1248 1585 1363 1638 tantum
1375 1597 1406 1636 se
1421 1579 1577 1636 continens
1586 1583 1684 1652 polest
1698 1595 1762 1635 esse
1775 1594 1857 1634 com·

144 1669 175 1727 di
191 1672 369 1728 seculorum
384 1685 483 1742 omen,
499 1673 526 1726 et
541 1669 647 1728 ultima
659 1675 703 1728 est
731 1672 930 1746 superiorum,
947 1677 976 1730 et
992 1704 1015 1758 B
1029 1671 1140 1742 munis,
1154 1671 1206 1727 ssd
1222 1670 1248 1726 ei
1263 1669 1419 1737 tribuatur,
1442 1669 1529 1740 cujus
1555 1667 1738 1740 frequentior
1764 1666 1857 1724 habe-

144 1759 247 1831 prima
262 1757 479 1816 excellentium.
1030 1766 1088 1818 tus.
1101 1760 1203 1818 Omnis
1215 1763 1322 1816 cantus
1337 1757 1376 1815 ad
1392 1774 1411 1814 v
1433 1773 1521 1814 voces
1535 1772 1597 1813 non
1616 1757 1787 1831 pertingens
1801 1771 1857 1830 pro

181 1847 286 1906 Omnis
300 1863 360 1904 vox
370 1846 410 1903 ad
428 1846 486 1904 sibi
499 1846 627 1905 vicinam
646 1853 675 1906 at
686 1849 788 1922 jusum
804 1851 852 1908 vel
871 1867 975 1908 susum
1030 1848 1076 1906 sui
1090 1848 1312 1923 imperfectione
1326 1844 1493 1918 subjugalis
1508 1845 1571 1901 erit.

145 1935 341 1992 semitonium
356 1939 402 1991 est
416 1939 468 1992 aut
480 1939 580 2006 tonus,
592 1937 690 1994 omnis
704 1954 764 1994 vox
778 1939 817 1996 ad
831 1939 977 1996 tertiama

786 2117 830 2173 De
839 2117 1010 2174 inventione
1022 2130 1214 2187 synemenon.

572 2227 639 2284 Vult
651 2227 693 2285 ita
708 2245 897 2303 synemenon
912 2246 1023 2288 vocum
1041 2230 1171 2303 gravitm
1180 2235 1213 2288 ut
1226 2246 1365 2299 acumen,

572 2314 647 2374 lllud
662 2317 702 2375 ab
717 2333 752 2376 ac
767 2318 879 2394 duplici
894 2320 1003 2395 poterit
1014 2321 1130 2378 ratione
1145 2319 1277 2394 probari.

573 2406 701 2480 Respicit
709 2412 850 2466 octavum
864 2410 937 2483 quia
949 2409 1064 2484 quaeds
1078 2409 1187 2466 vocula
1198 2424 1326 2465 nervum

571 2495 638 2551 llult
651 2513 773 2572 quoque
790 2513 978 2570 synemenon
987 2513 1129 2555 resonare
1145 2514 1237 2554 suum
1252 2496 1399 2570 diapason

573 2585 606 2639 Et
619 2585 742 2659 propria
752 2586 850 2659 specie
867 2591 924 2643 stat
939 2587 1068 2660 quisque
1083 2589 1188 2659 tropus
1201 2585 1340 2658 diapente

573 2673 740 2730 authentus
753 2691 854 2748 supra,
869 2675 999 2732 lateralis
1014 2673 1107 2731 habet
1120 2689 1193 2730 suus
1208 2672 1294 2730 inira.

572 2761 752 2835 Vultprotus
766 2779 802 2820 ex
815 2763 923 2836 prima,
937 2763 1060 2820 deutrus
1071 2765 1210 2820 constare
1223 2761 1366 2832 secunda,

573 2851 686 2907 Tertius
699 2867 736 2907 ex
749 2852 816 2909 trita
831 2853 940 2926 specie,
954 2858 1080 2926 quartus
1096 2867 1218 2926 quoque
1232 2853 1349 2926 quarta.
1377 2923 1380 2930 .

573 2941 648 2994 Ecce
662 2940 740 3012 proti
755 2940 852 2998 deutri
861 2941 991 2998 lateralis
1004 2942 1073 2998 item
1088 2957 1211 3016 quoque
1221 2941 1289 2997 triti.

573 3030 650 3086 licre
663 3044 718 3084 suo
730 3030 794 3100 jam
806 3045 868 3087 non
882 3031 966 3088 tieret
985 3031 1042 3088 nisi
1056 3047 1109 3104 per
1123 3045 1321 3102 synemenon.

573 3117 606 3172 ld
619 3121 725 3174 cantus
736 3118 821 3175 multi
833 3119 1007 3177 solidabunt
1020 3119 1202 3190 Gregoriani.

574 3205 724 3280 imperitat
736 3207 855 3264 chordis
867 3208 972 3281 primis
986 3213 1090 3282 protus
1100 3209 1130 3265 in
1146 3206 1341 3265 tetrachordis

574 3294 689 3352 Scilicet
702 3300 726 3352 Α
741 3300 761 3352 Ι)
777 3299 798 3352 G
815 3314 881 3370 quae
897 3297 1093 3369 designantur
1105 3303 1133 3355 et
1148 3313 1166 3354 a
1180 3298 1210 3353 d.

573 3385 660 3442 Stans
678 3385 777 3458 prima
788 3387 886 3459 specie
900 3386 1089 3444 diatessaron
1105 3391 1134 3443 at
1144 3386 1293 3459 diapente.

573 3473 620 3531 Sic
635 3475 893 3532 tetrachordorum
905 3492 995 3534 voces
1011 3477 1103 3534 habet
1117 3476 1192 3533 ordo
1207 3479 1362 3548 troporum

574 3562 636 3618 Stat
649 3562 761 3620 deutris
771 3564 906 3634 deutrus,
921 3565 993 3638 quia
1007 3564 1134 3622 vocibus
1149 3567 1183 3621 ut
1197 3563 1355 3637 speciebus

575 3651 655 3708 Sicut
668 3653 776 3726 cuique
788 3654 878 3711 datur
889 3656 979 3712 series
995 3671 1059 3724 soa,
1077 3655 1118 3711 sic
1133 3653 1273 3712 variatur.

786 3763 829 3818 De
843 3762 992 3832 spectetur
1014 3763 1211 3820 diatessaron.

574 3845 610 3903 Se
620 3846 758 3922 diapente
773 3856 879 3925 quater
891 3851 994 3918 variat,
1015 3851 1201 3908 diatessaron
1216 3854 1250 3906 ut
1261 3854 1315 3921 ter,

576 3937 638 3994 stat
652 3941 760 3994 natura
775 3939 869 3997 trihus
879 3940 1066 3997 diatessaron
1077 3939 1109 3995 in
1121 3937 1289 4011 speciebus.

613 4025 756 4083 limmate
770 4028 869 4101 prima
882 4033 954 4086 tono
969 4031 1086 4086 constat
1095 4027 1236 4099 utrinque
1248 4025 1320 4080 dato
1428 4024 1452 4076 h
1467 4023 1488 4076 ll

573 4111 689 4170 Limma
705 4115 839 4172 secunda
852 4117 941 4188 tonis,
952 4115 1109 4191 postponit
1121 4111 1242 4172 lormuli
1256 4109 1348 4167 binis.
1433 4111 1453 4164 B
1468 4109 1489 4164 E
1534 4103 1733 4162 diatessaron.

609 4201 704 4258 Tertia
717 4201 823 4259 limma
836 4208 923 4260 tonos
933 4204 1060 4262 collocat
1073 4207 1142 4260 ante
1155 4201 1244 4257 duos.
1431 4201 1449 4247 Γ
1468 4195 1488 4248 G

796 4311 840 4367 De
854 4311 1004 4381 speciebus
1017 4311 1166 4381 diapente.

575 4416 648 4473 Sunt
661 4416 702 4474 ita
719 4417 865 4474 distinctae
876 4420 990 4492 species
1005 4433 1082 4492 quas
1098 4416 1154 4473 lert
1165 4415 1305 4488 diapente

609 4504 706 4562 Prima
721 4504 754 4562 fit
766 4523 802 4562 ex
816 4507 930 4576 ditono,
946 4507 1081 4565 limmate
1091 4506 1129 4563 de
1145 4521 1206 4578 quo
1222 4509 1293 4560 tono
1312 4532 1323 4542 -
1344 4503 1404 4556 uta
1415 4497 1482 4555 rad
1493 4499 1528 4554 D.

574 4631 615 4685 Ex
625 4629 734 4687 tritono
749 4630 856 4690 deutra
865 4649 935 4688 cum
947 4631 1083 4689 limmate
1096 4633 1117 4702 †
1132 4629 1217 4686 tertia
1228 4631 1344 4684 contra.
1397 4615 1465 4684 †ut
1478 4609 1551 4668 ΒΜ
1567 4609 1607 4769 83
1617 4593 1684 4799 oum
1698 4603 1858 4665 mediante,

1397 4719 1409 4741 ·
1421 4723 1455 4774 ut
1472 4716 1512 4774 ab
1532 4718 1552 4772 E
1567 4730 1586 4772 a

608 4763 850 4840 Constatquarta
865 4767 1178 4837 t0n0,limmatecum
1191 4760 1343 4821 ditono.*'
1398 4820 1522 4879 „mab
1537 4823 1561 4875 Α
1573 4817 1610 4875 ad
1628 4821 1761 4888 mave·

767 4965 811 5022 De
825 4965 1059 5036 proprietatibus
1076 4941 1241 5035 troporum.

578 5068 720 5128 Nobilitas
733 5071 823 5144 primi
836 5073 923 5145 juvat
936 5071 1150 5144 anfractusque
1166 5065 1290 5124 secundi

578 5161 680 5231 Quarti
694 5161 852 5232 garrulitas
867 5160 976 5235 placet,
989 5167 1019 5219 et
1029 5166 1081 5218 tua
1094 5159 1158 5217 trite
1171 5157 1310 5231 voluptas

748 5269 804 5326 Ubi
817 5267 1044 5325 tetrachordum
1058 5271 1087 5323 et
1098 5266 1258 5322 diezeuxis.

578 5381 620 5434 Ex
629 5377 676 5434 his
692 5381 713 5434 ll
728 5377 782 5434 Gd
797 5375 985 5434 tetrachorda
1001 5375 1144 5430 notantur
1154 5367 1293 5439 utrinque

579 5471 657 5525 luter
672 5469 694 5524 G
709 5465 799 5523 simul
813 5471 837 5521 Α
851 5464 995 5523 diezeusis
1010 5461 1057 5519 bis
1072 5461 1153 5534 patet
1167 5472 1238 5514 una.

845 5573 890 5629 De
913 5573 955 5628 VI
970 5567 1167 5643 symphoniis.

582 5682 776 5760 Symphoniae
787 5680 903 5755 simpla
909 5683 980 5738 sunt
988 5674 1184 5751 tres,totidem
1195 5685 1317 5746 quoquc
1324 5671 1437 5743 iuncta
