3998 6182
129 151 180 208 ses
602 133 604 138 ‘
690 181 692 189 ι
782 131 935 203 'ucriru
955 143 1161 212 urerentur.
1365 105 1368 111 ¹
1783 159 1834 214 cg

127 277 327 347 exponuntur.
341 273 383 328 lix
395 269 453 328 hoc
467 271 543 328 libro
558 270 702 330 discimus
715 275 853 328 sanctum
866 269 953 327 llaio·
970 275 994 328 Α
1009 277 1077 344 post
1089 273 1279 332 Guiltelmum
1291 274 1511 350 divionensem,
1521 278 1618 335 virum
1632 279 1797 354 sapientem
1807 287 1836 339 et

126 361 425 420 iumClnniaoensem
436 360 578 418 abbatem
593 377 611 418 a
624 362 788 418 Richardol
799 363 955 416 Nortman-
1008 360 1039 416 in
1062 361 1203 432 religione
1227 362 1493 436 ferventissimum,
1507 368 1637 424 loannes
1656 369 1836 427 venerabilis

125 467 233 508 norum
246 450 322 507 duce
334 450 424 506 luisse
438 449 597 508 invitatum
612 455 645 508 ut
656 451 823 508 monachos
838 449 955 507 Clunie-
1009 449 1104 506 abhas
1119 452 1206 508 annis
1217 453 1440 526 quinquaginta
1458 458 1486 511 et
1498 471 1560 513 nno
1573 457 1657 524 rexit,
1667 460 1836 532 postquem

124 556 228 599 censes
256 541 447 598 fiscamnum
471 541 693 610 transmitteret,
721 539 875 598 canonicis
902 536 955 610 qui
1010 539 1181 596 Guilletmus
1195 541 1232 598 de
1247 545 1316 610 ltoz,
1333 543 1503 614 bajocensis
1526 544 1661 614 clericus,
1676 547 1730 603 sed
1746 548 1838 604 (lado-

124 637 196 688 tuno
219 632 296 687 hanc
320 629 479 686 ecelesiam
504 631 696 703 occupabant
717 627 953 686 substituendos.
1009 626 1121 682 mensis
1136 630 1314 701 monachus,
1330 631 1390 688 iare
1410 647 1492 689 nvn
1511 633 1600 690 annis
1620 635 1722 692 munit.
1740 636 1792 692 ilio
1807 640 1840 693 nt

125 719 211 786 Quod
232 736 301 775 cum
325 718 369 774 rir
395 723 517 774 sanctus
544 719 641 775 lacere
665 718 823 788 renuisset,
848 719 956 789 postea
1010 714 1273 790 mysticanardus,
1288 719 1421 776 indomo
1437 720 1840 794 Dominiftagraritcharite-

124 807 262 866 Richardi
273 807 402 864 iunioris
417 812 561 881 tempore,
578 805 955 876 audiemusnoster,1am
1010 805 1049 872 ta,
1063 797 1199 874 largitate
1213 808 1450 883 multimodaque
1473 811 1631 884 probitate.
1653 815 1752 886 Opera
1770 827 1839 887 quse

123 898 221 955 abbas
234 896 446 967 benignianus,
457 897 555 954 eidem
567 897 634 954 loco
648 896 828 970 praepositus
840 900 893 963 est,
903 887 957 952 ubi
1010 891 1114 964 palam
1134 893 1240 952 sedulo
1261 897 1339 967 fecit,
1351 897 1399 954 vel
1413 897 1444 955 in
1467 899 1584 957 occuho
1608 915 1711 959 coram
1732 902 1839 974 paucis

124 987 323 1044 monasticam
343 987 437 1044 vitam
457 986 593 1043 restituit.
610 986 800 1042 uufflelmum
815 1000 876 1057 prce
897 1001 953 1041 ooe-
1010 981 1130 1038 arbitris
1152 985 1350 1058 omnipotenti
1375 990 1434 1044 Deo
1448 987 1561 1059 libavit,
1579 991 1755 1048 afficiantur
1768 991 1836 1065 quis

121 1077 193 1132 teris
217 1076 285 1132 viris
310 1075 379 1149 piis,
393 1075 446 1149 qui
463 1079 535 1134 tunc
552 1075 696 1148 temporis
710 1074 741 1131 in
755 1074 950 1132 Nortmannia
1012 1070 1132 1142 spiritus
1146 1073 1178 1129 in
1204 1073 1255 1132 illo
1277 1075 1433 1146 habitarit,
1448 1077 1609 1152 ipsumque
1633 1083 1727 1137 totum
1740 1080 1837 1154 possi·

122 1165 281 1243 florebant,
311 1181 329 1221 a
357 1164 506 1221 Richardo
533 1163 675 1220 dilectum
701 1164 793 1220 luisse
824 1166 948 1220 testatur
1011 1160 1260 1220 densadsolium
1274 1164 1391 1221 Domini
1408 1165 1535 1223 sabaoth
1550 1169 1758 1226 coronandum
1773 1183 1838 1242 per·

123 1255 210 1324 Hugo
226 1254 455 1311 Flaviniaconsis
478 1255 508 1310 in
524 1254 670 1311 Chronico
684 1253 871 1324 virdunensi,
887 1252 949 1321 uhi,
1010 1248 1128 1307 duxit.»
1150 1252 1240 1310 Plura
1261 1255 1298 1310 de
1318 1253 1475 1312 Guillelmo
1490 1255 1514 1311 ll
1526 1256 1618 1313 hahet
1631 1257 1712 1315 idem
1734 1263 1838 1315 suntor

122 1344 286 1416 praemissis
302 1342 440 1400 llichardi
454 1343 608 1412 laudibus,
624 1344 676 1416 qui
689 1341 784 1416 pulsis
800 1342 952 1398 canonicis
1012 1337 1089 1394 libro
1104 1355 1132 1395 ui
1152 1341 1205 1398 uhi
1227 1342 1304 1399 inter
1324 1346 1431 1400 cetera
1451 1343 1564 1417 profert
1587 1344 1725 1416 ejusdem
1749 1344 1840 1417 epita·

122 1433 291 1490 monachos
317 1434 374 1488 suh
402 1432 548 1490 Guillelmi
569 1431 776 1490 moderamine
801 1431 952 1488 Fiscamni
1011 1427 1117 1498 phium
1137 1429 1177 1486 ab
1196 1430 1367 1488 Hildeberto
1382 1433 1601 1490 cenomanensi
1614 1432 1737 1491 editum.
1755 1432 1839 1490 «Sed

121 1523 257 1589 insumit,
275 1523 316 1579 sic
331 1521 499 1582 concludit:
517 1523 637 1595 «liujus
651 1527 785 1596 tempore
799 1523 869 1578 riris
884 1522 951 1579 reli-
1006 1515 1053 1572 his
1068 1517 1199 1589 omissis,
1216 1523 1318 1594 utpote
1332 1537 1401 1594 quse
1422 1521 1488 1594 jnm
1511 1521 1592 1580 edita
1616 1526 1696 1594 sunt,
1711 1521 1840 1596 profore·

123 1612 215 1682 glosis
229 1611 329 1668 floruit
342 1612 603 1685 dormannia,qui
618 1613 657 1670 ad
676 1627 746 1670 enm
760 1610 954 1668 confluebant
971 1627 991 1682 g
1009 1621 1076 1662 mus
1107 1623 1145 1664 ox
1173 1625 1230 1666 ms.
1265 1609 1368 1667 codiee
1401 1611 1604 1668 Fisoamnsnsi
1636 1611 1839 1684 fragmentum

122 1701 206 1758 reiut
231 1717 303 1774 apes
329 1701 369 1757 ad
393 1701 532 1770 alvearia,
555 1701 631 1759 inter
653 1717 729 1776 quos
754 1703 834 1758 hunc
854 1701 953 1756 virum
1008 1717 1022 1746 c
1037 1695 1169 1769 epistolae
1184 1693 1329 1756 haiderici
1343 1699 1528 1775 episcopiad
1541 1700 1839 1774 Fisoamnenses,re·

122 1789 259 1858 beatum,
281 1789 470 1849 Guillelmum
486 1790 638 1862 abbatem,
655 1790 842 1864 propensiori
865 1789 954 1846 colidt
1007 1784 1118 1843 ferente
1132 1787 1266 1857 bdelino,
1281 1787 1335 1862 qni
1348 1789 1375 1845 ai
1390 1793 1491 1848 custos
1504 1794 1533 1847 et
1544 1790 1680 1848 minister
1692 1792 1723 1847 ln
1738 1789 1839 1865 hospt-

122 1878 301 1948 reverentia‚
315 1879 392 1936 adeo
407 1883 440 1936 ut
453 1879 575 1952 speciali
597 1896 667 1937 eum
690 1895 793 1937 amore
808 1878 950 1948 diligeret,
1009 1875 1059 1932 tali
1075 1873 1172 1934 fuerat
1191 1877 1392 1951 deputatus.»
1416 1877 1491 1936 lllud
1510 1884 1612 1938 autem
1633 1879 1838 1951 fragmentum

124 1971 155 2023 et
169 1969 325 2040 preceptis
337 1969 401 2040 ejus
416 1969 623 2041 obtemperare
634 1969 824 2042 consiliisque
835 1967 954 2040 aequie-
1010 1965 1067 2022 tale
1082 1971 1146 2024 est:

126 2072 208 2112 scere
224 2057 402 2127 gauderet.»
424 2057 507 2114 Hanc
527 2057 583 2113 sihi
606 2057 813 2114 auctoritatem
828 2073 952 2130 compa·
1043 2059 1069 2112 4.
1091 2056 1263 2115 Guillclmus
1277 2057 1548 2131 praedecessoribus
1560 2059 1622 2116 suis
1636 2060 1757 2133 suisque
1769 2074 1838 2134 pro-

123 2149 241 2200 raverat
256 2145 427 2202 Guillelmus
441 2145 507 2202 ritae
527 2162 589 2202 suae
604 2163 639 2204 ac
654 2162 778 2203 suorum
793 2145 953 2202 sanctimo-
1008 2143 1185 2202 vincialibus
1199 2151 1316 2204 tantum
1339 2148 1443 2204 enituit
1456 2163 1518 2221 quo
1534 2153 1622 2222 pacto
1645 2152 1674 2206 et
1687 2154 1837 2222 qnantum

122 2231 183 2286 nia.
201 2234 265 2298 Oua
279 2248 350 2289 vero
372 2233 485 2290 ratione
507 2249 542 2290 eo
557 2234 587 2290 in
610 2235 795 2292 monasteria
819 2233 954 2296 instituta
1008 2234 1119 2292 caeteris
1134 2233 1334 2294 luminaribus
1346 2236 1391 2292 sol
1406 2237 1506 2294 rutilat
1520 2237 1706 2294 eminentior.
1725 2241 1779 2294 lete
1801 2237 1838 2293 si·

119 2319 210 2375 fuerit
232 2321 289 2376 suh
308 2322 373 2393 ejus
394 2322 539 2392 regimine
565 2324 731 2381 monastico
754 2323 824 2390 vita,
837 2323 902 2395 jam
917 2337 954 2377 ex
1009 2323 1132 2395 quidem
1147 2339 1261 2394 magna
1274 2323 1440 2381 litterarum
1453 2325 1558 2398 peritia
1570 2327 1723 2399 praeditus,
1739 2325 1838 2402 primo

120 2410 360 2483 chronographo
373 2411 558 2482 Benigniano
572 2411 745 2482 didicimus,
762 2413 818 2468 sed
832 2427 869 2468 ex
887 2411 953 2467 lau·
1011 2413 1180 2483 Bajocensis
1194 2411 1435 2484 archidiaconus,
1447 2418 1552 2486 postea
1565 2415 1761 2473 cadomensis
1776 2432 1839 2473 mo-

118 2498 195 2554 dato
209 2497 309 2554 libello
322 2499 439 2571 plenius
456 2500 579 2574 patebit,
595 2517 687 2573 quem
702 2499 826 2573 quidem
842 2499 954 2556 librum
1010 2500 1138 2568 nachus,
1152 2501 1278 2557 demum
1292 2501 1509 2559 fiscamnensis
1520 2503 1626 2573 abbas,
1639 2504 1803 2562 reverenda
1812 2508 1841 2562 et

118 2589 273 2658 integrum
288 2588 375 2644 edere
387 2589 521 2662 primum
534 2593 746 2654 statueramus,
761 2589 845 2660 quod
860 2588 954 2645 multa
1011 2604 1088 2645 cana
1111 2605 1252 2664 persona,
1271 2591 1414 2664 quaedam
1438 2589 1589 2663 religionis
1608 2593 1761 2663 majestas,
1784 2593 1839 2649 do·

118 2677 340 2752 complectatur
373 2677 411 2734 de
444 2677 646 2737 Fiscamncnsi
669 2677 853 2736 monasterio
880 2677 956 2734 scitu
1010 2695 1096 2735 mum
1111 2679 1198 2736 istam
1208 2696 1329 2737 morum
1345 2694 1469 2738 suorum
1482 2679 1732 2749 extulitcensure,
1745 2681 1841 2755 parie-

117 2767 228 2838 digna,
243 2771 271 2824 et
286 2766 438 2824 Willslmo
461 2767 565 2824 abbati
589 2767 802 2842 fiscamnensi,
823 2767 956 2824 secundo
1010 2768 1090 2825 tibus
1104 2767 1248 2842 dilatarit,
1264 2775 1302 2842 et,
1317 2770 1401 2845 quod
1425 2770 1451 2830 ei
1471 2770 1638 2846 specialiter
1652 2771 1839 2846 praecipuum

118 2873 160 2913 an
187 2855 281 2922 tertio,
302 2856 340 2912 sit
358 2860 559 2928 nuncupatus.
583 2858 690 2912 vemm
714 2872 784 2911 cum
808 2856 873 2928 jam
896 2855 956 2912 fere
1011 2858 1075 2928 luit,
1091 2858 1217 2918 fratrum
1241 2864 1423 2918 conventum
1449 2861 1563 2920 ditarit.
1588 2861 1667 2920 llidti
1691 2861 1840 2938 siquidem

118 2949 240 3016 integer
268 2945 307 3002 ab
330 2950 438 3002 hrturo
460 2943 503 3002 du
528 2946 665 3004 lfonstier
690 2945 721 3001 in
746 2947 880 3003 Neustria
906 2945 957 3018 pia
976 2948 1126 3044 Cnobiles
1140 2949 1208 3008 laici
1222 2953 1251 3006 et
1265 2949 1372 3016 elerici,
1387 2950 1539 3024 religionis
1549 2952 1614 3024 ejns
1624 2952 1716 3012 odore
1731 2968 1840 3029 provo·

117 3036 224 3092 editus
251 3034 297 3101 sit,
321 3033 457 3091 sufficere
480 3033 580 3092 risum
601 3037 646 3092 est
669 3049 705 3090 ea
731 3033 862 3109 proferre
888 3049 956 3108 quae
1012 3037 1079 3106 cati,
1094 3038 1133 3094 ad
1153 3039 1381 3096 conversionem
1395 3040 1481 3098 exciti
1494 3045 1572 3110 sunt,
1587 3045 1616 3098 et
1638 3031 1842 3100 ultroneimo-

118 3123 288 3200 specialius
301 3125 341 3182 ad
366 3128 504 3182 nostrum
526 3128 660 3200 spectant
692 3123 871 3182 institutum.
900 3123 956 3182 Sed
1011 3127 1145 3186 nachum
1166 3127 1339 3198 induerunt,
1355 3133 1384 3186 et
1398 3128 1509 3189 sanctis
1533 3129 1629 3203 ipsius
1642 3130 1782 3188 institutis
1794 3130 1840 3188 in-

116 3215 210 3290 prius
255 3213 417 3272 dicendum
455 3213 561 3288 paucis
596 3213 633 3272 de
675 3213 746 3272 viris
790 3212 956 3272 illustribus
1010 3214 1131 3272 formati
1153 3218 1232 3274 sunt.
1251 3219 1312 3288 Ego
1334 3217 1409 3290 ipse,
1424 3217 1477 3292 qui
1493 3216 1650 3276 vobiscum
1668 3217 1788 3292 loquor,
1810 3218 1842 3278 in

117 3303 178 3379 qui
206 3303 239 3360 in
266 3301 448 3363 monasterio
483 3303 686 3360 iiscamnensi
714 3308 785 3362 tunc
814 3302 956 3378 temporis
1010 3303 1176 3377 longinquo
1194 3304 1451 3378 pastinationem
1466 3305 1663 3366 etiamnostri
1678 3307 1710 3364 G.
1724 3305 1841 3384 opinio-

117 3395 302 3454 floruerunt.
1010 3410 1081 3452 nem
1104 3394 1226 3464 audiri;
1251 3411 1312 3470 qua
1332 3393 1460 3468 illectus,
1474 3411 1529 3470 per
1549 3395 1701 3457 licentiam
1723 3395 1842 3454 abbatis

156 3489 188 3542 2.
213 3482 269 3540 Viri
280 3479 408 3540 illustres
421 3482 475 3556 qui
488 3483 545 3540 sub
559 3482 711 3540 Willelmo
724 3482 834 3540 abbate
848 3482 879 3538 in
891 3497 955 3538 mo·
1010 3482 1104 3540 nostri
1122 3481 1276 3551 (abbatem
1300 3483 1448 3556 siquidem
1463 3483 1557 3542 elium
1571 3483 1725 3548 habebam
1739 3489 1768 3544 et
1791 3484 1843 3544 ha-

118 3572 257 3631 nasterio
279 3570 482 3630 liscamnsnsi
495 3571 670 3642 floruerunt,
686 3571 717 3628 in
740 3571 886 3630 Chronico
908 3573 957 3628 tte-
1010 3571 1090 3642 beot,
1103 3571 1199 3644 gretia
1212 3573 1240 3630 ei
1252 3573 1427 3633 adhaerendi
1441 3573 1632 3632 Fimamnum
1642 3574 1714 3648 adii,
1723 3579 1842 3648 matan-

118 3661 272 3734 nigniano
285 3664 465 3718 recensetur.
478 3663 588 3720 Locum
601 3661 750 3732 integrum
765 3675 856 3736 supra
872 3659 956 3718 dedi-
1011 3666 1224 3737 tensuseeptus
1236 3679 1314 3734 sum,
1323 3663 1391 3722 licet
1402 3665 1566 3724 homuncio
1578 3664 1690 3725 nullius
1705 3681 1842 3726 momen-

119 3770 207 3814 mus.
223 3755 352 3810 Fuerunt
362 3757 392 3810 et
405 3752 542 3810 nonnulli
555 3751 705 3826 principes
719 3767 756 3808 ex
768 3750 956 3808 nobilissimo
1011 3752 1042 3810 ti.
1058 3755 1169 3810 Omnes
1193 3769 1250 3810 nos
1272 3769 1349 3827 quos
1363 3753 1446 3811 rides
1460 3769 1537 3828 pene
1560 3755 1625 3828 ipse
1646 3755 1840 3826 aggregavit:
1863 3783 1865 3788 ·

120 3842 318 3904 Normanniae
339 3842 453 3902 ducum
476 3841 624 3914 sangnine
650 3841 754 3912 exorti,
775 3843 829 3916 qui
849 3840 957 3900 dedam
1013 3842 1066 3900 sed
1081 3843 1183 3916 plnres
1195 3859 1290 3916 quam
1314 3842 1407 3905 modo
1426 3858 1542 3910 sumus,
1557 3841 1680 3910 fuimm,
1696 3841 1843 3914 quoniam

120 3933 314 4007 temporibus
335 3932 448 3994 ibidem
475 3932 627 3992 cucullum
649 3931 820 4003 induerunt,
836 3948 872 3988 ex
893 3930 958 4004 qui·
1012 3931 1121 3988 ducem
1144 3947 1233 3988 suum
1256 3934 1326 4006 post
1346 3929 1444 4003 ipsius
1464 3928 1623 3986 transitum
1648 3926 1776 4002 quidam
1790 3942 1843 3987 no·

120 4026 187 4084 hus
215 4022 388 4082 Giritlelmns
424 4021 668 4083 Gemmeticensis
694 4020 873 4080 wilielmum
898 4035 959 4078 me·
1013 4025 1143 4078 strorum
1164 4019 1348 4094 pedetentim
1364 4018 1458 4076 secuti
1481 4022 1559 4074 snut.
1576 4016 1694 4076 Ordinis
1718 4016 1782 4090 ipse
1803 4015 1844 4074 ri-

123 4117 229 4174 morat
249 4112 327 4172 libro
346 4130 374 4183 r,
390 4129 457 4188 cap.
485 4117 529 4182 lt,
552 4111 691 4174 Richurdi
711 4111 734 4168 ll
753 4109 859 4180 filium,
877 4109 959 4184 apud
1014 4125 1069 4182 gor
1079 4109 1225 4184 prestitit,
1241 4107 1340 4166 verbis
1355 4111 1384 4166 et
1397 4105 1542 4182 exemplis
1558 4121 1614 4166 nos
1627 4106 1779 4182 instruxit,
1791 4123 1845 4182 pa·

123 4206 322 4264 Fiscamnum
354 4202 518 4264 monachili
548 4201 656 4260 vellere
688 4200 720 4258 in
759 4199 960 4259 adolescentia
1013 4197 1219 4258 temoafiectu
1234 4196 1358 4254 sibinos
1374 4212 1479 4254 omnes
1494 4194 1695 4256 invisceravit.
1707 4199 1843 4264 Nemus

124 4292 381 4352 recommendo
396 4291 618 4366 postNicolaus
632 4289 771 4350 thebardi
792 4290 868 4348 tertii
880 4289 959 4346 filius
1013 4289 1168 4346 veritatem
1178 4286 1333 4352 tacuerim,
1345 4289 1466 4362 propter
1476 4288 1570 4344 Deum
1584 4286 1726 4344 omnibus
1740 4285 1844 4347 omnia

126 4382 243 4440 ibidem
254 4381 354 4451 etiam,
368 4379 565 4454 compellente
585 4380 713 4438 lieberto
728 4395 783 4436 suo
797 4379 892 4453 ipsius
904 4395 959 4452 pa·
975 4345 998 4401 D
1014 4379 1077 4436 fuit.
1092 4377 1204 4437 Idcirco
1220 4375 1445 4452 subsequuntur
1463 4393 1534 4434 eum
1556 4376 1698 4454 lacrymae
1721 4380 1842 4445 nostrae,

128 4477 210 4540 truc,
235 4471 287 4549 qui
312 4471 343 4530 in
369 4471 435 4542 ejus
460 4469 562 4528 locum
586 4469 789 4528 Nortmanuiae
815 4468 960 4528 ducatum
1013 4465 1366 4543 proptereacomitantur
1380 4481 1450 4524 eum
1470 4465 1600 4541 suspiria
1615 4467 1780 4526 nosnullo
1795 4462 1843 4518 die

128 4559 269 4632 obtinuit,
293 4559 491 4618 monasticam
516 4559 611 4619 vitam
634 4558 692 4616 suh
713 4560 827 4618 toauue
850 4558 960 4616 abbate
1013 4565 1115 4618 noster
1127 4557 1190 4616 dux
1202 4561 1276 4629 erat,
1290 4556 1586 4631 inlacrymisnullus
1600 4553 1656 4614 fuit
1669 4551 1800 4618 uberior,
1812 4550 1843 4607 in

128 4650 290 4725 amplexas
303 4656 357 4708 eet.
374 4651 516 4723 lspostca
539 4649 633 4708 sancti
651 4649 790 4706 Audceni
805 4648 888 4722 apud
902 4651 960 4706 lto-
1012 4649 1120 4708 lechito
1134 4663 1190 4706 suo
1209 4646 1391 4722 suspirando
1415 4661 1519 4704 secum
1539 4643 1685 4715 litigabat,
1698 4640 1730 4698 in
1754 4637 1844 4696 turbe

127 4743 310 4812 thomagum
331 4740 429 4798 abbas
442 4739 538 4798 iactus
553 4738 654 4798 multis
671 4738 828 4798 virtutihus
842 4738 958 4809 claruit,
1012 4737 1172 4796 nobiscum
1185 4737 1306 4811 quietus
1329 4738 1401 4808 erat,
1417 4733 1448 4790 in
1463 4731 1576 4802 angulo
1595 4727 1737 4797 ecclesiae,
1753 4725 1799 4784 rel
1812 4727 1843 4784 in

128 4835 164 4888 nt
189 4829 277 4888 refert
309 4828 467 4890 ordericus
494 4828 605 4900 Vitatis,
629 4827 706 4886 libro
730 4843 792 4898 nu,
819 4827 873 4886 nbi
896 4828 960 4886 fuse
1014 4829 1132 4901 grabati
1154 4827 1201 4886 sui
1221 4825 1379 4884 solitudine
1403 4827 1484 4880 totus
1507 4821 1644 4880 turbatus
1659 4820 1732 4876 erat.
1750 4816 1845 4874 Disce·

127 4919 238 4978 laudes
252 4921 318 4992 ejus
332 4919 483 4978 describit.
501 4919 552 4976 liis
571 4923 730 4978 accensent
743 4919 881 4978 nonnulli
894 4918 961 4978 Hal-
1013 4919 1119 4993 ptnbat
1134 4915 1283 4990 siquidem
1305 4929 1409 4970 secum
1423 4927 1479 4986 pro
1494 4908 1602 4970 nostris
1617 4905 1800 4975 excessibus,
1814 4909 1845 5004 et

129 5011 261 5082 gerium,
284 5011 337 5084 qui
358 5010 483 5068 demum
501 5009 541 5068 ad
560 5009 662 5068 sedem
687 5009 960 5082 Rothomagensem
1015 5006 1208 5077 crucifigebat
1235 4999 1509 5064 immisericorditer
1537 4997 1681 5070 seipsum.
1708 4995 1737 5052 Si
1769 4994 1845 5069 qmd

130 5104 254 5159 evectus
267 5099 341 5168 brit;
366 5099 421 5156 sed
439 5099 530 5170 huius
553 5113 647 5172 opera
668 5097 815 5156 nanuum
836 5115 960 5158 snorum
1014 5095 1187 5164 contigisset
1200 5091 1327 5148 fratrum
1340 5084 1675 5182 reatibus,oujusbuuc
1688 5099 1843 5182 excessum

131 5189 260 5260 gloriam
274 5187 498 5249 obscurrarnnt.
1015 5179 1227 5254 compatiendo
1255 5192 1316 5236 non
1349 5174 1418 5232 fecit
1445 5175 1558 5230 snum?
1586 5174 1681 5230 Toties
1710 5188 1844 5246 seipsum

169 5283 196 5336 s.
215 5275 432 5334 rescisceres
446 5279 505 5333 tres
530 5274 645 5348 priores
668 5274 817 5332 siccamus
834 5279 904 5349 pou
917 5291 962 5334 re
1014 5268 1166 5336 mutant,
1179 5264 1296 5341 quoties
1311 5262 1429 5336 anquis,
1445 5260 1492 5320 vel
1513 5276 1570 5334 eso
1589 5260 1680 5320 miser
1701 5260 1842 5335 bercarii

132 5366 349 5424 staurationem
361 5365 486 5434 abbates
497 5363 602 5420 laudat
612 5363 780 5432 ordericus,
791 5363 868 5422 libro
876 5381 913 5433 ir,
925 5379 962 5422 ex
1015 5359 1047 5417 in
1068 5355 1254 5414 orationibus
1275 5351 1446 5426 frequenter
1466 5350 1673 5425 pernoctabat,
1690 5352 1845 5422 Deumque

132 5455 245 5530 quibus
269 5455 407 5526 colligere
421 5455 489 5511 licet
502 5455 617 5526 quauta
637 5455 706 5509 tunc
731 5452 818 5509 fuerit
838 5468 875 5509 ea
890 5456 963 5510 tem·
1017 5446 1201 5523 quietissime
1216 5440 1425 5515 gemebundus
1440 5439 1635 5514 inquietabat,
1652 5439 1714 5495 sine
1729 5437 1845 5538 offensa

132 5547 249 5618 pestate
263 5544 342 5604 iltius
357 5539 531 5602 monasterii
544 5539 636 5600 fama.
661 5561 675 5590 u
688 5541 906 5612 Fiscamnense,
920 5542 963 5598 in-
1017 5556 1087 5598 cum
1101 5554 1136 5594 eo
1151 5533 1297 5606 litigabat,
1312 5535 1340 5588 et
1360 5546 1414 5605 par
1435 5529 1567 5588 amicum
1590 5528 1727 5600 litigium,
1743 5543 1845 5601 ipsum

21 5687 22 5692 ,
134 5633 210 5706 quit,
224 5633 397 5692 coenobinm
408 5632 439 5688 in
453 5634 615 5705 prospectu
629 5629 720 5688 maris
735 5630 876 5703 positum,
892 5631 960 5698 etc,
1018 5629 1075 5686 sibi
1094 5625 1253 5700 nobisque,
1272 5622 1352 5680 velut
1375 5620 1448 5678 alter
1472 5621 1625 5723 Salomon,
1647 5617 1844 5691 pacificsbaR
