3996 6186
231 187 283 248 ‘ibi
721 181 873 242 DUDONlS
892 176 1021 238 uacum
1038 177 1067 234 Cr
1089 175 1250 242 edmund
1268 181 1460 242 uruntur.
1887 185 1927 242 'itt

233 321 377 374 estuante
388 312 535 380 bacchati,
547 309 704 368 occasione
719 311 818 382 cepte,
831 306 980 364 invadunt
993 307 1059 360 liar
1075 300 1100 360 t
1116 303 1248 376 fugitans
1264 306 1390 380 alipedis
1403 305 1472 381 equi
1483 321 1572 362 cursu
1586 305 1707 362 errabat
1723 305 1835 362 inunir.
1850 308 1925 373 uum

232 408 348 464 luinum
358 403 540 466 comitem,et
549 400 701 476 perimunt
719 396 906 472 imperterriti
922 413 929 463 l
944 393 1059 452 irenei·
1113 393 1239 468 quidam
1254 393 1502 464 uothomegcnsis
1516 393 1601 450 miles
1620 393 1771 452 inermem
1786 393 1845 450 huo
1864 394 1926 450 illue·

233 509 316 565 geue
332 499 433 550 auem
447 491 601 565 cupientes
615 489 757 547 comitem
771 486 946 544 lierluinum
956 483 1059 540 ulcisci
1111 499 1171 556 que
1185 483 1381 540 fluctuantem
1408 481 1595 558 conspiciens
1621 482 1799 554 aggreditur
1814 500 1822 550 ;
1836 487 1864 540 at
1874 499 1925 542 eun

231 600 323 661 seque
337 583 429 642 armis
444 580 528 648 tueri,
547 579 708 648 insurgunt
721 593 813 649 super
830 591 883 631 eoa
908 571 1056 644 tnucprdl.
1112 571 1234 643 proprio
1249 570 1371 628 nomina
1382 569 1687 644 compellenrneperis
1701 569 1805 628 verbis
1820 570 1924 630 mauu

230 677 322 748 culus
336 671 502 732 occasionis
516 669 597 738 dolo,
613 666 706 742 prelii
734 664 895 722 certamine
920 661 1059 719 atrociter
1113 661 1303 728 «Quorsum,
1323 675 1375 716 rex
1401 659 1560 727 budovioe,
1586 658 1715 718 tendis?
1735 673 1839 732 wore
1864 665 1923 716 tene

230 760 505 834 miserescimus
518 757 689 830 lanceisque
704 754 869 828 pugnando
888 750 1057 819 conuectis,
1111 748 1263 805 desolatus
1275 749 1329 806 iter
1343 749 1357 806 ‘l
1371 752 1436 805 Non
1454 749 1564 806 nostis
1579 747 1706 808 elaberis
1719 746 1846 820 finibus,
1866 764 1924 820 quos

230 853 463 912 obluctabantur
477 849 588 906 lordter
611 844 806 903 mucronibus
821 842 969 899 extractis.
984 843 1057 897 rcu—
1112 839 1220 911 injuste
1232 839 1378 897 invadens
1394 839 1481 896 stulte
1507 839 1674 913 inrepleti.»
1695 839 1747 896 ffis
1778 838 1863 898 dietis
1882 844 1923 896 tor·

231 943 302 1001 dem
324 940 473 999 multifluo
487 937 687 1012 pestiferoque
713 930 1006 992 constantinensium
1029 933 1059 985 et
1111 945 1208 1002 quens
1221 929 1418 1001 campitorem
1432 943 1556 1002 equum,
1569 933 1598 984 et
1610 927 1726 986 irruens
1741 944 1836 1001 super
1846 943 1924 996 regen

232 1029 488 1104 Baioceeensium‚
517 1037 572 1083 neo
597 1039 657 1081 nen
686 1037 876 1096 paganorum
891 1025 970 1076 coelu
987 1018 1057 1074 binc
1112 1019 1296 1075 badericum
1310 1018 1510 1092 perhabenas
1523 1017 1599 1074 freni
1619 1018 1795 1092 cepiteum‚
1813 1017 1924 1090 atqusn'

232 1122 301 1179 iude
315 1117 427 1187 sadud,
437 1115 654 1188 jugulabantur
666 1110 817 1168 dilacerati
833 1109 910 1166 siout
920 1109 1057 1165 bidentes
1111 1107 1310 1182 compellebat
1323 1106 1456 1180 equitare
1471 1123 1584 1165 secum.
1600 1109 1664 1164 lien
1684 1111 1789 1166 autem
1804 1107 1924 1162 omnibus

232 1208 409 1283 elupis.Sic
423 1203 575 1262 mortitero
603 1217 658 1276 per
679 1201 816 1275 prelium
840 1199 975 1272 impulsu
989 1214 1057 1254 eon·
1111 1198 1204 1256 ermis
1217 1199 1361 1271 privatus,
1388 1211 1443 1254 neo
1457 1197 1521 1252 erui
1548 1201 1655 1270 potens
1669 1195 1832 1254 clenentis
1854 1196 1925 1252 mani

232 1297 335 1366 gressi,
362 1293 409 1350 bis
426 1305 537 1350 uorem
564 1289 688 1346 comites
715 1285 893 1344 nobilissimi
908 1301 1057 1358 proeoecu-
1110 1289 1179 1357 bus,
1195 1287 1269 1344 dixit
1282 1287 1321 1344 ad
1335 1285 1419 1342 illmn
1441 1285 1654 1344 mmstissimua
1674 1304 1681 1342 r
1708 1307 1722 1336 u
1739 1286 1814 1351 Quis
1832 1301 1871 1352 es,
1892 1285 1924 1342 ut

230 1389 341 1458 pautur
354 1387 459 1449 morte,
477 1379 615 1437 seviente
630 1381 718 1436 llarto
732 1376 849 1449 dilapsi,
863 1392 900 1433 ex
914 1380 998 1449 parte
1013 1391 1056 1432 re·
1111 1393 1173 1451 quo
1187 1392 1236 1433 me
1250 1376 1362 1433 iturum
1374 1391 1439 1432 esse
1459 1379 1640 1448 contorques
1654 1376 1695 1432 i»
1712 1374 1876 1448 Respondit
1888 1376 1924 1429 lic

231 1475 276 1546 gis
292 1471 441 1540 Ludovici,
455 1485 510 1528 nec
525 1473 588 1526 erat
600 1468 662 1525 ulle
676 1483 744 1540 spes
758 1467 835 1534 vitm,
861 1465 908 1521 vel
921 1464 999 1535 mgae
1014 1480 1058 1521 re·
1111 1465 1325 1538 thomagensis.
1352 1485 1366 1516 u
1384 1467 1417 1521 lit
1439 1463 1509 1521 illuc
1524 1469 1553 1520 to
1567 1464 1690 1532 ducam,
1704 1479 1762 1522 nec
1778 1469 1836 1521 turn
1850 1468 1923 1536 potes

231 1563 335 1620 siduis.
350 1565 411 1618 Rea
429 1577 501 1617 vero
514 1558 680 1616 Ludorious
708 1555 848 1630 praesidio
876 1558 1056 1612 mancorum
1112 1557 1179 1613 tutis
1193 1556 1342 1612 ullatenus
1352 1554 1493 1627 deinceps
1506 1553 1573 1610 eris.
1589 1573 1600 1606 s
1616 1556 1676 1610 ilex
1691 1557 1798 1610 eutem
1808 1552 1923 1610 diffident

230 1661 354 1708 cerneus
367 1663 398 1706 se
412 1648 592 1713 desolatum,
612 1649 811 1717 expertusque
827 1642 920 1716 praelii
944 1643 1057 1716 pericu-
1077 1648 1167 1715 usui,
1183 1651 1369 1718 moestusque
1396 1643 1570 1700 necessitate
1595 1643 1784 1700 imminentis
1810 1641 1922 1715 periculi,

228 1742 303 1805 lum,
315 1739 393 1809 fuges
408 1735 552 1794 tardantis
567 1733 726 1807 expetebat
739 1731 958 1788 auxilium.Rex
971 1732 1057 1805 quip
1111 1736 1185 1792 dixit
1199 1735 1411 1792 adriolenlum
1426 1737 1581 1806 captorem
1594 1732 1640 1789 sui
1657 1750 1663 1788 :
1684 1751 1700 1787 s
1714 1733 1860 1800 itinerare,
1872 1746 1923 1803 pre·

228 1847 267 1905 pe
281 1822 658 1900 Halgroldusprospiciens
674 1822 780 1878 abesse
807 1835 909 1892 repam
934 1821 1057 1878 Ludurl·
1111 1841 1173 1896 cor,
1192 1825 1331 1881 miserere
1353 1823 1423 1893 mei,
1436 1827 1544 1880 eterne
1559 1838 1608 1879 me
1630 1827 1684 1895 per
1699 1828 1785 1880 tuem
1805 1822 1921 1896 pietaten

230 1934 310 1988 cum,
325 1917 439 1976 uolucri
453 1914 596 1988 sonipede
610 1927 719 1984 agmen
733 1927 839 1968 secans
857 1911 1002 1979 medium,
1018 1911 1058 1969 ci·
1110 1914 1148 1970 de
1163 1914 1303 1970 manibus
1317 1911 1517 1986 querentium
1543 1911 1679 1968 enimam
1702 1927 1815 1980 meam,
1830 1916 1857 1968 st
1867 1909 1921 1966 iusi·

228 2015 291 2068 tato
301 2023 390 2066 cursu
400 2004 637 2080 persequebatur
648 2017 727 2059 eum.
741 2006 800 2059 lter
814 2005 914 2059 eutem
931 2002 1056 2059 Ludovi-
1110 2002 1262 2059 diatorum
1276 2001 1359 2058 mihi:
1384 2001 1512 2058 Restitue
1539 2016 1587 2057 me
1606 2000 1702 2058 monti
1726 1999 1877 2067 Lauduuo,
1898 2001 1920 2052 ul
1964 1978 1965 2040 i

229 2113 282 2158 eus
296 2101 354 2156 hae
363 2097 490 2168 illacque
503 2092 658 2164 fugitabat,
674 2092 746 2165 quia
758 2091 833 2148 ireni
849 2092 973 2166 acepite
987 2092 1057 2166 equi
1110 2107 1222 2164 queam
1234 2089 1354 2161 gloriari
1364 2089 1532 2160 etgaudere
1547 2089 1703 2146 mancisco
1717 2086 1920 2163 importunus

229 2189 345 2262 delapsi
370 2185 507 2242 habenas
534 2181 676 2238 manibus
704 2179 897 2246 solummodo
925 2181 1054 2238 tenebat.
1111 2179 1370 2253 gloriaqumretur
1383 2179 1447 2236 sine
1473 2183 1503 2235 te
1517 2179 1611 2248 mibi;
1630 2179 1791 2252 omnisque
1815 2176 1919 2235 incultu

229 2275 410 2347 lielgreldus
424 2276 525 2330 autem
537 2287 589 2328 rex
618 2269 800 2326 uudoucum
815 2269 911 2326 talitm
928 2270 1056 2344 impedi-
1109 2274 1139 2326 et
1151 2269 1259 2338 honor,
1274 2269 1328 2342 qui
1341 2285 1428 2326 meus
1442 2267 1537 2338 tuerit,
1548 2267 1672 2326 tibierit.
1688 2271 1799 2338 Regem
1809 2271 1835 2324 tc
1847 2280 1919 2338 super

229 2369 294 2423 tum
306 2377 377 2420 mox
391 2361 522 2434 expetiit,
537 2365 566 2416 et
586 2357 794 2432 percupidum
821 2357 984 2428 irdgeutem
1007 2375 1057 2417 en·
1109 2375 1159 2418 me
1174 2361 1198 2418 si
1214 2361 1343 2418 volueris
1358 2359 1537 2416 constituam
1554 2377 1561 2428 ς
1578 2361 1690 2424 sinon,
1715 2358 1867 2416 dimidium
1885 2371 1918 2412 re

229 2467 293 2509 sens
312 2455 428 2517 teneus,
442 2447 553 2518 vagina
580 2461 655 2504 cara
671 2461 689 2502 a
703 2446 794 2502 latere
821 2446 931 2519 diripit,
958 2447 1056 2504 militi-
1110 2450 1161 2520 gui
1176 2449 1352 2506 concedam.
1378 2449 1489 2505 Rerum
1505 2449 1728 2522 verborumque
1740 2449 1793 2506 ilat
1805 2447 1917 2504 nerine

228 2541 346 2614 busque
361 2538 422 2595 suis
434 2551 472 2594 ue
486 2535 663 2604 elaberetur,
679 2549 754 2591 neve
767 2535 960 2605 occideretur,
985 2549 1056 2594 oum
1109 2539 1184 2597 tides
1198 2539 1273 2596 iuter
1287 2553 1335 2595 me
1350 2542 1388 2606 te,
1404 2544 1594 2595 sacramento
1607 2543 1636 2596 et
1650 2537 1841 2610 colligationis
1850 2534 1916 2593 Cirri-

228 2626 459 2689 commendevit.
476 2629 541 2698 ipse
554 2639 627 2681 raro
641 2628 729 2698 capto
743 2639 812 2694 rege
831 2625 1054 2695 congratulans,
1109 2629 1242 2684 eduum.»
1258 2628 1326 2684 Hinc
1338 2631 1475 2701 repetens
1487 2643 1539 2684 rex
1549 2627 1914 2700 crebrius,etexoranscum

228 2721 267 2778 ad
281 2717 375 2793 prelii
394 2727 539 2787 campum
564 2713 697 2770 concitus
722 2713 876 2782 remeavit,
901 2718 931 2770 et
955 2713 1055 2770 adhuc
1108 2717 1260 2790 lucrymis,
1275 2717 1391 2790 proruit
1414 2716 1452 2772 de
1468 2733 1547 2790 equo
1574 2716 1614 2773 ad
1628 2717 1723 2790 pedes
1737 2713 1912 2773 seducentis.

227 2808 460 2865 urmlsiruucos
473 2817 506 2859 so
519 2801 687 2858 tuentcsad
711 2800 944 2858 internecionem
959 2816 1055 2873 usque
1108 2807 1189 2864 Tunc
1204 2803 1289 2862 miles
1304 2821 1464 2878 percussus
1477 2806 1598 2877 lugubri
1616 2805 1824 2877 gemitumgis,
1841 2817 1912 2860 cuae

226 2893 395 2970 prostravit,
422 2897 511 2965 atque
539 2891 672 2948 Francius
697 2889 794 2959 gentis
820 2889 934 2945 laceros
956 2890 1054 2963 plagis
1108 2900 1216 2968 tueque
1234 2894 1426 2968 petitionibus
1441 2894 1617 2964 miltiadis,
1636 2894 1824 2968 lacrymisite
1848 2891 1913 2946 latur

227 2986 302 3040 Oreo
326 2979 460 3037 detrusit.
484 2977 679 3035 Northmanni
705 2991 776 3032 vero
795 2976 928 3047 dolona,
948 2977 1089 3063 armis-G
1107 2983 1239 3040 obortist
1255 3003 1269 3032 u
1284 2981 1518 3038 promissionum
1532 2987 1653 3040 tuarum
1666 2983 1713 3040 iac
1739 2981 1803 3040 mibi
1823 2979 1910 3042 fidem,

225 3085 285 3144 que
297 3074 326 3126 et
340 3065 443 3141 spoliis
454 3066 549 3140 potiti,
577 3065 728 3140 praeliique
754 3081 897 3138 campum
923 3065 1054 3124 lustrari·
1108 3085 1164 3140 ego
1180 3069 1349 3126 conducam
1360 3073 1387 3125 te
1401 3069 1545 3126 lauduno
1560 3069 1677 3127 salvum
1691 3067 1906 3128 simonianam.»

225 3163 269 3217 tes
292 3156 396 3225 securi,
427 3156 466 3214 ed
494 3154 686 3212 humandum
710 3153 880 3211 detulerunt
901 3155 1053 3212 exanimes
1109 3159 1276 3217 voluntarie
1290 3173 1361 3214 vero
1375 3163 1465 3232 pacta
1493 3158 1633 3232 iactaque
1648 3159 1711 3224 fide,
1736 3154 1813 3228 crepd
1829 3151 1902 3208 miles

225 3261 288 3306 sum
303 3246 410 3320 gentis.
1107 3263 1209 3319 regem
1221 3248 1399 3319 conducere,
1415 3248 1517 3304 relicto
1544 3250 1617 3305 recti
1633 3247 1738 3305 itineris
1751 3243 1823 3301 calle.
1837 3245 1904 3297 lule

1106 3352 1157 3393 rec
1190 3335 1440 3406 Rotbomegeusis
1478 3337 1645 3394 Bernurdus
1673 3333 1810 3409 ereptione
1838 3327 1908 3398 regis

544 3437 735 3480 arceremur.
1107 3425 1325 3496 moestissimus,
1354 3424 1434 3481 misit
1460 3425 1576 3482 coumte
1601 3425 1729 3496 legatos,
1749 3419 1910 3480 ncumsuet

1105 3530 1158 3571 rex
1173 3514 1340 3570 Ludorieus
1365 3513 1406 3570 ad
1424 3529 1529 3572 omnes
1559 3517 1707 3589 Sequanae
1734 3517 1836 3588 portus.
1857 3512 1910 3582 lpse

311 3603 404 3672 Digne
419 3614 474 3674 pro
489 3599 601 3656 meritis
613 3600 699 3656 ducis
715 3601 815 3668 bituri,
1104 3617 1176 3658 vero
1192 3601 1278 3658 citius
1292 3618 1386 3675 qnam
1414 3603 1520 3676 potuit,
1545 3605 1666 3661 tardum
1693 3619 1792 3676 regem
1812 3602 1911 3656 eutero

310 3689 449 3747 ltlchardi
461 3689 596 3757 celebris,
611 3688 743 3761 bonique
758 3689 838 3758 iusti,
1104 3691 1171 3748 lans
1183 3691 1346 3763 praecessit,
1362 3697 1391 3749 et
1407 3693 1628 3764 Rotiromagum
1653 3691 1829 3767 praepetibus
1840 3685 1910 3760 equis

310 3779 460 3850 rutgerus
473 3778 567 3853 pueri,
584 3777 753 3851 indolisque
763 3793 856 3834 sacrae
873 3795 879 3833 :
1105 3795 1175 3836 cum
1190 3779 1251 3834 suis
1267 3779 1411 3836 militibus
1426 3780 1610 3850 acceleravit,
1626 3785 1655 3838 et
1678 3782 1731 3855 qui
1756 3793 1848 3853 regem
1859 3788 1910 3848 per

309 3872 412 3926 Vestra
426 3883 542 3942 proque
552 3867 702 3936 fidelitate,
717 3883 779 3941 qua
792 3883 873 3924 nuuc
1103 3868 1256 3941 quirerent
1269 3868 1433 3925 fidissimos
1443 3869 1646 3943 exploratores
1661 3869 1831 3929 misittliiles
1843 3879 1909 3932 reru,

309 3959 452 4017 Bedaudo
467 3957 596 4033 petriam
613 3955 717 4014 tanede
727 3955 826 4014 istam.
1103 3957 1157 4029 qui
1170 3973 1273 4027 regem
1287 3956 1414 4014 liberere
1442 3958 1619 4030 conabatur,
1635 3959 1720 4016 domi
1743 3975 1780 4016 ue
1807 3957 1870 4014 torte
1879 3953 1912 4008 in

308 4049 507 4107 Northmanni
520 4063 539 4104 o
553 4061 692 4120 proceros
704 4046 776 4103 satis
794 4049 930 4119 potentes
1104 4045 1253 4103 veniretur
1280 4045 1406 4104 refluere
1431 4046 1517 4104 illum
1540 4047 1645 4116 nolluit,
1658 4048 1710 4105 sed
1723 4052 1813 4106 noem
1829 4045 1856 4101 in
1876 4043 1912 4098 Se

309 4143 341 4194 lu
352 4140 514 4196 certamine
527 4139 621 4213 prelii
636 4145 665 4194 et
678 4137 840 4210 triumpho.
1102 4149 1211 4208 qunnee
1226 4133 1325 4191 insule
1339 4135 1481 4209 reposuit,
1495 4137 1619 4209 cupiens
1633 4136 1801 4194 conducere
1810 4149 1872 4192 eum
1882 4128 1913 4186 ud

310 4226 394 4282 cauti
408 4231 435 4283 et
446 4226 572 4284 consilio
582 4227 729 4301 probique
740 4231 858 4294 cuncto,
1103 4223 1293 4294 tcudunum,
1320 4223 1561 4297 exploratoribus
1587 4226 1717 4298 fatigetis
1745 4231 1776 4284 et
1799 4220 1911 4283 resonis

307 4315 466 4370 servantes
481 4315 580 4371 stabili
590 4319 691 4372 tenore
705 4330 823 4388 pacem,
1064 4354 1087 4410 D
1103 4312 1309 4386 Explomtores
1323 4313 1413 4385 igitur
1426 4314 1552 4372 scientes
1566 4316 1651 4388 quod
1660 4315 1701 4372 ab
1715 4314 1768 4372 illo
1780 4315 1862 4372 miite
1870 4311 1913 4366 lu·

308 4403 342 4458 Et
356 4415 448 4458 sacrm
463 4402 533 4459 fidei
543 4403 726 4476 petitionem.
1099 4401 1220 4458 beretur
1237 4418 1288 4458 rex
1301 4401 1478 4477 ludovicus,
1492 4404 1689 4461 veneruntad
1703 4403 1832 4462 domum
1841 4402 1912 4473 eiust

307 4494 391 4549 Nunc
403 4491 523 4558 sulvete,
539 4491 644 4562 valete,
665 4496 748 4548 avete
758 4507 886 4566 semper.
1100 4494 1129 4546 et
1141 4491 1319 4565 accipientes
1334 4507 1470 4562 uxorem,
1481 4493 1620 4567 filiosque
1634 4499 1663 4551 et
1683 4493 1775 4558 lilius,
1796 4491 1915 4566 equoset

308 4577 416 4649 Elvos,
431 4583 459 4636 et
475 4579 607 4649 soboles,
619 4578 697 4636 sacri
711 4583 740 4634 et
751 4585 886 4652 nepotes,
1100 4595 1205 4654 equas,
1218 4597 1291 4638 ores
1319 4585 1348 4638 et
1375 4581 1478 4652 boves,
1507 4599 1691 4657 omnemque
1719 4579 1914 4658 supellectilem

307 4671 410 4728 Omnis
422 4669 582 4743 progenies
591 4671 715 4725 sacrate
728 4667 838 4741 stirpis,
1099 4668 1166 4740 eius
1178 4669 1328 4726 duxeruut
1345 4669 1385 4727 ed
1411 4671 1634 4742 iiotluomegum
1655 4672 1809 4730 Bernrudo
1835 4669 1914 4726 oiim.

306 4759 501 4831 Septorumque
516 4757 618 4814 locum
632 4756 740 4830 quictis
750 4760 867 4829 aptum.
1100 4758 1185 4815 Miles
1197 4763 1299 4816 autem
1309 4758 1405 4816 sciens
1420 4760 1591 4818 nudemnus
1603 4777 1693 4836 posse
1709 4760 1855 4819 abscondi
1866 4771 1915 4814 aur

307 4848 377 4904 rost
391 4852 473 4904 artus
487 4846 647 4918 lugubrem
660 4845 849 4916 solutionem,
1100 4846 1180 4922 plius
1203 4863 1316 4921 regem,
1352 4848 1433 4906 venit
1459 4851 1640 4923 quantocius
1673 4851 1713 4908 ad
1747 4847 1914 4908 eremmon

305 4941 338 4994 lu
353 4951 534 5011 summoque
548 4937 630 4994 bono
647 4935 718 4993 novi
733 4935 834 4992 referti
1100 4937 1384 5008 Rotlromageesem,
1409 4942 1440 4994 et
1464 4939 1640 5011 provolutus
1667 4939 1709 4996 ed
1732 4939 1826 5013 pedes
1850 4936 1914 5007 eius,

305 5029 397 5086 surus
411 5041 566 5102 prospere,
581 5025 629 5084 bie
643 5025 752 5094 dualis,
766 5029 881 5082 octarm
896 5041 931 5084 ao
944 5025 1002 5098 bis,
1099 5025 1318 5100 deprecabatur
1335 5030 1368 5083 ut
1389 5025 1535 5098 recipiens
1564 5043 1667 5099 regem
1686 5027 1824 5086 redderet
1842 5037 1914 5083 snam

306 5118 380 5172 Cum
395 5116 505 5174 sanctis
518 5115 643 5189 capiatis
658 5115 823 5186 aggregati,
1098 5114 1156 5171 sibi
1177 5131 1311 5172 uxorem.
1338 5115 1508 5173 Beruardus
1526 5131 1598 5175 vere
1624 5117 1711 5175 solito
1736 5117 1841 5186 laetior,
1858 5109 1914 5172 reri

305 5205 441 5272 Regnum
455 5204 508 5278 qui
521 5204 623 5278 patriae
638 5205 743 5261 tenetis
757 5204 859 5277 hujus,
1097 5203 1183 5277 piens
1193 5209 1335 5262 moestuns
1346 5209 1529 5278 ceptumque
1539 5221 1652 5278 regens
1663 5207 1794 5266 reddidit
1804 5206 1832 5264 ei
1841 5213 1914 5262 suum

305 5289 354 5345 vis
368 5290 475 5348 virtute
486 5292 617 5366 petentis
631 5297 660 5350 et
671 5292 793 5363 mauis,
1097 5307 1233 5350 uxorem.
1272 5293 1345 5352 ltisit
1374 5293 1464 5364 igitur
1495 5294 1534 5352 ed
1565 5295 1817 5354 fflveuectensen
1857 5293 1914 5348 Ber

304 5375 443 5434 lticbardi
456 5379 542 5452 pueri
555 5380 587 5436 iu
600 5379 752 5438 fidelitate.
1097 5381 1238 5450 nardum,
1254 5386 1284 5439 et
1295 5381 1452 5440 mandavit
1476 5383 1505 5440 ei
1518 5387 1656 5457 opetum
1670 5385 1749 5456 rems
1775 5387 1912 5443 erenum

406 5479 410 5484 ·
1097 5470 1264 5528 bernardus
1289 5487 1359 5529 vem
1385 5488 1487 5529 comes
1507 5473 1611 5530 hilaris
1637 5478 1667 5532 et
1690 5474 1786 5544 letan,
1807 5479 1913 5530 comm·

249 5557 364 5614 interea
378 5571 430 5612 rex
440 5555 609 5613 Ludovicns
623 5557 786 5614 custodum
808 5557 973 5631 spoliorum
988 5573 1041 5614 eu·
1096 5575 1170 5631 gens
1184 5559 1261 5618 illico
1284 5565 1386 5634 noctu,
1401 5561 1441 5618 ad
1461 5565 1616 5634 liuganem
1629 5564 1712 5620 venit
1731 5564 1841 5640 ducem
1854 5571 1911 5616 mr·

212 5643 1041 5721 pmtcudsceptersmnanesmsvsdtstusslllrcquc
1094 5661 1191 5720 gnum
1214 5649 1355 5720 Patietur,
1382 5649 1436 5724 qrd
1454 5650 1767 5725 messanensi,
1791 5647 1911 5714 Μ
