3984 6182
105 192 160 248 9³7
426 161 428 165 ’
869 177 1050 237 arrsroin
1761 198 1814 252 uu

101 311 224 384 sanguis
237 309 335 385 erupit
349 310 387 366 de
402 313 490 380 terra,
506 313 535 366 et
548 312 610 365 tota
629 306 677 364 die
704 305 798 373 fluxit,
820 301 968 376 signifi-A
985 308 1015 360 et
1027 304 1206 364 refocillatus
1217 312 1261 366 est
1273 309 1416 383 populus.
1429 314 1506 370 Arca
1515 312 1596 370 enim
1605 316 1665 372 Noe
1675 314 1713 372 dc
1723 314 1813 388 liguis

99 419 174 460 cans
202 399 440 477 dominationem
470 398 635 456 Gothorum
663 395 826 452 sublatam.
858 396 931 448 ltem
985 391 1129 454 fabricata
1141 396 1215 470 quid
1231 397 1379 468 significet
1392 417 1454 458 non
1469 400 1621 472 ignoratis.
1643 407 1675 460 ln
1701 405 1812 478 quibus

99 489 225 548 Historia
234 488 502 558 longobardorum
516 486 593 543 libro
609 501 650 553 ur,
665 501 732 559 cap.
749 487 765 540 a
780 500 787 538 :
817 505 831 532 «
847 484 931 538 Tem·
985 483 1127 541 omnibus
1141 502 1194 559 per
1207 486 1324 559 lignum
1336 505 1399 546 non
1410 490 1466 549 nisi
1480 491 1716 550 misericordiam
1727 512 1813 553 suam

99 595 174 655 pore
190 575 385 636 Theodeberti
395 574 473 646 regis
485 576 670 632 Francorum
679 573 801 644 signum
812 567 933 640 sangui·
985 573 1130 630 Dominus
1144 579 1284 649 operatus
1297 581 1349 636 est.
1362 579 1436 644 Quia
1445 580 1537 652 igitur
1545 579 1584 638 de
1597 580 1680 653 liguo
1692 585 1814 656 sanguis

100 686 172 726 nem
184 669 214 725 in
231 667 306 724 coelo
324 666 474 740 apparuit,
488 665 612 739 etquasi
625 665 717 721 haste
745 659 930 732 sanguineae.
984 659 1153 732 lavabatur,
1169 665 1297 722 creditur
1311 666 1394 741 quod
1404 683 1458 741 per
1472 669 1680 742 poenitentiam
1694 676 1723 730 et
1743 672 1816 730 elee-

100 762 144 816 Eo
170 761 304 832 tempore
336 755 401 829 ipse
435 753 658 811 theodebertus
693 768 763 808 cum
793 747 932 807 lothario
986 767 1157 824 mosynam,
1178 759 1206 811 et
1233 759 1355 814 caeteros
1380 757 1494 816 tructus
1523 759 1746 832 misericordia,
1762 763 1816 836 qui

99 845 252 904 avunculo
268 860 324 900 suo
338 843 451 900 bellum
476 858 595 914 gerens,
611 841 675 914 ejus
704 838 867 898 exercitum
881 853 931 894 ve·
984 839 1062 897 intra
1073 841 1172 899 sinum
1184 844 1288 900 matris
1303 845 1435 904 Ecclesiae
1463 854 1648 919 exercentur,
1672 851 1816 910 severitas

98 936 256 994 hementer
271 932 383 990 afflixit.
394 933 491 988 »rtem
500 929 647 989 ineadem
662 927 788 986 Historia
803 929 931 983 :«Tem-
985 933 1013 984 et
1024 927 1191 1000 indignatio
1204 931 1276 1004 justi
1289 933 1400 992 iudicis
1414 937 1475 1005 liei,
1499 954 1568 1012 quae
1582 939 1689 996 merito
1710 954 1816 1013 pecca-

98 1023 227 1098 poribus
240 1020 399 1079 lastiniani
414 1021 446 1076 in
460 1018 617 1094 provincia
640 1016 792 1092 praecipue
807 1013 932 1086 Liguriae
985 1018 1101 1076 toribus
1116 1020 1251 1090 debetur,
1267 1026 1296 1078 et
1306 1023 1346 1080 ad
1357 1025 1593 1085 misericordiam
1605 1029 1701 1105 possit
1714 1029 1815 1087 retlec-

99 1113 236 1170 maxima
246 1109 414 1184 pestilentia
427 1114 531 1166 exorta
545 1113 598 1165 est.
616 1105 720 1165 Subito
733 1103 813 1161 enim
841 1118 933 1177 appa·
984 1107 1015 1164 ti.
1028 1107 1191 1167 Misericors
1203 1114 1249 1168 est
1261 1111 1341 1167 enim
1355 1114 1500 1172 Dominus
1522 1116 1609 1190 adeo,
1635 1118 1712 1176 sicut
1736 1119 1814 1176 Psal-

99 1202 209 1258 rebant
220 1197 363 1275 quaedam
376 1197 531 1270 signacula
546 1211 599 1272 per
621 1194 739 1265 domos,
756 1192 842 1261 ostia,
856 1206 932 1248 vasa
986 1196 1225 1272 mistaloquitur,
1242 1206 1346 1256 utnon
1372 1203 1467 1260 sotum
1483 1204 1625 1276 domines,
1646 1207 1698 1264 sed
1723 1210 1812 1266 etiam

101 1289 150 1348 vel
164 1289 349 1346 vestimenta.
366 1287 436 1350 Quae
446 1285 471 1342 si
486 1286 554 1360 quis
564 1283 707 1340 voluisset
720 1281 852 1349 abluere,
868 1295 933 1336 me·
980 1287 1121 1357 jumenta
1131 1289 1236 1346 salvet.
1253 1288 1447 1364 Omnipotens
1455 1295 1531 1349 Deus
1539 1293 1640 1352 dilatet
1652 1295 1814 1370 imperium

103 1380 150 1450 gis
163 1378 321 1452 magisque
334 1375 531 1450 apparebant.
548 1378 615 1431 Post
643 1388 759 1430 aunum
785 1385 857 1426 vero
885 1385 933 1425 ex·
985 1379 1127 1444 vestrum,
1151 1381 1180 1433 et
1205 1377 1327 1436 dextera
1348 1396 1404 1437 vos
1430 1396 1548 1455 semper
1571 1388 1722 1457 protegat,
1736 1387 1815 1443 etad

101 1468 395 1544 pletum,coeperunt
412 1464 495 1522 nasci
515 1465 546 1522 iu
570 1462 744 1535 inguinibus
772 1459 933 1517 hominum
986 1479 1093 1537 pacem
1118 1469 1227 1522 sancta
1257 1467 1394 1524 Ecclesiae
1421 1469 1513 1526 vitam
1537 1471 1621 1528 vobis
1644 1471 1814 1545 longaevam

101 1557 152 1614 vel
166 1556 273 1614 inaliis
287 1553 537 1612 debilitatioribus
551 1551 624 1608 locis
637 1548 788 1622 glandulae
815 1548 846 1604 in
870 1562 933 1604 mo·
985 1551 1107 1621 tribuat,
1129 1559 1158 1610 ct
1184 1571 1240 1613 sua
1265 1572 1321 1613 vos
1356 1556 1566 1618 benedictione
1605 1561 1637 1618 in
1672 1563 1815 1621 omnibus

102 1647 179 1703 dum
193 1645 279 1703 nucis
291 1659 345 1700 seu
363 1640 486 1715 dactyli,
499 1658 576 1716 quas
592 1656 663 1698 mox
682 1637 864 1713 sequebatur
889 1635 966 1718 lep
985 1647 1120 1700 exornet,

101 1735 205 1793 briam
233 1731 428 1791 intolerabilis
444 1736 544 1800 aestus,
560 1731 601 1788 ita
623 1729 705 1787 utin
729 1727 827 1785 triduo
840 1727 932 1783 homo
1285 1735 1453 1794 Eplspoug
1472 1741 1516 1795 ιν,

101 1825 352 1895 exstingueretur.
370 1821 421 1880 Sin
435 1837 504 1879 raro
530 1819 638 1894 aliquis
659 1817 793 1876 triduum
818 1819 932 1875 transe-
985 1837 1117 1880 anscerus
1142 1838 1348 1881 muscivouuu
1375 1841 1484 1884 coutras
1500 1845 1536 1884 ru
1551 1845 1697 1890 cossurus
1725 1851 1815 1892 annau

102 1915 203 1986 gisset,
219 1911 353 1970 habebat
367 1927 452 1985 spem
466 1909 595 1967 vivendi.
617 1911 685 1966 Erat
704 1911 805 1964 autem
820 1904 932 1979 ubique
1234 1913 1329 1986 (Circa
1343 1930 1459 1972 annum
1476 1919 1566 1990 tote).

101 2019 208 2076 P³V⁰r2
221 2001 335 2074 Ubique
348 2001 455 2068 luein&
480 1998 592 2073 Ubique
612 1997 765 2070 lacit'fflffi·
797 1999 871 2052 Nam
899 1996 933 2050 ul
1020 2000 1147 2059 llomino
1162 2018 1217 2059 suo
1231 2003 1294 2074 regi
1320 2006 1449 2062 Roaaaro
1469 2008 1563 2064 Fusco
1582 2009 1815 2082 andegavorum

102 2091 186 2164 vulgi
198 2107 303 2148 rumor
314 2089 446 2147 habebat
458 2087 598 2158 fugientis
612 2085 730 2142 cladem
744 2085 823 2156 vitae,
842 2081 931 2142 relin·
985 2105 1087 2148 uomus
1100 2090 1228 2148 sulutem
1243 2096 1272 2148 ut
1285 2090 1373 2148 fidele
1388 2092 1553 2151 servitium,

100 2180 275 2252 quebantur
287 2179 397 2236 domus
411 2178 535 2234 desertae
549 2175 780 2244 habitatoribus,
799 2172 870 2231 solis
885 2189 933 2229 ca·
1022 2178 1195 2236 Guillelmus
1211 2179 1398 2237 Pictavorum
1413 2198 1527 2252 comes,
1541 2185 1631 2242 herus
1650 2203 1745 2258 meus,
1774 2189 1817 2247 lo

99 2268 172 2325 tulis
182 2268 292 2324 domus
304 2266 503 2324 servantibus.
520 2264 640 2322 Peculie
650 2263 714 2321 sola
721 2263 930 2332 remanebant,
986 2275 1071 2327 nutus
1082 2275 1129 2327 est
1142 2270 1216 2327 mihi
1229 2287 1336 2345 nupur¹
1349 2271 1453 2328 <linens
1467 2274 1562 2347 quud,
1573 2282 1738 2352 postquam
1752 2280 1816 2338 pali

96 2357 132 2414 in
146 2356 267 2431 pascuis
277 2355 359 2413 nullo
371 2359 487 2413 astante
502 2359 633 2428 pastore.
650 2353 792 2410 Cerneres
813 2351 932 2426 pridem
986 2360 1219 2417 discesserunta
1236 2359 1333 2428 vobis,
1349 2359 1440 2417 diffisi
1455 2363 1538 2437 quod
1551 2380 1607 2421 vos
1632 2382 1734 2439 regem
1762 2369 1816 2428 ha·

96 2447 188 2504 villas
215 2461 269 2503 sen
294 2449 393 2503 castra
420 2444 535 2518 repleta
562 2443 736 2515 agminibus
761 2440 932 2510 hominum,
985 2447 1102 2520 herent,
1115 2448 1265 2522 petierunt
1279 2446 1375 2504 tilium
1388 2466 1479 2506 suum
1494 2451 1532 2507 ad
1559 2468 1672 2524 regem.
1702 2456 1816 2524 Quibus

98 2540 223 2610 postera
237 2534 285 2593 die
300 2534 446 2591 universis
470 2533 655 2604 fngientibus
683 2535 791 2588 «iuncta
815 2545 880 2587 esse
902 2529 934 2586 in
986 2535 1034 2592 ille
1049 2535 1160 2593 inritus
1174 2539 1358 2609 coactusque
1373 2537 1530 2610 respondit
1541 2541 1664 2600 tandem
1678 2547 1816 2620 acquies-

101 2642 226 2684 summo
239 2624 366 2682 silentio.
378 2621 616 2694 Fugiebantfilii,
630 2619 935 2694 cadavereinsepulta
988 2641 1054 2682 cere
1069 2641 1100 2682 se
1116 2624 1261 2682 voluntati
1276 2641 1391 2696 eorum,
1408 2627 1432 2683 si
1443 2630 1643 2688 consentirent
1653 2633 1816 2694 illiscunctl

99 2719 264 2788 parentum
278 2713 491 2787 relinquentes.
512 2713 664 2779 Parentes,
680 2708 763 2766 obliti
772 2709 890 2783 pietatis
903 2709 935 2766 in
988 2714 1177 2773 marchiones
1191 2713 1280 2771 ltaliae
1294 2719 1323 2772 et
1336 2715 1479 2791 episcopi,
1496 2734 1532 2776 ac
1544 2721 1641 2778 caeteri
1666 2723 1815 2785 meliores.

99 2805 228 2874 viscera,
242 2807 329 2861 natos
357 2800 573 2875 relinquebant,
592 2803 762 2856 metuentes.
788 2798 817 2856 Si
842 2813 934 2872 quem
988 2803 1243 2880 lllipromiserunt
1256 2805 1430 2878 quodrecta
1442 2807 1502 2864 fide
1516 2808 1649 2869 facerent
1662 2811 1728 2870 illos
1748 2831 1817 2873 con-

100 2892 178 2949 lortc
193 2892 319 2965 antique
333 2889 429 2965 pietas
442 2887 672 2964 perstringebat,
687 2891 721 2944 ut
746 2886 834 2944 vellet
852 2902 935 2960 sepe·
988 2896 1107 2964 sentire,
1121 2895 1146 2951 si
1159 2900 1291 2969 possent.
1308 2899 1391 2954 Nunc
1405 2913 1477 2969 argo
1492 2901 1619 2959 mandat
1631 2903 1730 2977 vobis,
1745 2922 1817 2980 pos-

100 2980 156 3038 lire
168 2977 499 3056 proximum,restabet
512 2976 575 3050 ipse
604 2975 771 3050 insepultus
787 2994 794 3046 ;
821 2975 969 3067 eldumc
988 2985 1088 3044 tulans
1098 2984 1270 3060 suppliciter
1281 2985 1408 3057 gratiam
1439 2993 1573 3048 vestram
1596 2992 1641 3064 [ut
1660 2995 1816 3055 detineatis

101 3069 341 3144 obsequebatur,
369 3065 583 3140 perimebatur·
610 3067 688 3121 Ilum
726 3063 824 3120 funeri
850 3063 936 3121 Obse-
987 3073 1126 3131 homines
1141 3072 1179 3130 de
1194 3073 1395 3146 Letharingia,
1424 3079 1454 3133 et
1478 3078 1666 3140 Fredericum
1693 3085 1815 3153 ducem,

101 3159 212 3233 quium
226 3157 390 3233 prebebat,
406 3155 501 3230 ipsius
520 3153 611 3211 iunus
626 3153 689 3210 sine
700 3153 847 3227 obsequio
873 3169 936 3210 me·
988 3168 1079 3238 utque
1092 3162 1167 3221 uuus
1180 3179 1258 3236 quos
1269 3163 1416 3236 poteritis,
1426 3171 1655 3228 nuuuuuofdent
1667 3190 1737 3231 eum
1747 3191 1818 3248 ,330

102 3247 205 3305 nebat.
219 3247 339 3304 Videres
352 3245 498 3302 sacrdum
512 3243 543 3300 in
556 3242 716 3316 antiquum
732 3243 888 3300 redactum
899 3242 936 3299 si·
989 3255 1082 3324 Gonu,
1109 3251 1291 3309 inflentundo
1332 3269 1385 3310 sus
1410 3260 1559 3327 quantum
1587 3261 1740 3332 quiverunt„
1778 3265 1818 3322 gd

102 3337 230 3394 lentium
243 3336 344 3392 :nulla
358 3352 418 3392 vox
432 3335 463 3391 in
478 3325 558 3400 rina,
578 3332 679 3390 nullus
699 3333 814 3402 sibilus,
842 3332 933 3389 nullm
989 3341 1135 3399 auxilium
1163 3341 1249 3412 ejus.
1289 3341 1377 3398 Dabit
1407 3342 1495 3400 vobis
1521 3362 1576 3419 pro
1612 3348 1670 3407 hoc
1698 3354 1818 3424 negotio

102 3425 440 3484 insidiaebestiarumiu
455 3422 634 3498 pecudibus,
660 3422 744 3480 nulla
769 3421 884 3480 damna
902 3421 934 3478 in
989 3430 1069 3488 millu
1092 3429 1185 3486 libras
1213 3429 1419 3504 denariorum,
1448 3437 1478 3490 nt
1503 3437 1624 3495 uentum
1647 3439 1750 3514 papia,
1790 3447 1819 3501 et

102 3515 277 3575 domesticis
292 3513 474 3572 volucribus.
501 3515 570 3571 Sata
590 3517 780 3584 transgressa
802 3510 934 3568 metendi
987 3519 1118 3578 dominre
1156 3518 1267 3590 regine
1309 3522 1489 3580 Constantia
1516 3525 1697 3601 quingentas
1724 3530 1818 3592 libras

100 3615 223 3680 tempus
250 3606 362 3662 intacta
386 3603 600 3676 exspectabant
636 3617 811 3659 messorem·
842 3601 934 3658 Vinea
987 3623 1194 3666 nummorum.
1215 3608 1286 3665 Orat
1309 3625 1365 3666 vos
1388 3615 1422 3668 ut
1447 3612 1512 3685 ipse
1535 3631 1603 3674 eam
1623 3619 1766 3692 salutetis,
1790 3629 1820 3682 et

100 3696 226 3755 amissis
248 3693 325 3752 folus
353 3692 540 3752 radiantibus
568 3691 636 3748 uris
664 3689 758 3748 illesa
779 3690 932 3760 manebat,
987 3697 1084 3754 filium
1111 3700 1244 3754 vestrum
1268 3712 1372 3768 regem
1408 3717 1445 3758 ex
1471 3709 1556 3778 parte
1582 3723 1638 3766 sua
1655 3727 1674 3766 ε.
1701 3716 1730 3770 et
1762 3727 1819 3784 ego

98 3787 203 3844 hieme
213 3783 445 3859 propinquante.
460 3779 617 3839 Nocturnis
631 3796 685 3837 seu
708 3779 823 3838 diurnis
851 3779 934 3837 horis
987 3802 1094 3862 precor
1104 3785 1264 3858 significari
1276 3787 1380 3846 litteris
1391 3798 1444 3849 aut
1454 3795 1567 3852 nuntiis
1576 3798 1651 3870 quid
1665 3801 1759 3858 animi
1767 3820 1819 3861 ro-

98 3873 289 3952 personabet
300 3872 389 3930 turba
402 3869 589 3940 bellantium,
599 3867 778 3926 audiebatur
797 3884 817 3925 a
844 3867 935 3942 pluri·
989 3877 1036 3934 bis
1051 3875 1090 3932 sit
1103 3891 1193 3950 super
1206 3876 1264 3934 boc
1278 3877 1362 3951 quod
1374 3879 1439 3951 ipse
1452 3897 1507 3938 vos
1524 3887 1621 3956 rogat,
1651 3892 1684 3944 ut
1711 3905 1820 3948 neuun.

98 3967 162 4024 bus
173 3963 263 4039 quasi
275 3978 414 4020 murmur
425 3959 583 4018 exercitus.
604 3958 691 4016 Nulla
704 3962 789 4014 erant
810 3956 936 4028 vestigia
990 3965 1060 4022 tium
1074 3963 1126 4022 illi,
1141 3965 1221 4023 vale,

99 4051 349 4120 commeantium,
365 4049 467 4106 nultus
493 4047 671 4105 cernebatur
696 4061 879 4120 percussor·;
908 4050 937 4100 et
1293 4057 1461 4114 Eplsroug
1482 4061 1514 4114 v,

100 4147 206 4201 tamar
231 4140 330 4198 risum
365 4137 524 4196 oculorum
567 4133 751 4208 superabant
788 4133 938 4190 cadavera
1129 4156 1229 4198 ononis
1245 4155 1355 4200 courrrs
1369 4159 1405 4199 an
1419 4160 1565 4205 tonsurus
1580 4165 1680 4210 mesu.

100 4235 303 4289 mortuorum.
318 4225 479 4285 pastoralia
493 4225 560 4282 loca
569 4239 657 4280 versa
666 4223 785 4279 fuerant
794 4222 825 4278 in
839 4220 937 4295 sepul·
1303 4231 1401 4301 (Anno
1418 4235 1506 4308 1024).

102 4326 205 4378 turam
218 4318 389 4388 hominum,
405 4320 435 4374 et
447 4313 621 4374 habitacula
631 4313 767 4370 humane
781 4311 861 4369 lacte
876 4311 937 4368 tue·
1026 4316 1154 4377 Domino
1169 4334 1225 4376 suo
1240 4319 1303 4390 regi
1316 4323 1449 4381 Rouearo
1463 4341 1565 4386 comes
1577 4331 1647 4390 Ouo.

102 4415 174 4470 rant
187 4408 327 4481 coniugia
340 4406 513 4465 bestiarum.
534 4427 548 4456 u
564 4404 630 4460 llac
643 4402 681 4460 de
696 4401 827 4458 historiis
837 4417 937 4476 pauca
1025 4410 1123 4465 Pauca
1137 4407 1200 4476 tibi,
1217 4408 1350 4483 domine,
1365 4411 1462 4473 dicere
1474 4417 1554 4491 volo,
1566 4421 1591 4478 si
1601 4423 1705 4481 audire
1716 4425 1820 4498 digne-

104 4498 350 4575 proenotnvimus.
360 4495 447 4564 Quod
459 4492 644 4552 verocccidil
654 4506 745 4566 super
765 4495 893 4564 petrem,
908 4494 937 4548 et
989 4497 1042 4555 ris.
1054 4500 1160 4556 Comes
1174 4497 1348 4570 Richardus,
1361 4501 1542 4580 tuusfldelis,
1554 4512 1672 4570 monuit
1681 4517 1820 4572 meveni-

103 4589 189 4648 ablui
210 4604 273 4646 non
296 4591 422 4662 poterat,
448 4585 567 4642 videtur
591 4581 760 4654 significare
772 4580 935 4638 Ecclesiam
989 4603 1021 4644 re
1036 4586 1240 4659 adjustitiam,
1253 4595 1304 4648 aut
1318 4595 1522 4666 concordiam,
1536 4597 1573 4654 de
1587 4599 1716 4673 querelis
1742 4619 1819 4676 quas

104 4683 262 4747 sanctam
277 4692 346 4750 quae
357 4689 448 4748 super
460 4677 588 4747 petram,
604 4669 687 4728 idest
699 4669 859 4742 Christum,
870 4668 936 4727 luu-
989 4675 1121 4733 habebat
1136 4680 1240 4734 contre
1255 4693 1313 4736 me.
1329 4683 1391 4752 Ego
1406 4699 1477 4740 vero
1498 4684 1567 4740 misi
1587 4701 1711 4746 causam
1739 4690 1819 4749 hanc

103 4768 188 4835 data,
201 4763 424 4824 tribulationem
437 4777 565 4836 passure
580 4759 627 4816 sit·
658 4759 745 4826 0110d
758 4773 830 4816 tere
845 4773 937 4832 Super
989 4768 1085 4823 totam
1099 4765 1130 4822 in
1143 4782 1238 4824 manu
1252 4765 1357 4840 ipsius.
1370 4773 1445 4826 tum
1460 4771 1508 4828 ille
1537 4789 1574 4830 ex
1598 4793 1748 4836 consensu
1767 4785 1819 4838 tuo

105 4869 228 4912 carnem
243 4853 373 4912 hominis
387 4856 417 4910 et
429 4851 641 4908 vestimentum
649 4849 715 4921 ejus
725 4847 842 4916 cecidit,
853 4847 936 4904 ablui
991 4855 1143 4914 constituit
1152 4855 1227 4912 milri
1239 4855 1393 4930 placitum,
1406 4861 1529 4932 quando
1547 4867 1575 4921 et
1586 4865 1637 4922 ubi
1646 4867 1704 4924 hoc
1717 4869 1820 4943 pertici

105 4947 232 5018 poterat.
245 4947 309 5001 lton
319 4943 484 5012 incongrue
495 4939 640 5014 accipitur
647 4954 701 5013 per
711 4953 833 4996 carnem
841 4953 937 5012 popu·
990 4949 1103 5019 posset.
1121 4943 1179 5001 Sed
1189 4945 1318 5001 instante
1329 4947 1456 5004 termino
1471 4952 1591 5008 eumad
1605 4954 1663 5011 hoc
1677 4973 1821 5030 perngen.

103 5027 936 5107 lus,pervestimentumsubstantiaquaeadadJutorium
990 5032 1820 5117 dumparatusessem,mendaritmihinemelatigarcm

104 5121 370 5195 hujusvitaenobis
386 5117 570 5179 conceditur.
587 5115 778 5186 Lignoetiam
790 5116 880 5173 datur
888 5115 936 5173 in·
990 5121 1031 5178 ad
1041 5119 1213 5178 condictum
1220 5119 1365 5194 placitum
1375 5125 1535 5198 veniendo,
1546 5129 1687 5202 quianon
1699 5138 1821 5196 erutum

105 5212 198 5284 telligi
211 5212 297 5271 vitale
306 5211 423 5284 lignum
438 5212 550 5267 sanctae
579 5206 684 5275 crucis,
700 5210 730 5263 et
749 5206 936 5280 baptismum
991 5207 1075 5265 cordi
1089 5205 1181 5264 aliam
1186 5207 1429 5280 justificationem
1441 5211 1503 5270 sive
1513 5219 1821 5298 concordiamrecipe-

105 5317 170 5375 qun
184 5317 290 5358 sumus
304 5297 470 5371 regenerati
484 5295 524 5354 ad
536 5293 771 5365 vitamlignum
781 5293 821 5351 ed
830 5296 936 5352 humo
991 5311 1023 5354 re
1032 5295 1155 5353 nisihoc
1167 5299 1283 5362 tantum
1293 5301 1326 5355 ut
1339 5298 1452 5357 laceres
1469 5302 1543 5362 mibi
1561 5305 1720 5370 defendere
1738 5317 1822 5389 quod

105 5407 171 5448 rem
187 5407 274 5465 aquae
283 5389 411 5447 virescit.
429 5390 462 5444 Et
474 5383 746 5460 quandotudaicus
757 5385 888 5457 populus
905 5384 936 5441 in
991 5399 1157 5442 nonessem
1165 5385 1275 5456 dignus
1285 5387 1379 5446 ullum
1386 5390 1821 5463 beneficiumteneredete.Nec

106 5494 210 5536 eremo
225 5479 326 5550 sitivit,
336 5482 435 5551 etprse
446 5471 645 5532 amaritudine
655 5486 752 5544 aquas
762 5470 864 5528 bibere
874 5488 937 5529 non
993 5473 1226 5548 sibicompetere
1240 5474 1369 5547 dicebat,
1381 5483 1576 5543 utmeadtale
1582 5489 1822 5560 judiciumexhi-

106 5569 214 5642 potuit,
226 5568 352 5640 jubente
367 5564 494 5623 Domino
517 5561 597 5620 misit
627 5563 742 5634 ltoyses
766 5558 882 5630 lignum
904 5559 935 5616 in
992 5561 1076 5620 beret
1088 5563 1151 5621 sine
1162 5568 1440 5643 conventuparium
1451 5589 1585 5635 suorum.
1598 5581 1665 5636 ttae
1676 5591 1821 5644 causaest

109 5672 233 5730 aquam,
244 5661 273 5715 et
281 5671 426 5714 conversa
438 5657 483 5710 est
494 5650 664 5711 amaritudo
676 5648 708 5708 ln
733 5647 934 5722 dulcedinem,
993 5665 1047 5711 cur
1058 5651 1110 5710 tibi
1126 5653 1165 5710 ad
1174 5653 1319 5728 placitum
1329 5673 1391 5717 non
1401 5663 1526 5722 occurri.
1538 5665 1685 5741 Seddete,
1698 5669 1821 5733 domine

396 5744 518 5801 Panos.
535 5739 620 5800 clii.
1555 5757 1589 5812 ³⁰
