3990 6184
136 155 204 211 ttae

133 281 204 345 Quae
219 275 313 333 sancti
328 272 441 330 meritis
451 272 559 329 nostris
572 278 641 329 suut
655 277 741 344 gesta
751 273 867 341 diebus

132 360 550 436 Aggrediorlibrumreliquis
575 362 778 434 superaddere
806 365 957 435 quartum.

133 459 196 512 Non
212 453 289 510 bene
300 451 481 526 compositos
491 455 574 506 notet
592 454 620 506 et
631 465 669 506 ue
684 449 758 506 forte
769 451 838 523 quis
846 449 922 519 illos,

832 139 908 198 VITA
932 141 960 199 S.
981 141 1146 200 lllCllAllll.

978 267 1044 324 Aln
1057 269 1155 325 studio
1168 274 1279 325 memet
1293 271 1386 326 fateor
1401 287 1470 326 enm
1485 270 1598 340 lingere
1617 272 1705 344 coepi,

1772 151 1840 208 ltro

1014 358 1125 414 Terncs
1141 373 1292 415 annorum
1307 358 1444 415 nondum
1458 358 1630 434 implevisse
1640 355 1757 416 dierum
1773 361 1839 432 (ts).

1587 628 1841 642 *n*

613 815 905 933 PROLOGUS
957 815 1355 906 leoclvlole.

131 1075 240 1127 Auctor
251 1076 403 1146 perpetues
413 1070 487 1127 lucis
497 1069 620 1140 largitor
633 1072 662 1127 et
678 1069 779 1136 index,

130 1163 282 1217 AEternum
301 1161 354 1217 tibi
368 1158 421 1232 qui
431 1161 539 1215 Natum
552 1157 702 1229 ingenitus
711 1156 851 1227 genuisti,

131 1251 183 1304 Per
194 1264 286 1321 quem
301 1248 394 1307 fecisti
409 1246 557 1321 quidquid
570 1245 705 1302 subsistit
716 1245 746 1300 in
757 1245 840 1316 orbe,

130 1337 297 1394 perlustras
312 1342 408 1394 totum
421 1341 524 1392 sancto
538 1336 592 1409 qui
607 1334 737 1392 Flumine
761 1332 922 1400 mundum,

130 1429 224 1494 Quem
241 1427 368 1484 credunt
379 1426 478 1483 cuncti
490 1425 594 1482 retinet
609 1441 685 1498 quos
700 1423 775 1480 ordo
801 1422 897 1480 fidelis
915 1439 921 1491 ;

130 1515 175 1573 Sic
189 1531 389 1589 personarum
404 1514 576 1569 distinctum
586 1512 708 1569 nomine
723 1516 817 1578 terno,
904 1517 908 1526 ⁴

131 1603 261 1676 Simplex
275 1607 306 1658 ut
322 1603 417 1658 Deitas
433 1605 554 1658 maneat
569 1601 622 1656 tibi
635 1615 755 1674 semper
769 1604 797 1656 et
820 1614 881 1656 una
897 1617 904 1665 ;

130 1695 274 1749 Monstras
287 1691 418 1763 antiquis
431 1691 531 1764 typica
543 1689 595 1762 qui
609 1689 675 1759 lege
687 1689 781 1746 beatis

132 1783 203 1847 Quae
216 1785 329 1836 reserat
342 1795 466 1836 sumens
482 1783 567 1835 lesus
582 1781 619 1834 de
629 1778 746 1848 Virgine
760 1793 882 1834 carnem
899 1796 906 1844 ;

132 1869 217 1927 Nenti
226 1869 349 1925 infunde
365 1885 440 1925 mere
450 1869 566 1924 donum
582 1868 700 1924 coeleste
711 1867 870 1937 benignus¹

132 1959 231 2031 Osqua
241 1958 322 2031 reple
334 1958 434 2030 laude,
450 1962 482 2013 ut
497 1957 611 2030 possim
625 1961 745 2013 cantare
769 1955 908 2011 decenter

132 2049 203 2112 Ouae
219 2062 273 2118 per
288 2047 458 2102 Richarium
473 2045 589 2116 gessisti
605 2043 682 2100 mira
695 2045 827 2100 beatum.

132 2133 212 2190 Sicut
223 2133 303 2188 enim
315 2149 447 2189 errorem
458 2133 592 2204 sequitur
606 2131 654 2188 cui
668 2135 699 2187 tu
710 2133 758 2188 via
777 2148 839 2189 non
868 2149 900 2188 es
916 2149 923 2200 ;

132 2223 178 2278 Sic
192 2222 356 2294 quisquam
367 2221 431 2276 sine
443 2226 469 2276 te
484 2221 591 2293 poterit
604 2220 646 2276 nil
660 2220 759 2276 dicere
773 2221 810 2275 de
826 2225 862 2276 te.

130 2314 206 2367 Voce
219 2311 344 2383 quidem
358 2311 430 2366 novi
441 2313 468 2366 tc
481 2310 704 2366 commonuisse
716 2310 870 2383 prophete

131 2400 272 2456 Dilatetur
286 2403 320 2455 ut
333 2416 378 2470 os,
391 2399 463 2472 quia
478 2399 517 2454 sis
528 2399 651 2472 implere
667 2404 797 2472 paratus.

130 2485 174 2540 ld
188 2486 439 2543 succlamandum
450 2491 635 2560 quapropter
650 2503 788 2560 praeparo
798 2486 934 2557 linguam
951 2503 957 2541 :

130 2577 173 2632 Da
186 2581 305 2646 gustare
314 2576 389 2633 mihi
401 2593 495 2650 qnam
512 2577 553 2633 sis
569 2577 668 2633 bonus
682 2582 771 2649 atque
797 2575 905 2644 suavis,

131 2668 166 2722 Ut
181 2665 300 2723 valeam
310 2671 415 2740 pastus
430 2658 514 2723 muta
528 2665 686 2723 dulcedine
696 2665 824 2723 verbum

131 2741 270 2811 Eructare
283 2755 412 2824 bonum,
425 2770 533 2812 canere
552 2761 580 2812 et
589 2755 744 2825 magnalia
759 2755 837 2826 regis

132 2846 243 2900 Cuncta
256 2845 462 2914 gubernantis,
477 2845 598 2917 quinos
613 2844 650 2901 de
665 2845 751 2902 fauce
763 2843 858 2901 leonis

132 2933 243 3006 Eripuit
255 2934 331 3004 tetri,
347 2935 434 3007 cujus
450 2935 559 3007 pietate
575 2934 664 2990 soluti

131 3021 270 3078 Avinclis
284 3022 400 3090 mortis,
414 3023 480 3079 coeli
492 3038 583 3096 super
597 3027 677 3079 astra
685 3022 831 3080 levamur.

131 3114 208 3166 Nutu
221 3125 353 3184 namquo
369 3110 545 3168 tuocoelum
555 3111 715 3168 volvuntur
740 3117 769 3168 et
778 3115 870 3180 astra,

130 3197 234 3254 Tendit
248 3197 362 3255 adalta
376 3198 464 3268 ignis,
477 3203 622 3255 terrarum
632 3199 754 3272 pondus
769 3199 808 3256 ad
834 3199 906 3273 ima,

131 3288 162 3341 ln
177 3301 262 3342 mare
277 3292 453 3342 cunctarum
470 3302 576 3342 cursus
598 3286 717 3343 festinat
732 3303 883 3361 aquarum
899 3308 905 3344 :

131 3375 238 3432 Omnia
251 3374 364 3431 claudit
378 3375 485 3442 hiems,
498 3375 655 3432 solvrmtur
668 3381 696 3432 et
711 3377 814 3432 omnia
828 3393 905 3445 vere,

131 3463 252 3518 AEstatis
268 3462 365 3519 fervor
380 3469 527 3520 terrarum
541 3463 656 3520 semina
671 3463 774 3532 siccat,

130 3552 244 3606 Decutit
256 3550 373 3606 arboris
392 3551 505 3608 fructus
521 3554 686 3607 autumnus
700 3552 846 3609 honorem
864 3571 870 3608 :

130 3639 267 3694 Nascitur
280 3641 371 3709 atque
384 3639 458 3693 nihil
474 3643 588 3694 naturae
600 3641 630 3694 in
643 3640 735 3696 rebus
754 3641 869 3708 haberi,

131 3727 215 3792 Quod
231 3730 451 3799 praeceptorum
466 3731 640 3782 contemnat
651 3728 737 3798 jussa
758 3735 887 3785 tuorum.

130 3818 251 3871 Errores
267 3818 390 3870 cunctos
406 3812 445 3870 da
463 3830 511 3870 me
525 3814 618 3871 vitare
629 3815 764 3885 nocivos,

167 3907 201 3960 Ut
213 3907 323 3976 pateat,
339 3903 466 3972 duecte,
485 3917 605 3976 semper
620 3904 692 3960 mihi
707 3905 813 3961 semita
828 3904 905 3960 vitre.

180 3996 200 4047 l.
219 3993 304 4061 Quod
316 3998 454 4049 sanctum
463 3999 567 4063 patres
585 3999 755 4063 genuerunt
768 3995 909 4064 religiosi.

131 4081 158 4135 Si
174 4079 242 4152 quis
258 4082 442 4136 Francorum
458 4079 589 4136 studiose
603 4086 687 4150 gesta
701 4081 836 4153 priorum

133 4172 286 4227 Scrutatus
298 4169 395 4235 fuerit,
412 4169 505 4226 discet
516 4170 658 4228 bellando
682 4170 852 4244 frequenter

132 4258 245 4314 Primos
258 4257 430 4314 barbaricas
445 4273 530 4328 reges
543 4273 699 4332 superasse
714 4264 848 4316 catervas
863 4277 869 4327 ;

132 4347 238 4419 Sicque
264 4345 448 4416 [lagobertus
470 4363 597 4418 regnum
614 4349 743 4405 tenuisse
757 4349 867 4421 quiete,

133 4435 193 4491 uici
208 4441 240 4491 ut
252 4435 395 4508 pacificus
409 4441 510 4509 posset
525 4437 727 4512 salomonque
743 4437 903 4494 secundus.

132 4527 197 4596 lpse
211 4539 304 4580 manu
318 4525 402 4595 larga
412 4525 533 4598 populis
548 4525 705 4598 popularia
719 4525 800 4582 dona

131 4612 269 4679 Praebuit,
284 4618 313 4667 et
327 4611 453 4682 dignum
464 4613 568 4670 Christi
584 4613 677 4670 servis
698 4613 886 4672 famulatum,

131 4699 267 4754 Pluribus
283 4699 374 4771 inque
385 4699 459 4755 locis
472 4705 556 4757 terrae
570 4716 687 4776 coepere
702 4701 799 4757 coloni

130 4791 211 4844 Tunc
221 4788 301 4843 edes
312 4787 437 4842 fundare
453 4805 564 4856 sacras,
580 4795 608 4846 et
619 4790 787 4860 relligiosus

130 4877 263 4933 accrevit
277 4876 403 4931 Domino
418 4875 558 4949 populus.
573 4879 637 4944 Ouo
648 4883 781 4952 tempore
808 4879 923 4952 frdgens

132 4965 245 5020 lucifer
259 4964 412 5020 astriferas
427 4963 503 5020 sicut
515 4965 686 5037 resplendet
700 4967 730 5024 in
744 4985 843 5036 aurae,

131 5053 240 5111 Claruit
252 5053 283 5108 in
297 5052 364 5109 villa
378 5053 465 5110 claris
481 5067 496 5108 e
511 5053 646 5126 patribus
661 5062 753 5126 ortus,

130 5141 255 5199 Laribus
270 5159 287 5198 a
304 5147 423 5198 eentum
440 5141 535 5198 fuerat
545 5157 611 5214 que
627 5145 749 5201 Centula
760 5147 850 5220 dicta,

131 5229 260 5286 tlharum
276 5229 429 5286 flicharius
443 5229 557 5286 cunctis
568 5234 597 5284 et
606 5230 737 5286 amabile
750 5234 861 5306 pignus
879 5254 885 5290 :

131 5318 162 5373 ln
175 5334 236 5391 quo
251 5319 392 5375 nobilitas
408 5319 524 5388 generis
535 5334 590 5374 nco
604 5319 669 5375 sola
691 5320 813 5388 refulsit,

1013 1067 1141 1124 ltoribus
1156 1069 1187 1125 in
1202 1070 1311 1126 sanctis
1324 1068 1489 1143 permansit
1502 1067 1632 1139 denique
1649 1068 1803 1134 constans,

1013 1159 1048 1212 Ut
1062 1157 1156 1213 laicus
1168 1158 1234 1214 vitm
1250 1161 1363 1229 gereret
1374 1157 1524 1231 praesagia
1539 1159 1659 1212 sanctie.

1013 1250 1045 1302 ll.
1061 1248 1202 1319 Arripuit
1214 1251 1321 1307 entim
1348 1249 1454 1320 quibus
1480 1245 1683 1304 erudientibus
1710 1247 1838 1299 arctum.

1012 1338 1094 1392 Tunc
1105 1341 1134 1392 et
1149 1339 1289 1394 Pontivus
1302 1336 1410 1393 meruit
1425 1334 1632 1408 splendescere
1653 1345 1751 1403 pagus

1013 1427 1096 1482 Forte
1112 1427 1302 1484 sacerdotum
1315 1427 1439 1484 radians
1456 1424 1570 1495 fulgore
1598 1423 1749 1478 duorum:

1012 1519 1127 1572 Nomen
1139 1517 1264 1588 majoris
1274 1531 1404 1589 quorum
1418 1514 1515 1570 fuerat
1530 1515 1678 1579 Carnoeus,

1013 1604 1154 1676 Egregios
1167 1604 1278 1661 meritis
1292 1621 1370 1678 quos
1385 1603 1466 1660 misit
1477 1601 1616 1658 Hibernia
1632 1598 1732 1658 nobis.
1833 1643 1840 1660 ,

978 1708 1000 1764 g
1015 1696 1056 1748 Ex
1069 1692 1143 1765 ipsis
1155 1692 1288 1766 populus
1302 1697 1437 1749 temnens
1451 1691 1554 1747 audire
1571 1688 1708 1755 salutem,

1012 1786 1076 1839 Nou
1091 1782 1195 1855 recipit
1207 1782 1307 1852 digne,
1321 1782 1414 1852 digno
1429 1797 1484 1837 neo
1499 1781 1605 1836 tractat
1614 1779 1740 1843 honore,

1015 1870 1072 1928 Sed
1082 1869 1180 1941 magis
1196 1886 1214 1927 a
1228 1870 1356 1943 propriis
1369 1870 1460 1942 coepit
1473 1866 1621 1940 depellere
1636 1865 1733 1922 metis.

1013 1959 1146 2023 Quorum
1162 1957 1291 2014 crudelis
1308 1961 1446 2013 sanctum
1464 1954 1600 2011 violentia
1615 1953 1710 2009 movit

995 2045 1198 2118 .Richarium,
1211 2050 1240 2103 et
1251 2047 1348 2116 jnstos
1358 2045 1479 2118 rapiens
1491 2060 1509 2100 a
1523 2042 1610 2116 plebe
1626 2039 1716 2098 feroci

1013 2136 1179 2208 Hospitium
1193 2136 1305 2203 tribuit,
1319 2135 1421 2203 tenuit,
1438 2133 1569 2205 lavitque
1594 2131 1735 2202 benigne,

1012 2225 1192 2297 Disponente
1205 2227 1276 2290 Deo,
1290 2240 1352 2296 quo
1365 2222 1551 2279 salvarentur
1566 2220 1693 2291 utrique.

1014 2315 1240 2385 Succensusque
1254 2312 1306 2368 diu
1318 2312 1421 2368 divino
1435 2310 1548 2366 lumine
1563 2309 1691 2380 lychnus

1013 2406 1070 2458 Nec
1085 2401 1184 2458 claudi
1199 2401 1301 2472 valuit,
1314 2401 1416 2457 radios
1427 2399 1480 2456 sed
1494 2399 1525 2455 in
1541 2397 1644 2470 ampla
1673 2393 1804 2451 tetendit.

1012 2493 1147 2562 Namque
1160 2490 1333 2562 peregrinos
1346 2494 1508 2562 postquam
1521 2485 1653 2557 suscepit
1674 2483 1704 2538 in
1732 2481 1839 2549 edem,

1013 2578 1087 2652 lpsis
1102 2593 1262 2651 corporeos
1275 2582 1413 2652 sumptus
1427 2576 1552 2648 largitur
1567 2575 1607 2631 ab
1616 2573 1689 2646 ipsis

1015 2666 1162 2725 Sollicitus
1175 2668 1242 2724 vite
1253 2667 1374 2741 capiens
1387 2665 1567 2738 compendia
1577 2667 1696 2720 sanctas.

1014 2760 1071 2813 Nec
1086 2756 1172 2813 tellus
1188 2757 1292 2813 sterilis
1302 2755 1435 2831 percepit
1449 2754 1564 2811 semina
1578 2752 1680 2810 verbi:

1015 2846 1073 2903 Sed
1086 2846 1180 2903 menti
1188 2845 1322 2916 inseruit,
1338 2845 1435 2902 earnis
1450 2842 1534 2916 quod
1548 2841 1677 2914 sumpsit
1688 2841 1728 2897 ab
1756 2854 1838 2906 aure,

1014 2934 1199 3007 Quamplura
1213 2939 1242 2990 et
1252 2933 1358 2991 Christi
1369 2932 1501 3007 portavit
1513 2931 1553 2988 ad
1562 2931 1670 2987 horrea
1685 2943 1790 2999 grana.

1082 3025 1129 3078 lll.
1146 3023 1282 3090 Qualiter
1296 3028 1410 3080 arcete
1425 3021 1543 3092 defleuit
1555 3020 1683 3076 camina
1696 3017 1790 3094 cite.¹

1017 3111 1063 3167 Sic
1075 3126 1197 3184 quoque
1206 3110 1437 3183 magniloquum
1451 3113 1555 3164 sancta
1569 3107 1683 3164 ratione
1709 3105 1842 3160 virorum

1017 3199 1191 3272 Coeleslique
1203 3199 1292 3255 simul
1307 3203 1402 3256 tactus
1417 3196 1580 3271 spiramine
1596 3197 1730 3262 sanetus,

1015 3291 1108 3346 Mente
1122 3289 1172 3362 pia
1186 3287 1315 3362 proprias
1326 3287 1431 3361 pandit
1445 3285 1620 3360 peccamina
1634 3284 1722 3350 vitae;

1014 3379 1110 3449 Atque
1119 3377 1269 3448 juventuti
1283 3376 1392 3450 siquid
1405 3375 1511 3432 vitiosa
1525 3373 1663 3446 voluptas

1015 3464 1175 3521 Contulerit
1187 3465 1294 3538 culpe,
1307 3464 1510 3536 lacrymarum
1525 3461 1648 3517 flumine
1658 3457 1752 3528 tersit,

1014 3553 1241 3627 hospitiumque
1254 3557 1312 3610 ileo
1322 3553 1394 3626 quia
1406 3552 1463 3608 sub
1476 3549 1573 3624 specie
1588 3545 1771 3604 famidorum

1014 3643 1156 3712 Praestitit,
1171 3644 1265 3716 ipsius
1280 3642 1335 3699 fuit
1348 3659 1367 3699 a
1381 3641 1488 3716 pietate
1503 3643 1650 3710 receptus.

1050 3735 1165 3787 Extunc
1179 3731 1307 3803 sumpsit
1316 3731 1396 3787 enim
1410 3728 1576 3804 primordia
1598 3723 1769 3795 relligionis,

1015 3820 1091 3875 Nore
1106 3823 1134 3874 et
1149 3819 1313 3891 apostolico
1325 3823 1511 3890 postponens
1523 3815 1689 3888 posteriora

1014 3906 1176 3962 Prudenter
1189 3921 1253 3961 sese
1266 3905 1403 3978 rapiebat
1416 3905 1446 3959 in
1456 3903 1606 3959 anteriora
1620 3919 1626 3954 :

1014 3994 1218 4067 versiculique
1231 4009 1348 4050 memor
1361 3992 1524 4048 Psalmistae
1535 3987 1733 4054 vaticinantis,

1014 4083 1069 4149 Qui
1080 4082 1204 4138 transire
1219 4080 1307 4138 refert
1321 4097 1339 4137 a
1353 4080 1458 4136 virtute
1471 4079 1511 4135 ad
1523 4077 1663 4134 virtutem
1844 4139 1848 4146 ,

1015 4171 1138 4239 Electus,
1152 4169 1313 4227 Dominum
1327 4173 1359 4226 ut
1371 4167 1515 4242 quivisset
1529 4165 1610 4223 adire
1625 4166 1761 4222 deorum.

1014 4264 1058 4318 lv.
1069 4260 1154 4329 Quod
1167 4259 1388 4330 pottensmutta
1401 4263 1444 4314 est
1456 4259 1557 4327 sactus
1572 4254 1839 4311 virtutesccerdos.

1014 4353 1082 4407 Post
1093 4366 1124 4406 se
1139 4348 1251 4406 carnali
1263 4353 1380 4404 tantrun
1393 4347 1520 4403 frenavit
1535 4343 1574 4401 ab
1601 4359 1680 4411 esca,

1016 4442 1050 4496 Ut
1064 4454 1172 4511 corpus
1184 4437 1285 4512 potins
1300 4437 1425 4493 nutriret
1436 4451 1530 4509 quam
1545 4433 1664 4490 satiaret

1014 4531 1169 4586 Lassatum
1184 4527 1281 4597 longis
1294 4526 1405 4599 jejunis
1418 4525 1525 4581 robore
1539 4521 1628 4595 panis

1014 4616 1169 4690 conjuncti
1185 4616 1287 4686 cineri,
1303 4613 1444 4686 lacrymis
1462 4615 1550 4668 aucto
1566 4623 1688 4681 quoque
1701 4610 1785 4680 potu.

1013 4709 1133 4780 Hocque
1148 4705 1215 4762 cibo
1231 4707 1338 4769 tentus,
1353 4715 1475 4757 carnem
1486 4697 1595 4754 servire
1608 4696 1705 4766 coegit

1014 4795 1144 4868 Spiritui,
1159 4807 1301 4867 pugnans
1316 4789 1392 4846 aeris
1405 4803 1461 4844 neo
1476 4786 1601 4861 percidit
1615 4801 1713 4852 auras

1013 4884 1070 4940 Sed
1080 4899 1189 4954 corpus
1202 4879 1297 4948 fregit,
1314 4877 1371 4934 sub
1386 4876 1600 4948 servitiumque
1615 4872 1727 4944 redegit
1742 4891 1748 4929 :

1014 4971 1158 5028 Doctrfnru
1173 4967 1276 5026 Christi
1288 4967 1365 5023 lator
1379 4983 1417 5022 ne
1432 4965 1505 5021 forte
1523 4963 1649 5034 futurus,

1014 5065 1037 5113 Α
1052 5073 1208 5132 quoquam
1221 5073 1257 5113 cx
1272 5057 1374 5129 aliquo
1390 5058 1491 5128 posset
1504 5053 1692 5127 reprobarier
1706 5055 1784 5107 actu.

1048 5146 1100 5202 His
1113 5145 1202 5218 igitur
1216 5145 1379 5216 muttisque
1394 5142 1459 5199 aliis
1475 5141 1657 5216 profectibus
1670 5144 1785 5208 auctus,

1014 5238 1122 5293 Sancta
1137 5232 1300 5290 sacerdotis
1311 5233 1352 5288 sic
1367 5231 1406 5288 ad
1421 5231 1538 5302 fastigia
1553 5229 1652 5286 venitt

1013 5324 1161 5382 Christum
1171 5323 1268 5396 utqui
1282 5327 1440 5395 promptus
1455 5321 1551 5377 fuerat
1557 5335 1610 5392 per
1622 5318 1710 5391 plura
1718 5317 1837 5388 referre,

168 5495 222 5566 (tt)
249 5495 311 5551 Hoc
334 5501 380 5552 est
401 5497 539 5554 nondum
566 5496 739 5572 implevisse
769 5503 827 5556 tres
850 5515 1001 5560 annornm
1023 5500 1242 5569 hebdomadas,
1260 5516 1315 5556 seu
1328 5515 1425 5556 annos
1440 5513 1534 5554 unum
1549 5502 1578 5554 et
1586 5495 1700 5568 viginti,
1722 5495 1839 5554 sirecte

132 5563 312 5623 divinamus.
