3996 6186
215 161 265 215 tat
701 153 855 211 DUBONIS
873 148 1002 208 DECANI
1021 149 1049 205 S.
1070 149 1225 216 oblatrat
1241 152 1441 212 VIROHAND.
1880 148 1926 206 aa

217 295 257 334 sar
279 276 476 335 multitudinis
496 275 629 346 legiones
651 275 803 334 Britonum
826 274 1044 332 northmanno·
1063 275 1172 332 lvere
1186 290 1241 349 per
1251 273 1407 332 lisciacum
1417 271 1564 344 linguam,
1575 286 1643 344 quae
1653 267 1797 326 dicebant
1805 265 1926 326 subean-

216 381 345 439 rumque
370 364 513 420 militibus
528 365 739 438 praecellentes,
755 367 932 438 stupuerunt
946 360 985 420 ad
999 361 1046 417 in=
1101 369 1216 438 nantes,
1230 362 1424 436 intelligendo
1445 360 1599 426 subaudit,
1615 375 1846 434 parumperque
1856 374 1926 415 eom

217 455 313 511 vicem
336 452 487 510 dicentes:
516 476 530 504 «
545 455 621 520 Quid
643 455 737 512 nostri
752 453 893 512 exercitui
910 455 939 509 et
952 451 1047 508 huic‘l
1101 459 1201 512 motus
1221 455 1266 513 ira
1281 453 1418 522 discedit,
1433 456 1462 509 et
1475 465 1675 525 quecumque
1697 465 1768 522 rege
1792 452 1925 506 namante

219 543 249 602 si
263 543 337 601 forta
355 541 432 600 inter
445 559 502 600 nos
514 548 544 600 et
556 543 622 601 illos
634 543 769 617 jurgium
783 543 907 614 venerit,
920 541 1047 598 devora·
1102 543 1225 617 audivit,
1254 543 1319 615 regi
1346 540 1493 617 exposuit.
1522 539 1655 598 masma
1678 554 1748 596 vero
1779 536 1833 594 die
1859 537 1925 608 regis

217 633 294 690 bunt
314 648 370 689 nos
393 636 427 689 ut
444 648 540 705 agnos
555 632 628 707 lupi.
642 655 656 684 a
678 633 723 690 Ab
738 633 808 690 hinc
823 632 909 705 Hugo
924 634 1047 702 llagnus
1103 630 1254 701 ludovici,
1269 629 1421 706 pergentis
1443 629 1484 687 ad
1508 628 1652 703 placitum
1673 643 1743 684 cum
1767 624 1925 684 incredibili

218 724 248 778 et
260 720 429 779 lleribertus
448 738 550 780 comes
570 723 724 794 jusserunt
747 737 884 779 seorsum
904 718 1045 794 equitare⁸
1103 724 1132 777 et
1154 720 1366 778 innumerabili
1389 719 1530 788 exercitu,
1546 717 1720 775 Guillelmus
1739 731 1926 790 praeoccupa·

220 814 311 883 atque
323 809 539 869 interdixerunt
548 811 690 868 exercitui
700 809 846 868 Guillelmi
855 807 972 866 nullum
983 822 1038 864 suo
1103 809 1146 866 vit
1155 810 1329 868 adventum.
1342 807 1525 866 Willelmidae
1535 822 1606 864 vero
1618 805 1828 881 precedentes
1841 803 1925 861 hostia

220 914 289 955 rum
304 897 507 956 commiscere.
532 901 600 956 Erat
613 915 686 956 vero
701 915 771 956 cum
785 895 1050 954 innumerabilium
1104 898 1225 971 domus,
1250 916 1313 974 qua
1340 915 1391 956 rex
1420 897 1575 955 Heinrlcus
1597 895 1758 964 residebat,
1781 897 1926 966 ooepcrunt

220 986 388 1060 frequentia
403 988 588 1044 exercituum
600 1002 653 1043 rex
667 986 822 1044 Heinrlcus
836 987 866 1042 in
879 985 945 1042 loco
961 998 1050 1058 super
1104 988 1242 1059 frangere
1253 988 1391 1062 parietes,
1407 986 1594 1060 disrumpere
1618 989 1647 1042 et
1667 981 1825 1049 divellere,
1850 985 1926 1053 atqua

221 1078 333 1133 llosam
356 1075 410 1149 qui
429 1076 537 1133 dicitur
562 1079 712 1148 vensegus
733 1077 886 1148 (Vouzicrs
904 1076 945 1132 od
965 1075 1046 1130 aao·
1105 1077 1186 1133 intus
1204 1077 1233 1134 vi
1249 1080 1278 1133 et
1299 1079 1443 1151 potestate
1461 1073 1600 1131 residere.
1616 1076 1677 1130 lter
1692 1087 1764 1128 vero
1781 1069 1925 1126 Heinrlcus

221 1164 313 1236 nom).
332 1164 599 1239 appropinquante
620 1180 689 1221 vero
709 1179 779 1237 rege
800 1163 983 1222 luthdovico
1007 1161 1047 1218 ad
1105 1166 1225 1222 illorum
1238 1169 1375 1223 metuens
1387 1165 1545 1239 impetum,
1555 1161 1674 1234 divertit
1685 1176 1717 1217 se
1730 1158 1881 1235 profugus
1895 1156 1926 1212 ad

221 1252 398 1327 predictum
407 1252 790 1328 placitiloeum,entccessit
798 1252 1049 1311 Guillelmuseum
1106 1255 1197 1313 abam
1222 1251 1755 1327 domum,dixit1ueadcononem
1784 1247 1926 1306 conedam

221 1341 393 1415 quingentis
405 1342 559 1414 militibus,
569 1360 625 1401 suo
639 1344 755 1402 monitu
763 1343 949 1419 precedente
958 1344 1051 1399 Ceno
1109 1349 1290 1402 secretorum
1304 1358 1429 1400 suorum
1443 1361 1450 1400 r
1466 1344 1563 1410 «Hoc,
1578 1345 1612 1398 ut
1620 1354 1698 1411 reor,
1714 1336 1864 1412 placitum
1877 1348 1927 1391 non

221 1444 260 1485 ue
275 1428 351 1486 duee
363 1435 393 1487 et
403 1431 622 1504 praenuntiante
635 1432 700 1504 regi
714 1432 761 1490 bis
775 1422 871 1489 verbis
886 1431 1050 1489 adventum
1108 1433 1196 1492 nobis
1209 1432 1316 1491 efficax
1326 1447 1424 1505 neque
1438 1445 1618 1502 congruum,
1628 1429 1925 1486 verumverteturnc

222 1518 310 1590 ejus:
327 1540 341 1570 ιι
353 1520 482 1578 llarchio
497 1520 620 1594 duxque
635 1522 910 1579 Northmannorum
924 1519 1052 1577 etBrito-
1106 1522 1152 1579 bis
1167 1521 1206 1578 ad
1220 1519 1443 1595 corruptionem
1464 1521 1493 1576 et
1513 1517 1553 1575 ad
1573 1516 1738 1588 interitum,
1755 1512 1833 1589 quin
1850 1511 1926 1568 etiam

222 1621 298 1664 num
313 1608 485 1667 Guillelmus
499 1609 603 1667 fideles
623 1611 676 1668 tibi
696 1610 727 1668 in
750 1610 863 1669 Christo
877 1609 1050 1667 tumulatus
1066 1630 1087 1684 g
1106 1611 1146 1668 ad
1155 1610 1291 1668 deducus
1300 1607 1576 1676 inauditumilade,
1585 1606 1637 1664 dic
1646 1603 1794 1662 willelmo
1804 1600 1925 1660 omniun

226 1694 336 1753 Nolens
350 1712 399 1753 me
422 1697 548 1754 retinere
560 1714 617 1772 pro
640 1698 756 1766 obside,
771 1701 969 1756 sacrosanctae
983 1695 1054 1753 tidei
1106 1700 1253 1758 ditissimo
1273 1696 1354 1769 duci,
1370 1702 1404 1755 ut
1417 1695 1488 1767 fide,
1503 1712 1597 1770 quam
1619 1695 1771 1752 internos
1793 1695 1925 1754 tenemus,

224 1787 283 1840 tue
294 1785 397 1840 tenore
410 1784 492 1840 venit
506 1785 545 1841 ad
561 1790 599 1854 te,
614 1785 756 1859 cupitque
768 1785 842 1861 quid
854 1785 1007 1858 agendum
1017 1784 1054 1842 sit
1108 1789 1295 1846 stomachato
1308 1787 1428 1844 resistat
1439 1784 1590 1854 exercitui,
1606 1799 1644 1842 ne
1659 1782 1794 1858 amplius
1815 1780 1925 1838 disrum-

223 1871 300 1928 inter
314 1875 342 1927 te
355 1880 383 1929 et
395 1887 499 1942 regem
513 1873 699 1931 ludovicum
707 1874 866 1949 inquirere.
877 1898 892 1926 a
907 1878 988 1932 tunc
1000 1889 1053 1931 rex
1108 1881 1182 1953 pant
1195 1875 1322 1950 parietes
1336 1877 1549 1948 conterantque
1572 1874 1670 1929 hostra
1693 1870 1765 1928 teeti
1777 1868 1883 1935 nostri;
1895 1881 1924 1922 ne

224 1958 397 2016 Heinrlcus:
414 1982 428 2010 κ
437 1961 529 2032 cujus
541 1963 695 2035 potestatis
709 1965 832 2036 cujusve
846 1963 1000 2035 dignitatis
1008 1962 1054 2020 vel
1110 1964 1184 2022 torte
1208 1969 1351 2022 nascatur
1367 1964 1503 2037 jurgium
1526 1961 1603 2018 inter
1623 1960 1762 2034 dispares
1783 1956 1924 2028 vanosque

224 2047 348 2104 honoris
360 2053 450 2123 atque
462 2049 604 2107 bonitatis
617 2056 661 2109 est
674 2053 728 2109 iste
742 2052 924 2121 Guillelmus,
933 2052 987 2126 qui
997 2051 1053 2109 mi·
1109 2054 1219 2126 linguis
1231 2054 1396 2128 habituque
1406 2058 1435 2111 et
1448 2051 1550 2110 armis.
1564 2073 1578 2102 a
1593 2053 1659 2108 llox
1672 2051 1756 2108 cono
1771 2045 1923 2123 prosiliens,

224 2137 256 2193 hi
266 2137 362 2207 gratia
374 2138 512 2197 amicitiae
524 2143 767 2199 estconnexusi»
781 2142 962 2216 Respondit:
976 2164 990 2191 ι
1000 2144 1056 2200 lla·
1109 2142 1242 2200 obviavit
1265 2141 1336 2198 duci
1357 2140 1514 2199 Guillelmo
1526 2139 1655 2198 venienti
1669 2137 1710 2197 ed
1724 2136 1875 2212 placitum,
1890 2147 1923 2188 rs

225 2241 293 2298 gne
307 2226 456 2299 patientie
471 2233 500 2286 et
511 2229 643 2301 justitie,
659 2247 839 2307 magnaque
862 2231 1014 2304 potestatis
1027 2233 1057 2287 et
1110 2231 1233 2304 tulitque
1257 2233 1285 2288 ei
1308 2247 1375 2306 que
1398 2230 1445 2288 sui
1466 2228 1670 2304 precedentes
1691 2227 1836 2284 iecerunt
1857 2226 1923 2280 ltine

197 2386 203 2397 Ι
227 2313 423 2385 sufficientiae,
439 2318 603 2392 magnique
624 2325 653 2376 et
665 2319 793 2377 inauditi
805 2320 930 2378 honoris
945 2324 974 2378 et
986 2335 1056 2394 pru-
1111 2319 1283 2378 Guillelmus
1305 2320 1376 2378 duci
1402 2319 1532 2377 Cononis
1562 2340 1577 2369 a
1591 2322 1631 2375 lte
1652 2320 1691 2386 et,
1712 2319 1748 2374 ut
1764 2331 1832 2374 meo
1848 2314 1924 2387 jussu

226 2403 346 2462 dentiae.
363 2405 527 2481 Nullusque
541 2423 604 2480 rea,
619 2408 676 2466 nisi
695 2413 736 2478 tu,
750 2409 911 2484 nullusque
924 2408 987 2466 dux
1005 2425 1055 2466 co-
1112 2408 1278 2480 discedant‚
1309 2409 1351 2467 eis
1381 2408 1505 2466 dicite.»
1542 2407 1585 2464 llli
1620 2409 1723 2464 autem
1756 2399 1922 2462 advenientis

226 2509 329 2553 meave
344 2498 407 2552 tam
430 2497 612 2568 magnificus
635 2502 669 2556 ut
690 2498 871 2556 Guillelmus.
885 2498 1056 2574 Principum
1114 2498 1244 2556 Cononis
1259 2497 1356 2568 ducis,
1376 2501 1406 2555 et
1427 2496 1576 2572 precantia
1600 2499 1633 2552 ut
1654 2493 1849 2563 discederem,
1862 2505 1923 2564 pre

226 2587 430 2657 tyronumque
443 2585 610 2660 frequentia
624 2587 730 2646 sedula
742 2589 940 2662 constipatus,
957 2588 1056 2645 aureis
1112 2593 1234 2662 ceptum
1265 2603 1327 2645 non
1359 2585 1459 2644 solum
1491 2586 1681 2658 respuerunt,
1710 2597 1818 2640 verum
1848 2578 1921 2635 etiam

226 2671 308 2728 vasis
319 2672 496 2748 poculisque
509 2675 664 2748 splendide
675 2677 823 2751 epulatur,
834 2692 1057 2751 vernarumque
1112 2676 1183 2733 ioris
1206 2675 1260 2749 qui
1281 2675 1432 2743 astabant,
1457 2678 1580 2732 caeteram
1600 2672 1711 2730 domus
1736 2685 1806 2728 cum
1827 2681 1922 2736 magno

227 2761 376 2819 nobilium
391 2769 480 2836 etque
496 2781 653 2822 servorum
666 2767 846 2823 multimoda
856 2767 1059 2838 exaggeratio·
1112 2765 1228 2838 impetu
1241 2769 1271 2822 et
1284 2780 1439 2822 murmure
1463 2762 1643 2837 dissipantes
1664 2761 1844 2818 invaserunt
1859 2759 1921 2822 Oua·

229 2867 267 2907 ne
282 2850 629 2925 circumseptus‚exercet
640 2856 710 2926 jura
724 2856 904 2929 decretaque
914 2857 1058 2912 hortodo-
1113 2858 1235 2928 propter
1260 2856 1342 2912 Cone
1368 2851 1467 2910 statim
1490 2850 1598 2924 rapido
1612 2849 1770 2923 velocique
1787 2844 1921 2904 cursulte·

227 2955 337 2996 xorum
347 2941 467 2996 Patrum
481 2942 613 2999 sedulus.
630 2947 722 3000 Nemo
733 2944 841 3016 justior
851 2945 881 3002 in
896 2945 990 3014 iactis,
1006 2961 1058 3002 ne·
1074 2986 1095 3042 c
1114 2959 1183 3000 rum
1197 2942 1317 3017 expetiit
1334 2941 1443 2998 ducem
1458 2938 1659 3008 Guillelmum,
1675 2954 1747 2994 cum
1768 2930 1921 3008 reliquata

229 3042 281 3084 mo
295 3027 426 3084 sanctior
449 3029 480 3086 in
501 3030 597 3099 dictis,
613 3048 703 3090 nemo
727 3034 876 3106 potentior
897 3034 928 3090 in
954 3034 1058 3091 armis.
1114 3031 1255 3103 gionlbus
1264 3030 1559 3105 adpropinquantem
1572 3027 1611 3085 ed
1623 3026 1778 3101 placitum,
1790 3022 1918 3092 diutouffl

230 3114 334 3173 Nullus
349 3116 441 3174 audet
462 3118 511 3175 alii
534 3119 565 3176 in
579 3136 674 3192 regno
689 3139 745 3180 suo
759 3123 969 3197 prejudicium
984 3122 1060 3180 laee—
1115 3144 1129 3171 α
1144 3120 1298 3178 Guillelme
1325 3120 1389 3177 dux
1415 3116 1693 3193 praepotentissime,
1719 3113 1861 3173 noluerunt
1881 3104 1916 3162 lul

228 3219 270 3272 re,
287 3205 387 3262 nullus
413 3205 526 3265 lurtum
551 3214 579 3266 et
603 3210 793 3283 sacrilegium
818 3217 1000 3286 perpetrare.
1017 3211 1061 3268 tli-
1114 3227 1183 3268 meo
1208 3212 1296 3284 jussu
1332 3210 1441 3268 domos
1478 3207 1636 3280 dimittere,
1662 3221 1767 3262 verum
1796 3197 1917 3258 testinanl

229 3299 304 3352 vunt
325 3296 430 3354 incolae
444 3301 529 3355 terrae
544 3298 622 3356 illius
636 3300 754 3373 legibus
768 3299 869 3358 afflicti
884 3302 1059 3371 concordes,
1114 3305 1238 3358 caeteras
1266 3299 1464 3373 disrumpere.
1493 3300 1599 3354 Precor
1626 3295 1803 3352 humotenus
1826 3289 1918 3352 lienus,

229 3384 417 3460 decretisque
431 3392 605 3445 sanatorum
628 3393 749 3447 Petrum
772 3389 890 3447 coerciti
905 3397 1060 3447 morantur
1113 3405 1152 3447 ne
1177 3389 1258 3446 sinas
1290 3387 1363 3446 talia
1394 3386 1468 3456 fieri,
1502 3402 1540 3443 ne
1567 3385 1642 3442 iorte
1674 3386 1811 3440 nascatur
1839 3373 1921 3432 aedas

228 3473 418 3530 unanimes.»
430 3478 565 3549 Cumque
575 3477 695 3534 alternis
706 3477 1009 3535 sermocinationibus
1019 3479 1060 3535 vi-
1113 3478 1250 3536 inaudita
1269 3479 1299 3535 in
1326 3477 1423 3552 plebe.
1434 3499 1449 3528 a
1476 3479 1557 3532 Tunc
1583 3473 1755 3532 Gulllelmus
1780 3481 1875 3526 ensem
1891 3478 1922 3520 ex

230 3560 329 3616 eissim
344 3561 547 3635 loquerentur,
563 3565 685 3622 advenit
698 3565 873 3624 Guillelmus
887 3582 957 3623 cum
973 3567 1060 3642 quin·
1115 3567 1180 3626 euri
1207 3583 1259 3624 sex
1287 3566 1371 3622 libris
1400 3565 1432 3622 in
1468 3563 1578 3638 capulo
1609 3561 1814 3632 bratteolisque
1843 3559 1924 3625 atque

229 3648 325 3720 gentis
338 3649 492 3706 militibus.
514 3654 596 3709 Cono
618 3652 681 3710 dux
708 3659 741 3710 ut
764 3654 879 3712 audivit
897 3655 1059 3730 adventum
1114 3657 1205 3715 bullis
1221 3655 1412 3714 artificialiter
1433 3653 1667 3727 mirabiliterque
1685 3649 1835 3722 scripum.
1849 3639 1926 3698 dedii

229 3737 305 3808 ejus,
317 3737 402 3795 citius
418 3740 535 3812 exsiliit,
551 3756 715 3816 ensemque
736 3744 802 3814 ejus
823 3743 960 3818 fideliter.
982 3760 1061 3801 rece·
1116 3746 1239 3814 cononi,
1253 3749 1285 3802 ul
1298 3744 1409 3802 indicio
1423 3742 1554 3801 exeundi
1568 3741 1696 3800 deterret
1715 3755 1781 3796 eum
1801 3739 1828 3792 et
1839 3737 1925 3792 osten·

229 3825 284 3901 pit,
297 3831 326 3885 et
346 3828 386 3886 ad
408 3828 570 3887 llenrioum
591 3845 694 3902 regem
713 3837 882 3890 reverenter
906 3833 1059 3892 conduxit.
1115 3837 1199 3894 deret
1219 3834 1330 3906 legioni
1349 3833 1491 3891 domibus
1505 3832 1649 3890 residenti
1662 3830 1825 3902 domosque
1839 3821 1924 3880 adhuc

229 3917 383 3976 Heinrieus
411 3924 512 3977 autem
540 3935 593 3977 rex
619 3920 705 3978 citius
733 3921 870 3991 surrexit,
897 3925 926 3978 et
957 3927 1061 3980 contra
1116 3923 1284 3999 dissipanti.
1313 3925 1387 3982 Cum
1418 3926 1519 3980 auum
1554 3924 1636 3980 Cone
1664 3921 1773 3977 iterum
1800 3913 1924 3972 testinans

231 4009 420 4067 Guillelmum
448 4010 558 4069 ducem
591 4011 698 4068 obvius
730 4012 869 4084 perrexit,
896 4012 1061 4086 osculoque
1116 4015 1173 4074 illis
1199 4017 1376 4082 occurreret,
1402 4027 1566 4086 ensemque
1591 4009 1735 4067 Willelmi
1762 4004 1925 4064 duosam

229 4097 301 4154 dato
327 4103 450 4172 uterque
477 4100 595 4157 resedit.
622 4104 702 4158 Tune
724 4100 915 4158 Guilielmus:
946 4123 960 4152 ιι
974 4106 1061 4160 luter·
1117 4104 1307 4178 gemmisque
1325 4101 1537 4174 prefulgidum
1560 4099 1617 4157 illis
1630 4096 1854 4160 demonstraret.
1867 4102 1925 4146 0011·

230 4199 278 4241 nae
292 4185 457 4244 dilectionis
473 4194 500 4246 st
514 4190 626 4247 amoris
640 4207 692 4247 rex
705 4190 906 4249 luthdovicus
921 4191 974 4248 tibi
986 4191 1061 4249 fide·
1116 4194 1200 4250 tinuo
1226 4207 1289 4248 non
1314 4190 1525 4265 adquiescunt,
1548 4205 1653 4246 verum
1678 4185 1841 4244 summisso
1857 4175 1924 4234 artu

230 4271 296 4328 liter
320 4289 443 4330 munus.
469 4276 570 4333 Misisti
592 4280 745 4335 Cononem
768 4279 878 4337 ducem
899 4280 1013 4352 adme,
1030 4285 1064 4337 ut
1118 4281 1242 4356 proclivi
1256 4284 1361 4338 contra
1375 4295 1489 4348 ensem,
1500 4279 1610 4337 domos
1620 4277 1810 4340 dimiserunt,
1821 4277 1926 4338 seseque

231 4361 365 4418 venirem
387 4363 426 4418 ad
450 4368 488 4430 te,
502 4365 593 4437 qnasi
606 4382 661 4440 pro
674 4368 801 4440 pignore
824 4373 854 4425 et
872 4367 986 4424 obside.
1005 4367 1062 4426 Sed
1077 4340 1099 4395 D
1116 4371 1246 4427 nimium
1272 4370 1303 4426 in
1329 4367 1410 4425 exitu
1433 4367 1647 4442 opprimentes,
1663 4365 1727 4422 sine
1740 4372 1885 4422 murmure
1896 4349 1928 4408 td

231 4465 294 4508 non
307 4448 350 4506 tui
364 4449 515 4520 diffidens,
529 4468 658 4530 cumteo
680 4471 737 4527 ego
749 4473 828 4514 ecce.
845 4456 946 4513 Dixisti
959 4472 1020 4512 non
1035 4463 1063 4514 te
1117 4475 1208 4516 suum
1221 4459 1330 4516 ducem
1344 4460 1537 4514 reverterunt.

233 4538 371 4596 amicitie
385 4544 414 4596 et
428 4539 566 4612 adjutorii
579 4541 688 4616 copula
702 4543 882 4618 vinculoque
901 4544 1062 4601 lutlrdovi-
1154 4566 1328 4625 Gufflelmus
1345 4569 1446 4622 autem
1460 4579 1585 4622 vemens
1597 4562 1637 4619 gd
1649 4575 1751 4634 regem
1767 4556 1927 4616 Hamilconi.

232 4644 268 4686 oo
301 4627 363 4730 regi
388 4629 542 4701 conjungi,
567 4630 626 4687 nisi
652 4631 825 4688 interessem
851 4632 946 4690 iactor
972 4633 1063 4705 hujus
1117 4656 1192 4713 dixit
1204 4655 1309 4712 adesse
1321 4669 1424 4725 regem
1435 4651 1630 4711 Ludovicum
1640 4653 1705 4709 gog
1718 4666 1773 4708 101
1783 4643 1928 4707 Heinrlcus,

232 4725 354 4818 negotu.
369 4719 524 4777 Remanda
544 4720 607 4791 regi
631 4721 705 4795 quid
720 4722 777 4777 hac
790 4737 821 4778 re
833 4722 1004 4795 praescitum
1020 4727 1064 4780 est
1117 4742 1541 4816 cogenoe0fflelm0,0bviam
1551 4739 1929 4810 eiiuoessigdatoqueowu.

233 4807 296 4864 tihi.
310 4831 324 4859 n
349 4810 430 4865 Tunc
448 4824 502 4865 rex
516 4809 689 4867 Heinrlcus:
716 4833 730 4861 a
741 4813 801 4867 lter
821 4811 1023 4869 luthdovicus
1037 4817 1064 4870 tc
1117 4833 1158 4899 ιο,
1170 4832 1371 4906 manibusque
1387 4830 1427 4887 gd
1441 4829 1567 4887 invicem
1582 4827 1758 4901 complosis,
1769 4826 1888 4883 domum
1895 4819 1929 4873 iu·

233 4898 310 4956 duoe
333 4899 434 4956 veniat
454 4900 584 4958 crastina
607 4900 665 4970 die,
690 4905 800 4975 tuoque
825 4907 946 4960 shenuo
972 4903 1064 4960 inter·
1119 4903 1930 4994 gressguaerqueresefflt.guttisqueoompetantiisvarii

233 4991 326 5044 Vlffliu
337 4987 529 5062 Pfllfissiemffl'
542 4988 655 5056 mimia·
671 5005 872 5065 quaecumque
886 4997 954 5048 ⁸¹¹¹st
967 5007 1064 5065 Plffl0·
1119 5008 1506 5085 squedonisetmuneribus
1514 5006 1645 5064 vicissim
1656 4991 1929 5076 dicauinextrieabli

234 5080 327 5150 Piala,
352 5077 460 5134 ⁰⁰³³ss
485 5082 515 5135 0¹
537 5078 642 5136 vestris
666 5077 807 5136 fidelibuss
834 5079 991 5138 salubriter
1014 5088 1065 5138 ⁰⁶·
1118 5087 1928 5172 amicitassolatiiqueetadjutoriivinculoperconsllitlm

236 5171 324 5224 θῐθῑᾶ·
339 5191 352 5218 ‘l
1119 5187 1384 5263 precellentissimi
1393 5186 1530 5244 omnium
1540 5185 1654 5242 ducum
1661 5177 1748 5241 ducis
1755 5174 1893 5238 Guillelml
1899 5168 1929 5228 td

272 5273 1066 5354 interimlothariensesetsaxonescoeperuntinvecti·
1118 5277 1247 5334 invicem
1257 5277 1385 5334 connexi
1395 5281 1465 5333 sunt
1473 5273 1654 5342 etloederati;
1662 5276 1800 5348 presente
1813 5269 1929 5336 llugcne.

236 5361 426 5419 veetironice
435 5363 548 5438 alloqui
558 5369 721 5439 Cononem,
730 5367 877 5425 dicentes:
890 5370 1004 5435 «eram
1013 5369 1067 5424 mi·
1119 5365 1244 5422 sednon
1254 5366 1417 5437 conjuratae
1429 5363 1595 5421 dilectionis
1605 5360 1813 5430 iactore‚duce
1824 5359 1930 5414 irenes

236 5467 277 5510 rae
286 5449 457 5510 sufficentiae
466 5457 654 5528 etpotestatis
662 5457 757 5515 etdux
763 5458 1004 5515 Northmannicae
1010 5457 1067 5513 Bri·
1118 5472 1198 5527 rum,
1209 5459 1238 5512 et
1249 5455 1401 5512 lleriberto
1414 5453 1534 5510 nolente
1548 5453 1691 5509 interesse
1706 5449 1839 5524 principe
1854 5447 1930 5500 sana·

238 5540 404 5614 tunicaeque
418 5541 560 5612 regionis,
570 5544 622 5616 qui
637 5545 696 5601 huc
707 5544 829 5602 advenit
838 5561 913 5602 auro
928 5549 1066 5618 comptus
1119 5561 1238 5620 parum.
1248 5527 1930 5616 aegtbussecretiuscolloquentibus,coepitatia·

238 5630 268 5684 et
281 5633 405 5686 ornatus
422 5645 492 5686 cum
506 5629 649 5688 militibus
662 5632 834 5705 quingentis
846 5634 853 5690 l
863 5655 878 5685 a
893 5632 1065 5691 Guillelmus
1120 5635 1281 5694 riliacisca
1290 5633 1511 5705 linguaducem
1521 5631 1713 5692 Guillslmum
1723 5620 1930 5690 suorumdux
