3996 6178
127 125 195 192 trtr
511 130 513 134 ·
937 123 1027 182 trra.
1048 117 1052 124 ’
1374 125 1377 135 ’
1769 131 1837 194 lise

124 260 488 333 quoqueqnantnm,beo
503 259 663 326 annuente,
678 251 991 330 possumusmeritob
1045 254 1089 308 5⁰.
1109 251 1245 310 Primum
1257 269 1392 328 namque
1407 253 1472 326 init,
1486 255 1571 330 quod
1592 260 1622 316 et
1641 261 1713 328 crat,
1739 265 1768 318 et
1794 267 1838 319 est

124 348 262 421 ejusdem
290 348 451 406 abbatissae
478 347 613 405 animam
641 347 750 404 divinae
771 341 956 402 miserationi
1008 339 1365 402 omnibusnotissimnm.
1383 344 1715 419 Quidamdeoperariis
1728 354 1838 410 nostrae

126 437 237 512 saepius
251 437 465 495 commendare
480 437 637 506 debemus,
658 453 728 512 quae
753 431 958 506 congregatio·
1009 429 1151 506 ecclesie,
1165 434 1288 492 nomine
1303 433 1479 508 Lnidgorus,
1497 451 1567 493 cum
1577 435 1607 493 in
1622 437 1752 497 ecclesiae
1765 442 1839 500 atrio

124 543 195 586 nem
208 533 355 598 nostram,
370 529 444 586 dnm
458 527 541 600 vixit,
555 527 639 586 omni
653 542 774 601 semper
799 523 956 582 dilectione
1009 521 1093 594 ligna
1108 523 1298 594 collocarent,
1314 526 1444 596 graviori
1458 527 1593 601 quadam
1608 527 1692 586 trabe
1704 529 1842 590 deciden-

125 617 271 693 percoluit
282 617 479 692 ejusdemque
501 616 668 676 dilecu'onis
690 621 806 675 certum
827 613 957 672 testim·
1010 614 1049 680 te,
1064 609 1258 672 femorecum
1270 615 1344 673 tibia
1356 619 1385 673 et
1396 615 1474 691 pede
1485 617 1695 676 miserabiliter
1704 621 1840 690 contrito,

126 708 211 766 nium
223 707 349 783 posteris
364 706 492 781 reliquit.
1010 700 1129 774 penitus
1144 701 1315 762 debilitatus
1337 709 1392 764 est
1417 708 1512 772 Quem
1525 707 1634 766 beatus
1647 709 1742 781 Pater,
1769 711 1843 786 quia

162 801 207 856 te.
228 801 268 856 Ile
286 797 438 858 miraculis
463 797 564 870 igitur,
592 813 661 872 qnae
684 812 738 871 per
762 795 842 854 beati
865 791 958 851 Patris
1011 790 1095 864 prius
1109 792 1311 851 eumtidelem
1326 800 1355 852 et
1368 795 1470 855 utilem
1491 797 1642 870 cognovit,
1669 803 1739 858 ante
1760 816 1845 860 men-

127 887 244 957 merita,
257 891 326 962 post
336 886 564 945 dissolutionem
578 886 711 961 corporis
728 886 805 958 ejus,
825 885 857 940 in
879 882 958 940 salu·
1011 895 1080 937 sam
1094 895 1182 938 suam
1194 883 1328 955 quotidie
1342 901 1412 942 cum
1421 885 1606 959 pauperibus
1621 887 1663 945 ad
1675 888 1842 964 eleemosy-

127 980 188 1034 tem
203 975 388 1034 credentium
402 976 506 1034 divina
518 976 612 1050 pietas
634 975 795 1033 elementer
818 972 956 1044 ostendit,
1011 985 1085 1027 nam
1099 969 1202 1028 sedere
1215 973 1366 1046 praecepit.
1391 975 1447 1041 Qui
1470 975 1560 1033 miser
1580 993 1669 1052 super
1682 978 1843 1038 debilitatis

127 1065 345 1140 meliuspeuca
359 1081 454 1140 quam
471 1065 560 1140 plura
585 1064 744 1123 scribenda
771 1063 956 1138 putavimus,
1012 1058 1234 1130 saeculorem,
1250 1061 1380 1132 graviori
1403 1069 1497 1122 semet
1520 1081 1648 1124 moerore
1673 1069 1782 1144 sepius
1802 1070 1844 1126 ai·

126 1171 166 1212 ne
179 1159 232 1212 ant
247 1154 389 1212 studiosis
403 1160 456 1211 aut
467 1153 623 1212 desidiosis
639 1152 854 1222 fastidinm‚vel
868 1151 959 1208 enam
1012 1147 1097 1216 flixit,
1113 1148 1185 1222 qnia
1199 1149 1240 1206 ad
1253 1164 1331 1224 opus
1345 1151 1393 1208 cni
1406 1151 1596 1226 mancipatus
1608 1160 1672 1212 erat
1684 1157 1762 1214 nubs
1776 1173 1843 1216 esse

127 1244 300 1302 infidelibus
334 1244 549 1304 incredulitatis
582 1242 749 1317 periculum
778 1240 964 1299 narrationis
1012 1239 1191 1312 nonpotuit.
1204 1238 1357 1313 Quidquid
1371 1244 1472 1298 tamen
1493 1240 1540 1298 vel
1559 1242 1693 1302 sedendo
1718 1245 1846 1319 veipro

127 1333 294 1408 prolixitate
309 1336 535 1392 contrahamus.
558 1332 709 1406 Praecipue
723 1337 824 1389 tamen
838 1333 961 1405 propter
1013 1327 1160 1401 reptando
1174 1343 1263 1400 egere
1278 1327 1384 1402 potuit,
1403 1329 1435 1386 in
1448 1332 1506 1388 boc
1521 1347 1553 1388 se
1578 1331 1749 1392 voluntaria
1772 1335 1847 1392 utili·

128 1423 277 1496 qnasdam
303 1439 388 1480 vanae
413 1422 522 1480 mentis
546 1437 702 1496 personas,
725 1436 794 1494 quae
812 1421 843 1477 in
856 1423 960 1476 nostra
1012 1419 1071 1474 tate
1084 1417 1236 1476 studiosus
1248 1420 1389 1490 exercuit,
1409 1436 1465 1478 nee
1486 1438 1610 1496 prorsus
1636 1423 1760 1499 aliquod
1773 1429 1847 1482 tem-

127 1513 225 1587 patn'a
236 1514 346 1571 usitato
360 1506 444 1571 more
457 1528 512 1586 per
526 1528 612 1570 sacra
626 1510 693 1568 loca
703 1510 916 1580 discurrentes,
928 1525 959 1566 se
1013 1521 1083 1580 pus,
1093 1506 1154 1564 nisi
1164 1525 1234 1566 cum
1249 1525 1393 1567 somnum
1405 1510 1452 1568 vel
1467 1511 1569 1570 cibum
1578 1520 1707 1588 caperet,
1719 1515 1846 1573 transire

128 1606 299 1674 auteaeeos,
313 1607 365 1660 ant
379 1601 504 1673 debiles,
517 1605 569 1659 aut
591 1600 726 1674 elingues
742 1600 789 1657 vel
812 1603 889 1658 certe
907 1599 996 1662 ob-tt
1014 1596 1071 1653 sibi
1082 1597 1262 1672 patiebatur,
1282 1599 1357 1673 quin
1370 1616 1490 1675 semper
1512 1602 1544 1660 in
1564 1603 1667 1678 aliquo
1691 1604 1771 1663 utilis
1782 1621 1846 1662 esse

128 1711 229 1751 sessos
244 1697 354 1750 temere
369 1692 522 1767 simulant,
538 1697 565 1750 et
581 1691 769 1750 antealtaria
791 1690 839 1748 vel
865 1689 962 1764 sepul·
1013 1685 1173 1744 videretur·
1189 1688 1382 1746 Consuetudo
1397 1691 1762 1765 numquedilcctonoslro
1772 1710 1847 1769 pon-

129 1799 181 1840 era
209 1787 392 1851 sanctorum,
419 1797 450 1839 se
466 1797 568 1839 coram
589 1780 703 1855 populo
728 1779 886 1844 volutatos,
907 1794 961 1852 pn·
1013 1775 1085 1833 tifici
1098 1775 1196 1834 initui
1209 1777 1362 1852 puerulos,
1378 1779 1528 1838 ueletiam
1550 1797 1700 1857 pauperes
1720 1783 1846 1844 validio-

8 1889 10 1922 ι
129 1870 258 1944 gnisque
273 1870 443 1942 tundentes,
464 1868 676 1926 sanatosillicc
699 1885 731 1926 se
746 1867 958 1942 proclamant:
1014 1881 1071 1934 res,
1097 1867 1207 1941 sepius
1233 1883 1288 1941 per
1316 1867 1432 1942 plateas
1455 1869 1503 1927 vel
1531 1870 1667 1930 defossae
1692 1877 1846 1946 penarum

8 1973 10 2010 t
129 1975 165 2016 ea
179 1959 290 2017 scilicet
304 1959 368 2018 sole
382 1975 497 2017 vesana
524 1959 688 2032 voluptate,
716 1961 749 2015 ut
775 1955 816 2012 sic
843 1960 959 2014 tantum
1013 1955 1237 2027 ioveasageret,
1252 1956 1306 2031 qui
1321 1956 1379 2015 sibi
1396 1958 1518 2033 lapillos
1540 1960 1673 2020 minutos
1694 1962 1846 2037 quosdam

8 2066 11 2102 ι
129 2049 277 2121 majorem
292 2047 471 2123 stipem,ch
485 2051 635 2120 questum
650 2064 669 2105 a
681 2045 769 2122 plebe
780 2045 958 2119 percipiant.
1013 2043 1092 2102 nivei
1105 2044 1223 2114 coloris,
1239 2046 1284 2103 vel
1298 2045 1386 2118 nigri,
1400 2046 1449 2105 vel
1461 2049 1555 2120 rubri,
1566 2049 1719 2110 interdum
1733 2052 1782 2110 vel
1794 2068 1847 2110 va·

8 2157 9 2192 ι
127 2137 235 2212 sieque
246 2138 287 2208 iit,
305 2143 337 2196 ut
350 2143 378 2194 et
391 2135 515 2194 beatum
529 2137 627 2194 virum
650 2135 760 2211 saepius
786 2135 824 2192 de
847 2134 959 2193 talibus
1013 2133 1048 2192 rii
1061 2133 1221 2206 deterrent,
1235 2151 1313 2208 qnos
1324 2135 1390 2210 ipse
1404 2136 1539 2196 elimatos
1563 2144 1592 2197 et
1605 2139 1726 2213 potitos,
1750 2141 1847 2199 varia·

8 2247 10 2282 r
125 2226 238 2284 dixisse
252 2227 463 2300 premisimus,
488 2227 561 2300 quia
582 2226 754 2296 mendaces,
782 2225 889 2299 inquit,
917 2225 960 2282 ia·
1013 2239 1072 2298 qne
1087 2223 1252 2294 collisione,
1267 2225 1316 2282 vel
1329 2225 1542 2284 confricatione
1564 2228 1597 2285 in
1620 2228 1847 2288 similitudinem

8 2339 10 2370 ι
126 2317 211 2374 ciunt
223 2321 255 2373 nt
266 2315 403 2374 veridicis
416 2315 466 2374 vix
485 2316 633 2374 credatur.
660 2319 778 2373 Etcum
803 2314 835 2372 in
857 2314 962 2386 hujus·
1013 2313 1213 2388 pretiosorum
1228 2313 1366 2387 lapidum
1379 2316 1527 2390 redactos,
1554 2321 1607 2375 aut
1631 2318 1663 2375 in
1688 2319 1844 2389 altaribus,

125 2405 213 2464 modi
227 2405 345 2464 fallacia
355 2405 430 2464 tales
441 2404 558 2479 liquido
572 2404 850 2480 deprehenduntur,
869 2403 961 2461 etiam
1014 2401 1171 2470 autlibris,
1186 2407 1238 2458 aut
1262 2403 1370 2476 capsis,
1389 2405 1516 2463 honeste
1536 2405 1702 2466 collocavit.
1730 2407 1763 2466 in
1784 2425 1846 2483 quo

125 2511 205 2564 veroe
220 2500 394 2553 sanctorum
406 2495 531 2552 virtutes
544 2495 575 2553 in
598 2494 799 2568 periculosam
823 2494 963 2567 despera·
1013 2489 1158 2547 nimirum
1172 2505 1262 2563 opere
1277 2490 1439 2563 pradictus
1453 2492 1502 2550 ille
1514 2509 1631 2568 pauper
1651 2511 1683 2553 se
1706 2497 1846 2570 privatim

8 2629 9 2632 ,
128 2585 239 2642 tionem
253 2585 310 2642 bac
325 2584 477 2642 dubietate
493 2584 702 2652 retrahuntur;
725 2582 774 2639 vel
796 2586 874 2640 certe
888 2581 962 2640 ethi
1014 2579 1154 2650 exercuit,
1171 2584 1200 2637 et
1213 2584 1389 2640 caeterorum
1403 2582 1582 2642 industriam
1607 2585 1715 2644 utiliter
1734 2601 1847 2661 praeve·

126 2675 263 2750 quivere
279 2677 433 2744 sanantur,
449 2675 624 2733 etiam-non
652 2672 751 2731 solum
779 2689 798 2730 a
825 2671 960 2746 perfidis,
1014 2669 1068 2740 nit,
1082 2674 1177 2744 etpro
1199 2669 1369 2728 curiositate
1392 2671 1453 2743 tali,
1476 2673 1619 2748 episcopo
1633 2676 1753 2749 penitus
1766 2693 1847 2736 ccm-

127 2765 184 2826 sed
211 2770 242 2825 et
268 2765 419 2823 interdurn
450 2781 469 2823 a
494 2763 634 2822 fidelibus
657 2763 760 2820 fallere
788 2763 960 2832 creduntur,
1014 2758 1137 2834 placuit.
1163 2759 1317 2818 interdum
1341 2765 1441 2820 autem
1464 2766 1495 2820 et
1511 2763 1675 2836 pictoribus
1697 2765 1846 2842 eteisqui

127 2857 207 2914 sicut
220 2854 324 2934 ntique
342 2853 431 2912 nobis
454 2854 492 2912 de
515 2853 651 2929 quadam
669 2852 846 2912 muliercula
859 2851 962 2928 palam
1014 2848 1092 2908 vitro
1103 2848 1249 2908 fenestras
1262 2851 1496 2925 componebant,
1522 2869 1553 2912 se
1576 2854 1746 2932 admissam,
1770 2856 1847 2916 inter

130 2943 223 3002 venit.
977 2959 999 3015 ρ
1014 2953 1093 3012 quos
1107 2938 1198 2996 etiam
1212 2939 1321 2996 utiliter
1334 2955 1480 3013 operosus
1494 2943 1611 3000 exstitit.

165 3035 211 3092 te.
236 3033 335 3092 Primo
344 3047 478 3108 namque
493 3031 626 3107 praedicti
640 3031 734 3089 nostri
753 3030 891 3089 audentis
911 3033 964 3088 ile-
1051 3032 1095 3085 5t.
1112 3030 1200 3086 Beato
1214 3043 1285 3086 vero
1299 3029 1441 3103 pontifice
1453 3032 1557 3090 exbac
1566 3031 1632 3091 tuce
1645 3034 1845 3108 subletc,ipse

129 3122 236 3181 lizonis
250 3123 315 3196 [ut.,
331 3121 491 3196 iletclonis]
505 3122 563 3196 (72)
576 3137 668 3193 anno,
679 3120 710 3178 iu
724 3121 847 3195 speciali
860 3124 964 3178 nostra
1016 3117 1160 3175 detonsus
1175 3119 1203 3174 et
1213 3115 1308 3174 laneis
1320 3117 1453 3188 indutus,
1481 3136 1571 3178 carne
1592 3127 1622 3178 et
1645 3123 1762 3196 reliqua
1782 3123 1846 3182 lan-

68 3198 71 3206 ’
128 3211 296 3280 testivitate,
310 3211 341 3268 id
354 3216 398 3270 est
421 3213 454 3270 in
479 3210 692 3286 assumptione
722 3213 833 3266 sancta
855 3209 963 3272 itariae,
1016 3207 1090 3266 tiore
1108 3206 1267 3266 reiectione
1282 3207 1446 3277 abstinens,
1460 3209 1500 3267 ad
1515 3210 1762 3285 sepulcrumejus
1777 3229 1847 3271 con·

129 3317 208 3358 anus
220 3299 363 3375 quaedam
377 3300 465 3358 nobis
477 3299 591 3372 ignota,
602 3299 701 3357 velato
715 3297 821 3373 capite,
828 3297 964 3356 nubilata
1016 3297 1083 3354 tulit
1094 3312 1137 3364 se,
1149 3295 1251 3370 ibique
1265 3302 1326 3355 tam
1339 3297 1515 3356 custodibus
1529 3315 1624 3374 φιαιιι
1644 3305 1674 3359 et
1686 3303 1800 3360 ceteris
1813 3301 1847 3358 fi·

129 3389 217 3458 iacic,
232 3393 300 3448 ante
313 3389 486 3463 sepulcrum
496 3388 576 3448 beati
596 3387 699 3446 virise
714 3387 849 3461 projecit,
861 3385 963 3462 ibique
1016 3383 1144 3454 delibus,
1157 3391 1271 3458 quanta
1285 3386 1381 3460 potuit
1392 3385 1546 3460 fidelitate,
1560 3387 1686 3459 servivit,
1697 3393 1727 3447 et
1735 3395 1848 3464 postre-

129 3479 272 3554 praedicto
287 3479 453 3537 amentium
465 3495 559 3548 more,
571 3478 685 3538 diutius
691 3477 825 3536 volutata
839 3477 962 3535 tandem
1016 3491 1078 3546 mo,
1092 3475 1347 3532 consentientibus
1364 3475 1525 3550 magistris,
1539 3481 1634 3536 totam
1653 3479 1783 3554 seprrlcri
1797 3497 1847 3538 cu-

130 3569 349 3644 prosilienssc
373 3568 561 3644 permultos
588 3583 687 3626 annos
714 3583 826 3626 caecam
849 3567 963 3625 ibidem
1017 3563 1146 3622 stodiam
1157 3563 1277 3638 penitus
1291 3565 1458 3640 usurpavit,
1471 3565 1525 3626 Vix
1541 3571 1642 3628 tamen
1654 3568 1747 3628 debili
1761 3585 1847 3628 crure

135 3661 205 3716 tunc
233 3657 432 3716 illuminatam
458 3657 666 3732 proclamavit.
696 3658 761 3726 Qne
787 3656 888 3714 statim
915 3673 964 3714 ru·
1015 3654 1098 3726 ligno
1113 3658 1289 3728 sustentato,
1301 3655 1417 3731 reliquo
1441 3673 1511 3717 vero
1535 3674 1661 3734 corpore
1679 3659 1789 3718 baculo
1801 3677 1849 3719 su·

133 3763 217 3806 more
229 3747 398 3819 diffamato,
414 3747 511 3804 clerus
523 3746 715 3821 populusque
725 3745 885 3814 concurrit,
899 3745 963 3818 ipse
1015 3742 1137 3802 blevatc
1150 3743 1210 3802 tale
1232 3744 1414 3819 obsequium
1439 3747 1580 3804 exercuit.
1607 3752 1746 3806 Attamen
1772 3745 1849 3808 vires

130 3837 222 3896 etiam
237 3837 397 3911 episcopos
411 3835 543 3893 advenit.
556 3838 690 3909 Cumque
696 3834 762 3906 jam
777 3834 816 3892 ad
829 3833 964 3908 mendas
1016 3847 1094 3906 quas
1107 3832 1276 3892 invalitudo
1289 3833 1460 3906 denegavit,
1471 3833 1634 3892 obediendi
1654 3837 1773 3894 devotio
1796 3838 1850 3895 mi·

130 3925 251 4001 publice
264 3930 324 3984 beo
337 3924 448 3998 gratias
462 3927 670 4000 properarent,
695 3924 775 3982 cives
797 3924 890 3990 illins,
912 3923 964 3998 qni
1018 3921 1161 3979 nistravit.
1178 3921 1314 3979 Pselmcs
1328 3923 1441 3996 quippe
1459 3937 1522 3979 non
1534 3928 1669 3993 noverat,
1694 3925 1789 3982 verba
1809 3930 1851 3984 ta-

131 4033 202 4074 eam
216 4016 299 4090 prius
313 4018 470 4084 noverant,
487 4031 616 4088 eamque
639 4015 670 4071 in
693 4014 869 4087 hujusmodi
883 4012 965 4070 talsi-
1018 4026 1090 4071 men
1115 4027 1184 4084 qnae
1210 4009 1345 4067 fidelium
1372 4011 1544 4069 narratione
1571 4011 1619 4070 val
1646 4013 1850 4073 admonitione

131 4109 193 4164 tate
209 4105 318 4180 saepins
329 4109 516 4173 notaverant,
530 4107 685 4175 venerunt,
698 4103 750 4177 qni
764 4103 845 4160 iliam
861 4106 890 4160 et
904 4119 967 4160 mo-
1018 4103 1203 4178 perceperat,
1228 4098 1366 4156 devotius
1394 4099 1590 4174 invigilando,
1620 4103 1790 4179 saepiusque
1819 4105 1850 4162 in

133 4191 215 4252 doct
230 4210 309 4269 serpe
330 4195 420 4252 etiam
441 4198 531 4251 antea
551 4193 621 4250 talia
640 4192 796 4250 mentitam
822 4191 966 4250 veraciter
1020 4189 1147 4249 modum
1161 4189 1267 4258 veniae,
1282 4188 1417 4248 fidelium
1434 4207 1518 4248 more
1532 4191 1753 4264 decumbendo,
1775 4195 1853 4254 scili-

133 4283 283 4343 dixernnt.
300 4289 332 4342 tn
343 4300 438 4360 qnam
451 4299 522 4341 cum
542 4283 608 4355 jam
631 4282 763 4357 populns
787 4281 904 4355 merito,
933 4286 1003 4374 utD
1021 4280 1097 4338 citus
1108 4277 1330 4353 frequentabat
1348 4280 1413 4347 Quo
1426 4279 1542 4338 ibidem
1566 4283 1596 4342 in
1616 4283 1674 4342 bac
1697 4285 1852 4344 sedulitate

135 4374 215 4432 male
230 4378 413 4446 tractaretur,
436 4371 614 4444 insurgeret,
639 4386 658 4428 a
683 4371 762 4428 clero
785 4375 887 4429 tamen
909 4386 965 4446 pro
1020 4369 1137 4428 firmius
1146 4368 1338 4444 perdurante,
1351 4375 1380 4428 et
1392 4370 1498 4430 altiora
1512 4378 1662 4447 quantum
1672 4375 1713 4433 ad
1737 4391 1768 4432 se
1786 4392 1854 4449 pro·

135 4464 217 4523 beati
229 4463 379 4539 pontilicis
394 4461 586 4520 veneratione
609 4461 742 4530 detensa,
772 4461 898 4518 contusa
926 4461 968 4518 di·
1020 4459 1109 4518 ficere
1124 4461 1669 4535 satagente,quadamdiesabbatiad
1683 4479 1852 4539 vesperam,

138 4554 252 4622 acessit,
265 4559 294 4610 et
307 4569 459 4626 nusquam
473 4551 562 4610 nobis
577 4556 683 4627 postea
697 4551 876 4626 comparuit.
896 4550 970 4608 Tali·
1020 4549 1096 4607 dum
1110 4549 1142 4608 in
1156 4549 1249 4607 choro
1263 4551 1435 4626 vespertina
1448 4550 1515 4608 lans
1534 4551 1661 4624 canitur,
1684 4552 1750 4624 ipse
1768 4553 1855 4620 juxta

138 4643 196 4700 bns
209 4656 282 4715 ergo
295 4641 430 4710 tallaciis,
444 4645 533 4700 cauta
553 4639 791 4698 consideratione
813 4643 882 4713 post
903 4640 968 4697 haec
1022 4638 1195 4713 sepulcrum
1217 4640 1389 4713 pontificale
1414 4640 1620 4714 prostemitnr,
1646 4643 1675 4697 et
1687 4640 1730 4698 ibi
1743 4639 1855 4701 diutius

8 4719 24 4811 Γ,
139 4733 284 4802 devitatis,
312 4730 449 4806 pluribus
476 4730 649 4802 ignotorum
672 4729 768 4798 dietis,
796 4745 864 4804 quoe
892 4733 970 4787 certe
1023 4732 1076 4786 aut
1085 4733 1263 4798 somnc,aut
1272 4729 1383 4787 exstasi
1395 4728 1482 4803 quasi
1503 4728 1669 4787 immobilis
1694 4727 1854 4800 detinetur,

11 4826 24 4848 ”
139 4838 212 4881 vera
224 4838 289 4880 csse
303 4823 451 4896 poterant,
467 4819 636 4878 dubitando
649 4819 857 4888 dissimulatis,
882 4819 922 4877 ad
934 4836 971 4877 ea
1024 4822 1063 4890 et,
1084 4823 1118 4876 nt
1128 4817 1193 4891 ipse
1207 4822 1314 4892 postea
1339 4817 1500 4889 fatebatur,
1519 4817 1700 4876 intolerabili
1721 4819 1856 4893 quadm

139 4910 353 4970 tantummodo
379 4909 443 4968 sola
468 4923 535 4982 quae
560 4914 732 4982 presentes,
762 4908 882 4966 veritate
919 4907 972 4965 liei
1024 4907 1232 4964 membrorum
1245 4919 1280 4962 ac
1290 4921 1454 4964 nervorum
1468 4905 1651 4964 distensione
1672 4907 1720 4966 vei
1742 4912 1858 4968 contra·

140 5005 227 5071 teste,
251 4998 394 5067 vidimus
419 4995 467 5054 vel
487 5012 556 5071 qnae
569 4999 646 5053 certe
667 4996 707 5054 ab
722 4996 769 5054 iris
785 4996 970 5066 audivimus,
1025 4995 1123 5053 ctione
1136 4992 1322 5050 invisibiliter
1336 4995 1497 5052 cruciatur.
1513 4994 1571 5054 Sed
1583 4995 1669 5055 finita
1680 4997 1770 5056 laude
1785 5015 1859 5073 qna-

12 5091 25 5122 ”
140 5087 393 5165 quosveracesin
409 5085 514 5144 timore
529 5085 647 5143 bomini
669 5086 878 5159 cognovimns,
904 5102 972 5144 nar·
1026 5082 1223 5155 sisoporatus
1238 5081 1374 5153 surrexit,
1403 5087 1433 5140 et
1459 5082 1542 5141 velut
1566 5083 1635 5158 pius
1661 5086 1749 5145 solito
1768 5103 1859 5160 sagro-

22 5177 27 5205 ³
140 5178 265 5238 rationis
278 5181 390 5235 nostroe
404 5175 512 5232 scriem
526 5173 720 5232 intendimus.
1026 5176 1105 5242 tans,
1120 5172 1171 5230 vix
1184 5170 1392 5230 babitaculum
1413 5173 1540 5247 repetiit.
1563 5175 1727 5251 Statimque
1749 5175 1859 5236 lectulo

179 5338 235 5412 (72)
256 5341 283 5395 ts
307 5354 323 5396 e
349 5333 513 5411 praeposito
541 5332 720 5392 Goslaricnsi
744 5333 775 5390 in
798 5333 974 5409 episcopum
1029 5317 1138 5389 deinde
1150 5347 1205 5405 pro
1217 5332 1372 5391 canonicis
1387 5331 1537 5393 fundarat.
1556 5337 1649 5395 Porro
1661 5342 1764 5397 monet
1787 5341 1861 5398 ilen-

32 5445 34 5452 ,
143 5409 431 5470 iiildesheimenscm
471 5412 645 5479 assumptus
685 5409 730 5462 ost
753 5410 822 5478 post
847 5411 974 5462 mortem
1030 5403 1170 5460 schenius
1184 5404 1331 5462 nonnulla
1344 5405 1392 5462 hic
1406 5406 1437 5463 in
1461 5407 1565 5464 codice
1589 5409 1746 5466 Graeciensi
1757 5409 1798 5467 dc
1813 5411 1862 5468 tri·

143 5479 256 5539 azelini
283 5496 365 5540 anno
396 5480 483 5548 tbbi;
510 5491 604 5550 ιιιιαιιι
628 5476 732 5534 sedem
754 5476 842 5532 annis
872 5476 977 5546 viginti
1030 5475 1088 5533 bns
1118 5475 1146 5532 S.
1163 5475 1332 5533 Godebardi
1357 5477 1504 5552 proximis
1519 5479 1743 5538 successoribus
1768 5479 1862 5540 Tblet-

144 5553 281 5685 quinque
292 5549 432 5621 obtinuit,
443 5564 479 5608 ac
493 5548 627 5632 sepultus
641 5552 685 5605 est
697 5547 728 5605 in
743 5545 869 5631 ecclesia
881 5547 978 5606 sancti
1030 5561 1119 5605 maro
1132 5546 1252 5629 scilicet,
1268 5547 1407 5623 aretino,
1433 5555 1462 5610 et
1486 5549 1623 5612 tielizoue
1642 5523 1860 5630 seuEtbeione,

172 5624 277 5686 acacii
286 5623 318 5686 iu
337 5625 450 5694 moute,
464 5635 667 5696 quampruno
680 5634 736 5695 pro
748 5617 929 5678 mourahbns
942 5633 977 5678 ac
1031 5617 1149 5684 haben.
