4044 6184
107 90 145 144 111
730 67 843 130 misr.
866 70 911 126 na
932 65 1159 126 1111111111.
1748 69 1798 126 102

104 209 177 265 mino
191 206 218 260 et
230 202 351 272 cogente
366 201 448 256 Petro
462 199 617 270 ingressus
632 202 676 255 est
690 195 913 268 evangelizare3
931 193 955 248 A
973 191 1056 249 Unde
1066 197 1136 248 seat
1151 192 1214 248 ista
1225 191 1377 260 picture?
1393 189 1441 248 1111
1453 189 1559 249 videns
1571 190 1734 250 Martialem
1745 191 1800 248 mi·

102 299 212 370 insuper
225 290 305 366 quod
327 288 403 345 bene
424 287 523 362 coeplt,
539 287 645 344 melius
664 284 865 361 perseveravit
889 287 917 340 et
969 281 1145 338 nistrantem
1161 279 1287 336 Domino
1302 279 1341 338 ad
1356 279 1545 346 mandatum,
1561 285 1589 338 et
1605 283 1726 338 ceteras
1740 280 1800 355 pio

103 382 289 459 apostolatum
304 378 471 453 proprium,
487 375 517 433 id
532 382 576 434 est
598 376 727 448 gratiam
746 379 774 432 ct
798 389 917 431 annun·
971 375 1053 429 iuras
1075 371 1151 426 sieut
1174 370 1282 443 legitur
1305 370 1336 427 in
1359 371 1425 444 ejus
1439 371 1510 442 vita,
1525 371 1636 428 rubore
1657 370 1800 428 confusus

105 473 244 530 tiationem
258 467 328 524 fidei
349 467 379 523 in
396 465 535 536 gentibus
551 465 712 524 Galliarum
726 480 781 538 pro
796 462 918 520 nomine
970 477 1032 518 non
1044 459 1108 517 sine
1122 459 1260 516 omnium
1274 459 1326 534 qui
1339 458 1465 518 aderant
1474 460 1575 518 derisu
1587 461 1742 536 professus
1757 463 1804 518 est

104 562 195 622 Christi
221 559 320 618 habet.
337 557 420 615 Unde
435 557 487 632 qui
502 574 572 614 eum
598 555 750 614 contendit
771 571 833 612 non
854 570 918 611 esse
972 549 1165 608 mendacium
1187 567 1287 607 suum.
1301 573 1314 600 »
1338 549 1467 608 Medicus
1487 567 1559 609 vero
1583 551 1623 610 ad
1646 551 1802 609 11111111

104 651 270 728 apostolum,
300 663 420 705 necesse
452 652 497 705 est
523 644 826 704 1111111111111111
855 657 919 699 esse
973 655 1034 696 uno
1049 639 1113 696 solo
1126 642 1223 697 vetere
1235 639 1312 696 libro
1323 638 1371 696 vel
1385 639 1416 696 in
1430 639 1540 696 litaniis
1555 639 1579 698 si
1589 640 1721 714 potueris
1732 655 1802 697 eum

104 741 260 818 apostolum
283 737 341 795 nisi
363 735 574 794 tantummodo
597 734 768 806 duodecim,
784 738 812 791 et
826 736 919 790 utra·
973 729 1046 788 mihi
1078 729 1236 787 ostendere
1263 729 1408 804 scriptum
1434 729 1614 804 apostolum,
1643 730 1775 787 credam.
1789 752 1802 779 n

103 832 146 888 dat
159 843 267 888 nomen
283 825 367 883 Pauli
390 825 427 882 de
452 823 561 883 litaniis
585 823 623 881 de
642 823 745 880 ordine
768 820 920 897 apostolo·
975 819 1062 889 Quod
1076 835 1145 876 cum
1159 819 1190 876 in
1205 817 1343 894 pluribus
1357 819 1514 878 ostendere
1533 835 1665 894 possem,
1682 819 1803 891 gavisus

104 937 171 987 rum,
184 917 307 976 nomina
331 915 484 984 Barnabae,
510 914 658 989 cleophae,
675 913 762 972 Marci
784 917 812 970 et
835 914 919 967 Luce
975 909 1036 967 dixi
1052 928 1057 965 :
1076 933 1089 958 α
1103 909 1172 966 Veni
1188 908 1227 966 ad
1239 910 1466 979 monasterium,
1478 913 1507 966 et
1516 909 1594 966 vide.
1607 933 1620 960 »ι
1637 909 1686 966 1111
1699 907 1803 978 noluit,

103 1015 126 1068 et
138 1007 285 1076 Timothei,
303 1003 432 1063 onesimi
449 1009 477 1062 et
493 1003 558 1062 stloe
574 1008 603 1060 et
616 1003 709 1073 lude,
725 1007 753 1060 et
770 1001 921 1059 universa·
975 1001 1048 1076 quia
1061 1000 1150 1071 longe
1164 1000 1328 1075 hospitium
1342 998 1486 1066 hahebat,
1502 1005 1530 1057 et
1544 999 1755 1058 crastinoinde
1767 998 1807 1057 ad

103 1100 153 1156 lem
166 1095 386 1154 invocationem
399 1110 461 1168 qua
475 1092 601 1150 dicitur:
619 1093 725 1150 Omrtes
739 1093 837 1150 saneti
851 1104 921 1161 apo·
977 1090 1036 1148 alia
1048 1089 1114 1146 loca
1128 1088 1209 1147 abiit.
1226 1089 1303 1146 Dixit
1316 1089 1407 1147 etiam
1421 1089 1513 1146 mihi:
1530 1112 1544 1142 v
1555 1093 1616 1162 Ego
1628 1090 1697 1164 plus
1713 1105 1806 1164 quam

104 1189 164 1245 stoli
175 1193 200 1244 et
215 1185 407 1256 evangeliste
421 1189 448 1240 et
463 1183 607 1254 discipuli
619 1183 748 1251 Deretini,
765 1184 793 1237 et
808 1180 921 1237 1111111-
977 1180 1027 1238 alii
1041 1179 1179 1237 homines
1194 1195 1286 1236 causa
1300 1179 1455 1236 medicinae
1466 1180 1616 1238 circumeo
1626 1179 1806 1248 multaloca,

104 1278 199 1334 relicus
224 1273 390 1332 llehionita.
415 1272 467 1332 Cui
488 1288 545 1329 nos
569 1271 706 1330 catholici
727 1285 923 1344 nequaquam
978 1273 1008 1326 et
1020 1269 1111 1325 audio
1122 1269 1179 1326 hoc
1194 1267 1348 1342 reprobari
1361 1267 1400 1326 ab
1413 1269 1565 1340 omnihus,
1577 1273 1606 1328 11
1618 1285 1636 1326 1
1650 1268 1734 1326 nullo
1745 1268 1810 1326 lau-

104 1365 240 1442 patiemur
266 1360 467 1438 acquiescere,
495 1361 547 1417 sed
558 1359 685 1432 vestigia
710 1360 844 1436 priorum
870 1362 924 1415 Pa·
979 1359 1056 1430 dari,
1071 1363 1100 1417 et
1119 1358 1250 1416 maxime
1272 1362 1395 1432 propter
1408 1359 1601 1417 Benedictum
1613 1358 1744 1434 priorem
1756 1359 1809 1432 qui

106 1461 174 1512 trum
189 1457 358 1528 sequenter,
370 1466 481 1508 nomen
492 1449 630 1508 Martialis
644 1449 789 1508 inordina
805 1453 926 1524 aposto·
981 1448 1244 1517 contradictorem,
1257 1447 1309 1523 qui
1324 1447 1455 1506 affirmat
1468 1449 1611 1507 omnibus
1623 1449 1809 1524 propterhoc

105 1544 191 1600 lorum
206 1541 455 1600 invocabimus.»
471 1539 517 1596 Ad
535 1540 600 1596 haec
616 1539 752 1597 medicus
767 1544 826 1596 art:
847 1541 927 1594 «111-
942 1547 962 1602 B
981 1539 1167 1598 nasciturum
1188 1553 1252 1594 esse
1267 1537 1306 1595 ab
1329 1537 1388 1596 hoc
1401 1555 1498 1612 usque
1512 1538 1553 1596 ad
1566 1538 1699 1614 quinque
1713 1555 1810 1597 annos

107 1633 229 1689 nedictus
254 1630 327 1688 dicit
341 1646 403 1686 non
422 1643 488 1685 esse
509 1629 587 1686 hano
608 1627 832 1686 invocationem
858 1623 929 1684 alio-
983 1645 1131 1700 magnum
1153 1627 1331 1685 scandalum
1355 1627 1387 1684 in
1410 1627 1477 1686 loce
1502 1629 1596 1687 sancti
1618 1629 1767 1700 Martialis,
1783 1633 1811 1687 et

107 1739 164 1778 rum
179 1721 229 1796 qui
243 1736 307 1777 non
332 1723 403 1775 sunt
416 1717 573 1788 nominati,
589 1717 643 1774 sed
656 1717 861 1775 collectionem
875 1713 929 1792 qui
982 1723 1142 1778 venturam
1163 1717 1205 1775 ihi
1218 1733 1363 1789 magnam
1386 1719 1635 1793 persecutionem,
1650 1720 1724 1794 quia
1746 1736 1811 1778 ora·

106 1813 160 1884 jam
172 1813 240 1868 sunt
253 1808 402 1866 nominati
418 1807 635 1880 apostolorum.
648 1831 661 1858 »
685 1810 719 1865 Et
733 1823 789 1882 ego
804 1823 929 1882 respon·
984 1810 1080 1866 Mones
1094 1808 1131 1865 de
1153 1808 1220 1883 ipso
1242 1807 1319 1865 sicut
1343 1807 1384 1864 illi
1403 1807 1568 1882 proterunt,
1584 1824 1646 1866 non
1668 1814 1738 1869 sunt
1753 1813 1812 1868 lleo

109 1901 150 1957 di:
173 1925 185 1950 1
201 1899 345 1958 Diabolus
368 1897 446 1954 male
474 1897 685 1972 interpretatur
706 1897 882 1971 Scripturas,
903 1902 931 1954 et
985 1896 1215 1972 acceptabiles.»
1231 1895 1369 1967 Cuiego:
1387 1896 1813 1972 «Olingnampraecidcndam

110 1989 154 2048 iste
176 1988 332 2046 hereticus
358 1987 437 2044 male
461 1986 584 2060 exponit
607 1985 738 2044 litanias.
765 1987 932 2064 Sapientior
984 1995 1014 2046 et
1039 2005 1056 2042 a
1078 1984 1204 2044 canibus
1219 1985 1468 2044 devorandaml»
1490 1989 1606 2046 tannes
1625 1989 1814 2047 etMambres

113 2086 149 2137 est
171 2079 270 2136 omnis
297 2077 428 2134 Ecclesia
465 2077 612 2134 catholica
638 2076 696 2134 isto
726 2094 789 2135 uno
815 2077 932 2134 hareti-
985 2076 1155 2135 restiterunt
1173 2075 1274 2149 Moysi,
1291 2078 1320 2134 et
1333 2076 1386 2133 iste
1410 2075 1627 2148 Longobardus
1647 2078 1754 2137 resistit
1767 2094 1816 2136 ve·

113 2187 150 2227 co.
170 2173 241 2228 Mam
257 2169 283 2224 si
298 2167 432 2225 eoMectio
454 2169 499 2222 est
513 2165 813 2241 prenominatorum,
830 2183 933 2242 super·
986 2165 1078 2234 ritati;
1108 2181 1170 2223 non
1194 2163 1274 2222 valet
1298 2165 1551 2238 comprehendere
1572 2166 1738 2240 veritatem,
1753 2183 1815 2226 non

114 2259 166 2314 ilua
188 2261 239 2314 est.
272 2256 301 2314 Si
324 2254 473 2312 invocatio
495 2257 539 2311 est
562 2258 623 2312 tam
645 2255 934 2328 praenominatorum
988 2255 1111 2330 suscipit
1134 2254 1199 2328 ipse
1212 2253 1378 2326 veritatem,
1393 2258 1422 2313 et
1437 2271 1488 2313 eos
1502 2256 1555 2331 qui
1569 2257 1817 2333 suscipiuntpro·

114 2365 194 2422 quam
219 2362 326 2404 eorum
355 2345 492 2402 omnium
518 2345 570 2419 qui
597 2345 744 2404 nominati
766 2361 829 2402 non
854 2350 934 2415 sunt,
987 2347 1080 2416 hibet,
1095 2348 1124 2402 et
1135 2344 1258 2402 adducit
1273 2345 1330 2402 sibi
1342 2346 1468 2403 celerem
1482 2346 1691 2421 perditionem.
1706 2349 1757 2408 Sui
1767 2365 1819 2406 au·

116 2437 187 2511 quod
221 2437 284 2494 sine
323 2435 417 2493 dubio
453 2451 559 2492 verum
584 2438 637 2504 est,
675 2435 844 2494 necessaria
881 2442 934 2505 est,
989 2439 1100 2495 ditores
1124 2435 1282 2494 averitate
1307 2436 1445 2495 auditum
1468 2441 1616 2508 avertunt,
1638 2439 1679 2496 ad
1699 2439 1818 2498 fabulas

118 2527 182 2584 sieut
195 2531 223 2584 et
243 2525 395 2584 invocatio
410 2525 587 2584 universalis
606 2525 793 2597 angelorum,
814 2526 937 2600 patriar·
990 2531 1091 2586 autem
1117 2527 1339 2582 convertuntur.
1362 2526 1465 2584 Simon
1487 2543 1597 2598 magus
1617 2529 1655 2587 de
1679 2531 1763 2588 Petro
1791 2534 1820 2588 et

120 2617 232 2673 chamm
256 2621 286 2674 11
300 2615 529 2691 prophetarum,
551 2614 755 2674 innocentium
778 2621 807 2673 ct
827 2621 938 2690 marty·
990 2616 1081 2674 Paulo
1107 2614 1312 2691 apostolorum
1335 2615 1523 2691 principibus
1551 2619 1658 2676 Neroni
1680 2619 1817 2677 dicebat:

119 2721 186 2777 1111,
201 2704 411 2763 confessorum
435 2709 463 2762 et
476 2704 640 2776 virginum,
656 2709 685 2762 et
698 2703 836 2763 omnium
851 2723 938 2764 sanc·
990 2706 1192 2765 trithemium
1208 2711 1314 2764 contra
1335 2721 1460 2778 regnam
1486 2713 1571 2764 tuum
1593 2712 1699 2780 agant,
1714 2713 1821 2767 zaroes

121 2801 216 2864 torum,
228 2795 280 2872 qui
296 2793 797 2866 11111111111111111,11ο11111111111
812 2809 866 2870 per
880 2793 947 2864 sin·v
992 2801 1021 2855 et
1035 2795 1158 2868 Artaxat
1177 2796 1215 2853 de
1240 2796 1361 2854 Simone
1390 2799 1418 2855 et
1440 2796 1560 2854 ‘taddeo
1581 2797 1725 2873 apostolis
1741 2799 1821 2857 dice·

123 2887 196 2960 gulos
210 2886 345 2944 invocari
369 2901 431 2942 non
445 2889 582 2959 possrmt.
602 2887 676 2941 Nam
690 2889 798 2959 praeter
810 2887 940 2958 quatuor
955 2911 974 2960 ,3
993 2890 1086 2946 bant:
1117 2887 1239 2944 Venient
1264 2886 1305 2944 ed
1328 2902 1378 2944 vos
1402 2887 1518 2944 inimici
1543 2887 1666 2946 deorum
1691 2895 1718 2947 et
1746 2891 1823 2964 leges

123 2971 321 3043 evangelistas,
338 2973 408 3027 sunt
422 2969 472 3026 alii
495 2968 740 3040 evangelistam
764 2972 858 3026 Lucas
877 2969 941 3042 ipse
996 2983 1108 3036 vestras
1123 2976 1304 3033 subvertent.
1324 2976 1424 3034 Amen
1446 2976 1588 3050 agapites
1607 2977 1671 3050 regi
1693 2979 1824 3038 Assuero

123 3060 277 3118 hictibus
304 3059 512 3134 apostolorum
534 3063 753 3117 commemorat
772 3057 943 3133 Philippum
996 3067 1131 3124 dicebat:
1157 3065 1212 3122 Est
1227 3081 1298 3138 geas
1322 3066 1496 3124 ludaeorum
1518 3068 1550 3125 ta
1573 3083 1665 3140 regno
1688 3074 1739 3128 tuo
1761 3086 1852 3144 pua,

125 3149 340 3221 evangelistam,
356 3150 408 3224 qui
432 3166 511 3206 unus
531 3149 586 3205 tuit
606 3165 642 3206 ex
667 3153 782 3223 septem
797 3146 941 3216 diaconis,
994 3157 1137 3230 proprias
1153 3156 1230 3227 leges
1244 3159 1331 3224 tenet,
1348 3160 1376 3212 et
1391 3156 1513 3214 inimico
1528 3161 1571 3214 est
1585 3159 1655 3214 tuis.
1669 3157 1828 3216 Athenien-

126 3238 355 3310 qnieunuchum
371 3237 517 3297 Candaeis
540 3239 649 3311 reginae
663 3237 835 3314 baptizavit,
851 3242 879 3296 et
892 3237 945 3312 qui
999 3262 1046 3302 ses
1069 3244 1107 3301 de
1128 3242 1219 3300 Pacilo
1243 3242 1402 3300 dicebant:
1432 3244 1586 3302 Noveram
1614 3246 1828 3305 demoniorum

128 3329 250 3402 aspiritu
265 3335 372 3403 raptus
388 3329 527 3386 inventus
549 3333 593 3387 est
607 3329 638 3386 in
653 3331 754 3399 Arcto,
771 3333 947 3403 111111111-
1001 3333 1205 3394 annunciator
1226 3337 1267 3390 est
1282 3330 1520 3398 1111.,Ρ111111111
1535 3335 1564 3388 11
1577 3334 1716 3390 Pharisaei
1731 3336 1830 3392 conci·

129 3417 196 3475 siens
210 3419 436 3492 evangelizabat
459 3419 602 3478 civitates.
623 3423 688 3478 Mon
710 3420 792 3478 enim
815 3425 860 3477 est
882 3420 947 3494 ipse
1001 3425 1076 3482 tium
1097 3425 1202 3480 contra
1221 3421 1383 3478 Dominum
1405 3425 1572 3492 tenuerunt,
1588 3421 1736 3482 Moenus:
1753 3425 1831 3494 Quid

130 3508 268 3584 Philippus
283 3509 453 3584 apostolus,
469 3514 502 3567 ut
515 3509 643 3583 quidam
657 3508 809 3568 iaMuntur.
824 3513 890 3584 lpse
904 3511 949 3566 est
1003 3515 1142 3587 facimus,
1155 3513 1227 3588 qaia
1241 3512 1289 3568 1111
1305 3511 1391 3570 homo
1412 3512 1510 3568 multa
1523 3515 1611 3585 signa
1625 3514 1725 3585 facit?
1744 3514 1773 3573 si
1787 3515 1832 3572 di-

131 3611 240 3671 quoque
252 3597 419 3672 Philippus,
435 3613 497 3655 non
512 3597 666 3672 apostolus
682 3598 736 3654 sed
755 3597 949 3669 evangelista,
1003 3601 1150 3660 mittimus
1175 3617 1246 3658 eum
1269 3601 1310 3658 sic
1333 3616 1434 3658 omnes
1454 3600 1575 3658 credent
1596 3601 1629 3657 ia
1648 3616 1724 3658 eum.
1739 3600 1834 3660 iudai

132 3687 175 3756 qui
186 3687 372 3745 descendens
384 3687 416 3744 in
440 3687 589 3745 civitatem
612 3687 753 3745 Samariae
768 3686 952 3762 predicabat
1005 3691 1097 3749 Pilato
1109 3688 1265 3747 dicebant:
1286 3689 1432 3747 Seduetor
1444 3690 1498 3746 ille
1511 3689 1590 3748 eicit
1604 3690 1705 3748 adhuc
1717 3692 1833 3750 vivens:

134 3774 181 3830 illis
196 3778 356 3846 Christum,
372 3793 427 3852 per
450 3793 542 3851 quem
565 3777 668 3836 Simon
691 3780 793 3850 Magus
818 3777 951 3848 credidit,
1006 3783 1079 3838 Post
1092 3785 1151 3836 tres
1164 3779 1225 3835 dies
1241 3794 1406 3852 resurgam.
1424 3777 1550 3852 impedit
1561 3795 1617 3836 nos
1634 3781 1769 3850 Satanas,
1782 3780 1837 3838 sed

136 3865 175 3920 cui
187 3867 273 3925 etiam
298 3867 399 3941 primo
423 3865 606 3924 adherebat.
623 3870 657 3925 Et
670 3867 782 3925 Paulus
796 3867 954 3943 apostolus
1007 3886 1070 3928 non
1093 3868 1300 3926 erubescimus
1317 3869 1493 3938 veritatem
1518 3866 1626 3926 reddat
1645 3869 1671 3926 ei
1693 3870 1838 3927 Dominus

137 3953 239 4014 dealiis
254 3957 401 4033 apostolis
423 3961 451 4014 et
470 3957 660 4028 evangelistis
673 3973 751 4032 quos
765 3962 835 4032 post
848 3973 956 4015 ascen·
1010 3957 1178 4016 secundum
1206 3972 1299 4032 opera
1325 3957 1400 4028 eJus,
1430 3955 1503 4029 quia
1528 3953 1616 4012 valde
1639 3957 1748 4016 resistit
1775 3974 1840 4016 ver-

139 4045 238 4104 sionem
264 4063 357 4105 suam
372 4046 516 4104 Dominus
529 4047 618 4120 elegit
631 4047 754 4117 multos,
770 4047 826 4105 ait:
842 4049 958 4119 etipse
1009 4050 1057 4106 bis
1073 4047 1201 4116 nostris;
1218 4046 1310 4105 habet
1330 4045 1461 4120 speciem
1483 4043 1611 4120 pietatis,
1627 4047 1681 4104 sed
1699 4047 1839 4109 1111111111

139 4133 207 4190 dedit
238 4137 387 4212 quosdam
415 4137 534 4210 quidem
563 4137 723 4210 apostotos,
752 4137 827 4194 oties
857 4143 958 4194 autera
1011 4137 1077 4210 ejus
1106 4135 1257 4207 abnegat;
1288 4134 1381 4191 habet
1415 4134 1521 4206 zelum,
1553 4136 1607 4192 sed
1637 4152 1699 4195 non
1737 4153 1842 4196 secun-

139 4228 337 4300 econgetistes,
366 4225 441 4282 altos
469 4241 538 4284 vero
562 4225 724 4298 prophetas
754 4231 781 4283 et
814 4226 957 4284 doctores.
975 4227 1087 4323 Ddum
1102 4223 1267 4282 seientiam.
1278 4226 1339 4297 Ego
1349 4241 1431 4295 vero,
1444 4224 1468 4282 si
1478 4224 1654 4284 fulminibus
1665 4227 1763 4299 igneis
1774 4244 1843 4286 con-

140 4313 205 4371 ,1111
218 4315 292 4373 Silas
306 4319 336 4374 et
349 4315 441 4372 Judas
456 4313 583 4389 apostoli
596 4315 636 4372 ah
649 4313 714 4372 aliis
725 4314 867 4388 apostolis
880 4314 961 4372 ordi-
1014 4331 1148 4374 sumerer
1161 4316 1192 4372 in
1202 4316 1260 4373 hac
1273 4314 1358 4384 hora,
1371 4329 1567 4389 nequaquam
1581 4316 1750 4376 testimonia
1760 4334 1844 4376 sanc-

140 4401 202 4473 nati,
215 4404 370 4479 prophetes
383 4402 533 4476 dicuntur,
548 4407 577 4460 et
591 4419 609 4461 a
623 4403 778 4478 prophetis
793 4408 822 4460 et
835 4403 963 4462 doctori·
1014 4411 1116 4465 torum
1152 4408 1272 4462 Petrum
1311 4409 1484 4463 nostrorum
1523 4408 1755 4478 transgrederer,
1791 4407 1843 4465 sed

141 4488 191 4545 hus
205 4493 313 4550 Paulus
329 4491 485 4550 ordinatus
498 4496 543 4550 est
556 4492 722 4566 apostolus.
738 4496 828 4550 Porro
850 4492 887 4550 de
899 4493 963 4550 Vita
1016 4495 1235 4554 exclamarem:
1258 4493 1397 4568 apostole
1424 4495 1530 4553 Christi
1553 4496 1700 4565 Martialis,
1726 4495 1844 4553 salvum

144 4579 268 4639 Martialis
284 4581 424 4658 apostoli,
437 4599 531 4657 quam
552 4581 695 4640 mentitur
717 4581 875 4640 hereticus
901 4599 963 4640 non
1017 4601 1066 4641 me
1089 4583 1146 4640 iac.
1165 4583 1194 4641 Si
1212 4587 1308 4640 totum
1323 4583 1540 4641 monasterinm
1561 4583 1655 4658 ipsius
1675 4583 1803 4658 apostoli
1817 4585 1846 4639 et

146 4683 202 4726 esse
216 4675 384 4747 anhquam,
399 4673 470 4730 andi
485 4671 612 4746 qualiter
622 4672 782 4730 Donadeus
796 4673 965 4730 monachus
1019 4677 1081 4731 tota
1096 4673 1197 4729 civitas
1212 4671 1432 4728 lemovicensis
1453 4672 1537 4730 omni
1557 4673 1649 4730 modo
1669 4671 1760 4728 hodie
1777 4671 1846 4741 igne

147 4758 272 4830 ejusdem
296 4761 435 4837 apostoli,
451 4761 518 4820 licet
543 4762 720 4833 illitteratus,
734 4765 867 4835 arguerit
884 4777 967 4820 men·
1021 4765 1213 4832 cremaretur,
1227 4776 1283 4819 neo
1299 4760 1341 4818 sic
1362 4760 1415 4835 qui
1436 4776 1507 4818 eum
1521 4759 1648 4832 diligunt
1667 4759 1848 4817 dimitterent

148 4848 215 4906 dacii
242 4853 408 4925 quemdam
435 4857 503 4910 ante
530 4853 586 4909 hos
612 4853 719 4911 decem
742 4867 840 4910 annos
868 4867 969 4924 gram·
1021 4866 1131 4924 puram
1148 4849 1303 4906 veritatem
1325 4849 1430 4924 ipsius,
1446 4847 1500 4906 sed
1514 4851 1585 4906 tunc
1599 4845 1751 4904 ardentius
1770 4851 1799 4906 et
1816 4846 1850 4904 fi-

149 4939 283 4998 maticum
311 4942 443 5000 1111111111
471 4941 604 5000 similiter
631 4941 793 5001 fallentem.
814 4941 969 5014 ingeniose
1022 4939 1169 4998 ducialius
1184 4937 1514 5014 clamarentrhpostoh
1529 4936 1572 4994 tui
1586 4935 1733 5006 Martialis,
1749 4937 1850 4996 Domi·

150 5025 225 5086 duxit
248 5031 406 5090 hominem
432 5031 464 5090 in
488 5031 645 5090 basilicam
662 5035 813 5090 vetustam
838 5029 971 5090 Salvato-
1023 5045 1073 5100 ne,
1087 5028 1430 5104 precibusadjuvemur,
1446 5031 1480 5084 ut
1498 5030 1527 5084 11
1546 5042 1565 5084 1
1585 5027 1694 5085 nostris
1715 5027 1849 5086 reatibus

151 5115 194 5185 ris,
221 5135 289 5194 quae
324 5120 418 5180 nimia
445 5123 589 5179 vetustate
616 5125 687 5178 tunc
710 5121 831 5180 ruinam
855 5120 973 5178 minita-
1025 5119 1165 5186 absoluti,
1193 5119 1232 5176 ab
1258 5117 1484 5176 imminentibus
1511 5116 1652 5191 perieulis
1678 5116 1851 5192 liberemur,

152 5203 207 5276 bat,
239 5214 268 5266 et
306 5214 374 5268 ante
409 5211 464 5268 hos
502 5215 617 5286 septem
658 5227 754 5270 annos
793 5215 838 5268 est
873 5209 973 5266 dhuta
1026 5225 1080 5286 per
1094 5208 1245 5268 Christum
1264 5207 1426 5266 Dominum
1440 5209 1587 5264 nostrvim.
1604 5209 1695 5266 Porro
1710 5208 1854 5266 sermoni·

154 5309 241 5370 usque
253 5297 294 5358 ad
305 5299 414 5369 solnm,
428 5304 457 5358 et
467 5299 525 5358 ait:
541 5302 596 5358 Dic
611 5301 687 5358 milri
695 5301 722 5358 si
730 5306 773 5359 est
784 5305 901 5358 vetusta
911 5301 973 5357 laec
1025 5298 1085 5356 bus
1098 5296 1548 5370 sapientiumhcetpaucorum,
1560 5297 1659 5370 potius
1669 5297 1854 5356 credendum

157 5385 296 5446 basilica?
318 5390 535 5448 Grammaticus
550 5389 656 5448 11111111
677 5391 850 5465 respondit:
873 5389 973 5446 Etiatn
1029 5391 1072 5444 est
1102 5401 1195 5459 quam
1233 5385 1360 5441 indocte
1398 5385 1596 5443 multitudinis
1621 5387 1703 5459 vulgi
1740 5386 1855 5460 opinio·

158 5483 504 5554 onteqaingeatosanaos
515 5483 576 5553 suit
590 5478 979 5542 vetustaMoxihiostendit
1030 5475 1129 5534 nibus.
1160 5479 1235 5532 Nam
1265 5474 1425 5532 multitudo
1458 5475 1613 5550 popularis
1644 5475 1739 5533 nescit
1765 5475 1857 5532 eham

59 5579 61 5652 ¹,
159 5565 181 5622 ei
195 5569 323 5641 piotmas
336 5571 431 5630 multa
450 5572 624 5648 antiquitate
644 5572 693 5630 vix
710 5575 860 5648 pmentes,
875 5573 904 5628 11
915 5569 975 5630 ait:
1032 5565 1237 5626 auctoritatem
1255 5568 1362 5640 praeter
1384 5565 1484 5637 istam
1499 5565 1617 5624 dicens:
1634 5564 1712 5634 Quid
1725 5563 1859 5624 lecerunt
