3990 6184
148 205 151 212 ,
221 160 286 217 rari
823 133 1320 214 1111111111111101111.
1865 169 1916 224 m

217 283 264 340 lsti
275 283 388 340 tlebant
401 282 459 338 hoc
480 280 564 354 quod
585 279 786 354 perdiderant,
801 279 843 336 illi
855 278 1041 352 gratulentur
1055 277 1080 344 h
1097 275 1230 350 quotidie
1236 281 1388 339 exorabat.
1397 282 1484 340 Alille
1495 283 1584 358 clam,
1591 285 1663 360 quia
1674 287 1820 345 nondum
1829 290 1918 363 11111

216 371 253 428 de
261 372 326 443 ejus
335 369 437 426 anima
447 383 540 442 quam
552 367 783 442 suscipiantlsti
793 367 1044 442 sepelieruntcor·
1096 365 1238 436 audebat,
1254 371 1365 442 reginae
1392 371 1516 430 insidias
1537 373 1729 442 moliebatur,
1751 377 1807 433 sed
1836 385 1867 434 ut
1888 381 1918 436 illi

214 475 272 531 pus
298 458 444 526 exanime,
460 457 501 514 illi
521 457 660 532 spiritum
684 457 837 515 deducant
859 457 891 513 in
913 454 1041 513 sublime
1096 460 1377 517 noceretanemine
1388 463 1623 535 permittebatur.
1634 465 1920 527 Undeillecumsuis

213 547 378 603 latendum
392 548 423 603 in
442 551 554 604 aeterna
571 544 683 620 requie.
698 549 754 602 Pro
768 547 834 618 ejus
846 545 972 604 1111111111
987 542 1043 600 soli
1095 542 1199 618 iniquo
1213 548 1380 620 excogitato
1395 550 1528 620 consilio,
1544 557 1632 610 natos
1651 553 1789 612 domnis
1805 575 1867 614 sune
1879 577 1920 616 vo

211 633 325 692 flebant
339 636 456 708 terreni,
470 637 525 698 sed,
547 651 603 710 pro
622 635 687 708 ejus
712 635 817 709 spiritu
843 633 1041 694 interveniant
1094 629 1176 690 lebat
1188 633 1363 707 interficere,
1376 645 1410 697 ut
1424 640 1467 696 sic
1482 656 1604 697 securus
1618 641 1765 717 deinceps
1777 645 1811 701 in
1826 663 1921 720 pecca-

211 740 282 781 cum
297 725 420 783 terrenis
433 725 524 782 etiam
539 725 618 782 cives
632 724 735 782 coelici.
750 727 783 782 Ut
794 725 860 797 eJ'ns
874 724 968 795 gloria
978 739 1041 779 cre·
1094 721 1131 778 tis
1144 723 1248 782 vivens
1269 731 1370 800 posset
1383 743 1518 802 regnare.
1533 733 1749 790 Verumtamen
1764 735 1919 794 nullumin

212 818 276 872 scat
290 814 434 889 quotidie,
450 831 571 872 oremus
593 817 687 872 Deum
704 815 824 872 intente.
842 817 876 871 lit
894 813 1039 888 quiahoc
1092 811 1150 868 hoc
1173 814 1356 874 omnimodis
1377 817 1517 876 ellectum
1540 819 1696 894 acciperet,
1713 822 1787 896 nisi,
1808 825 1920 882 11111111-

209 904 376 975 promeruit
389 920 443 961 sua
457 904 600 976 bonitate,
615 903 750 977 quotidie
764 904 930 961 clamemus
945 921 951 961 :
967 902 1037 959 Ani-
1092 898 1241 961 lentorum
1270 905 1341 962 dolo
1367 907 1501 980 adjutus,
1528 909 1586 966 hoc
1612 911 1695 983 quod
1729 914 1919 972 cenabimus

210 1009 263 1049 ma
275 993 418 1052 cnutonis
431 992 598 1066 requiescat
611 994 643 1049 in
657 1008 742 1068 pace,
757 1009 857 1051 amen.
1091 990 1286 1051 adinveniret.
1303 997 1440 1070 Namque
1453 995 1523 1055 dolo
1537 1004 1663 1074 reperto,
1677 1000 1750 1058 tecit
1765 1003 1918 1076 epistolam

245 1085 357 1140 llortuo
378 1085 513 1141 cnutone
536 1098 614 1153 rege,
630 1081 854 1156 honorificeque
874 1079 991 1156 sepulto
1005 1081 1037 1139 in
1090 1079 1122 1136 in
1135 1095 1265 1153 persona
1278 1083 1387 1154 reginae
1402 1085 1441 1142 ad
1453 1084 1529 1143 lilios
1543 1087 1568 1159 ej
1574 1088 1691 1159 uadem,
1706 1091 1764 1164 qui
1780 1090 1814 1148 in
1828 1095 1918 1150 North

208 1172 390 1230 monasterio
419 1172 450 1228 in
476 1171 590 1230 honore
621 1172 716 1229 saneti
749 1171 823 1230 Petri
854 1175 1034 1243 constructo,
1090 1168 1215 1227 mannia
1247 1171 1455 1241 morabantur,
1484 1191 1675 1249 componere,
1710 1179 1806 1249 cujus
1838 1184 1916 1238 etiam

206 1261 331 1318 domina
345 1261 449 1332 regina
464 1264 570 1319 limma
584 1261 648 1318 sola
659 1261 802 1319 remansit
815 1261 846 1318 in
860 1276 963 1333 regno,
979 1261 1035 1318 do·
1090 1258 1244 1332 exemplar
1256 1275 1318 1316 non
1333 1259 1415 1334 piget
1432 1262 1520 1319 nobis
1536 1263 1722 1322 subnectere.

205 1351 270 1407 lens
284 1351 322 1407 de
336 1351 451 1408 domini
475 1351 521 1408 sui
536 1355 631 1408 morte
652 1367 768 1418 amara,
782 1356 811 1408 et
832 1351 958 1408 sollicita
977 1368 1034 1426 pro
1123 1347 1231 1404 Emma
1257 1353 1375 1407 tantum
1397 1354 1516 1408 nominc
1537 1355 1643 1426 regino
1655 1357 1731 1424 filiis
1747 1357 1918 1417 Encas-doct

205 1440 336 1497 tiliorum
361 1440 506 1498 absentia.
522 1443 657 1514 Namque
679 1457 758 1498 unus
782 1456 898 1511 eorum,
921 1439 1033 1498 ilarde—
1087 1435 1211 1507 Alsrido
1226 1443 1363 1496 materna
1387 1440 1520 1511 impertit
1543 1444 1744 1502 salutamina.
1762 1448 1860 1504 Deum
1878 1450 1915 1505 do

205 1533 295 1586 cnuto
311 1529 431 1598 scilicet,
446 1545 538 1602 quem
562 1533 647 1602 pater
669 1545 772 1601 regem
795 1531 948 1587 Dacorum
962 1545 1032 1587 con·
1087 1525 1164 1582 mini
1174 1529 1271 1583 nostri
1285 1529 1362 1600 regis
1376 1529 1486 1586 obitum
1509 1535 1672 1602 separatim
1684 1535 1881 1607 plangimus,
1893 1540 1920 1606 11·

204 1618 305 1688 11111111,
319 1635 374 1676 suo
389 1618 565 1676 morabatur
585 1618 616 1674 11
637 1633 741 1690 regno,
756 1618 818 1675 duo
843 1633 914 1675 vero
938 1617 987 1676 alii
1001 1617 1031 1675 in
1045 1627 1068 1686 g
1088 1615 1312 1685 tiichcn'ssiini,
1323 1619 1453 1692 dumque
1466 1620 1572 1678 dictim
1586 1624 1684 1693 magis
1704 1626 1869 1698 magisque
1880 1643 1918 1682 re·

203 1708 425 1765 Northmannisc
439 1707 551 1764 finibus
573 1707 612 1764 ad
626 1707 822 1764 nutriendum
835 1707 944 1776 traditi,
961 1724 1032 1766 cum
1085 1720 1145 1776 gno
1160 1703 1344 1763 hereditatis
1354 1713 1460 1780 vestrae
1471 1711 1647 1780 paramini,
1660 1713 1765 1770 miror
1774 1717 1853 1786 qnid
1861 1732 1919 1787 cap

203 1797 374 1871 propinquo
399 1813 454 1853 suo
483 1796 634 1867 degebant
656 1795 793 1853 lieberto.
812 1795 894 1853 Unde
917 1796 1030 1854 tactum
1086 1794 1152 1850 tetis
1167 1796 1294 1862 consilii,
1308 1797 1379 1854 dnm
1395 1799 1497 1856 scintis
1510 1801 1744 1858 intermissionis
1760 1811 1870 1862 cestra·
1883 1807 1919 1862 dt

199 1891 247 1943 est
277 1890 310 1943 ut
346 1885 471 1959 quidrun
501 1885 684 1956 anglorum,
711 1885 851 1958 pietatem
877 1884 956 1955 regis
984 1885 1031 1942 sul
1086 1882 1206 1946 lotione.
1217 1884 1365 1942 invasoris
1378 1888 1470 1943 vestri
1483 1888 1603 1960 imperii
1613 1890 1684 1958 iteri
1697 1893 1816 1951 1111111111
1828 1897 1918 1951 solidi

198 1976 264 2048 jam
278 1975 410 2032 defuncti
426 1974 519 2043 obliti,
534 1974 659 2032 mallent
678 1989 806 2045 regnum
830 1989 921 2031 suum
941 1973 1031 2032 dede·
1085 1977 1185 2029 tatem.
1200 1973 1230 2030 Is
1244 1975 1320 2031 enim
1340 1976 1524 2034 incessanter
1538 1979 1617 2034 vicos
1638 1985 1666 2036 et
1683 1981 1778 2039 urbes
1806 1985 1917 2052 curuis,

201 2081 304 2122 corare
329 2081 423 2138 quam
449 2079 568 2133 ornare,
592 2063 793 2136 relinquentes
813 2061 930 2120 nobiles
951 2062 1029 2120 filios
1082 2066 1110 2118 et
1122 2061 1183 2117 sihi
1191 2064 1302 2120 amicos
1313 2065 1465 2135 principes
1479 2067 1664 2139 muneribus,
1678 2071 1774 2128 miris
1787 2079 1817 2130 et
1829 2077 1916 2144 precs·

199 2153 325 2225 insignis
343 2153 592 2225 raginelmus,
608 2158 638 2210 et
651 2152 792 2223 eligentes
813 2151 870 2209 sihi
880 2151 913 2210 in
926 2168 1029 2225 regem
1084 2149 1136 2206 bus
1147 2151 1234 2221 fecit.
1251 2151 1310 2208 Sed
1323 2168 1417 2210 annm
1430 2169 1446 2210 e
1461 2154 1541 2211 1111111
1555 2171 1648 2226 super
1671 2174 1705 2216 se
1724 2162 1852 2218 mallent
1873 2179 1917 2219 re·

198 2244 364 2318 quemdam
379 2243 553 2312 llaraldum,
570 2243 622 2317 qui
641 2259 705 2300 esse
728 2241 825 2298 tilium
850 2242 927 2300 falsa
950 2243 1028 2300 aesti-
1082 2253 1177 2309 gnare
1199 2254 1289 2311 qnam
1308 2240 1394 2297 istius
1410 2243 1463 2314 qni
1476 2259 1537 2300 non
1551 2245 1592 2301 eis
1606 2245 1749 2316 impert,
1765 2251 1911 2306 1111111111·-

198 2335 330 2391 matione
352 2333 493 2390 asseritur
512 2333 674 2405 cujusdam
693 2332 829 2405 ejusdem
850 2332 929 2403 regis
953 2335 1029 2392 (1111-
1082 2329 1170 2386 tione.
1188 2329 1282 2400 Unde,
1298 2345 1380 2403 rogo,
1397 2347 1475 2388 unns
1490 2339 1621 2391 vestrum
1645 2335 1689 2392 cd
1711 2353 1759 2394 me
1779 2339 1913 2396 manser

197 2423 276 2480 tonis
317 2423 504 2481 concubina.
546 2422 746 2480 rtunmorum
788 2437 859 2478 vero
902 2422 1028 2480 assertio
1081 2422 1110 2474 et
1121 2419 1241 2488 private
1255 2421 1365 2490 veniet,
1382 2426 1415 2477 nt
1428 2422 1550 2480 salubre
1571 2439 1591 2480 c
1605 2440 1652 2483 me
1665 2429 1831 2486 consiliam
1844 2433 1917 2486 ccci

197 2512 339 2568 eumdem
365 2510 531 2568 tlaraldum
566 2509 702 2585 perhibet
734 2510 835 2568 furtim
862 2508 953 2568 fuisse
980 2527 1027 2568 su·
1077 2507 1155 2576 pict,
1171 2513 1198 2564 ct
1221 2509 1367 2580 sciatque
1387 2517 1476 2580 pacto
1497 2511 1553 2568 noc
1575 2515 1730 2584 negotium
1755 2519 1840 2587 quod
1853 2522 1916 2576 ecla

195 2601 336 2676 breptum
362 2599 536 2673 parturienti
564 2600 689 2668 ancilla,
716 2599 891 2672 impositum
923 2603 1025 2656 autem
1078 2595 1148 2664 fieri
1166 2595 1280 2653 debeat.
1296 2597 1357 2654 Per
1369 2605 1545 2668 presentem
1558 2617 1675 2674 qnoque
1690 2603 1916 2664 bumannum

196 2707 322 2748 camerac
355 2688 525 2760 languentis
551 2687 736 2744 concubinae.
771 2687 859 2754 Quod
887 2687 1025 2746 veracius
1079 2683 1153 2755 qnid
1177 2699 1268 2755 snper
1292 2685 1338 2742 his
1361 2686 1480 2756 facturi
1502 2690 1570 2746 estse
1589 2692 1783 2750 rencndcte.
1807 2696 1913 2766 Valere,

195 2779 275 2836 credi
299 2781 407 2852 potest.
424 2777 480 2844 Qui
500 2775 619 2844 electus,
636 2781 834 2850 metuensque
857 2775 958 2848 futuri,
974 2775 1025 2834 ad·
1078 2773 1177 2829 cordis
1192 2775 1250 2830 mei
1266 2776 1390 2832 cucero.

193 2871 282 2923 vocat
295 2881 366 2922 mox
380 2864 640 2938 archiepiscopum
652 2864 814 2938 AElnotum,
826 2863 926 2920 virum
940 2865 1024 2922 omni
1114 2863 1173 2918 llac
1187 2861 1292 2920 fraude
1302 2863 1392 2934 jussu
1407 2865 1527 2924 Haraldi
1542 2869 1663 2940 tyranni
1677 2873 1867 2944 composita,
1876 2891 1915 2931 re

192 2955 337 3012 virtuteet
347 2953 870 3028 sapientiaprtsditum,imperatque
880 2957 1022 3012 etoratse
1038 2985 1058 3044 C
1077 2948 1133 3021 giis
1152 2950 1382 3010 adolescentulis
1396 2959 1440 3011 est
1463 2955 1575 3012 directa
1593 2973 1649 3031 per
1662 2959 1799 3032 pellaces
1815 2981 1914 3021 curso

191 3043 370 3103 benedictin
382 3043 618 3118 regem,sibique
629 3043 705 3100 tradi
715 3061 785 3102 cum
798 3060 911 3102 corona
922 3045 1022 3118 regale
1075 3039 1246 3115 roseisque
1262 3057 1298 3098 ex
1312 3049 1396 3115 parte
1412 3044 1514 3101 matris
1529 3045 1643 3116 ignara
1656 3049 1762 3106 oblata
1778 3057 1808 3110 et
1822 3054 1913 3111 hono

193 3153 255 3193 suae
270 3134 414 3193 custodiae
428 3133 627 3202 commissum
641 3139 792 3208 sceptrum
807 3138 836 3192 et
850 3151 883 3192 se
896 3134 967 3192 duci
980 3133 1021 3190 ab
1074 3126 1155 3184 rifioe
1170 3127 1209 3185 ab
1222 3129 1274 3198 eis,
1290 3135 1324 3187 ut
1336 3147 1449 3189 munus
1462 3133 1612 3204 genitricis
1627 3143 1779 3212 suscepta.
1798 3144 1912 3213 Legunt

190 3226 309 3289 godam,
323 3225 396 3300 quia
411 3225 450 3283 ab
463 3225 521 3282 alio
533 3241 595 3282 non
607 3224 653 3282 fas
668 3224 774 3295 fuerat,
790 3224 821 3282 in
836 3224 964 3282 sublime
977 3241 1021 3282 re·
1074 3215 1160 3273 dolos
1180 3218 1245 3288 ejus
1269 3219 1371 3291 nescii,
1388 3225 1426 3290 et,
1443 3223 1519 3295 proh
1542 3221 1648 3281 dolor!
1673 3227 1765 3284 nimis
1787 3229 1912 3289 falsitati

190 3317 242 3389 gni
259 3316 377 3374 solium.
400 3315 537 3386 Abnegat
558 3313 813 3390 archiepiscopus,
834 3315 892 3371 sub
904 3315 1019 3387 jureju-
1074 3306 1196 3375 creduli,
1212 3307 1379 3366 1⁰00nsttlle
1402 3310 1584 3369 remandant
1598 3314 1730 3385 genitrici
1745 3333 1847 3376 unum
1863 3337 1911 3377 eo

188 3406 434 3463 randoasserens
451 3421 482 3462 se
496 3405 649 3461 neminem
663 3403 756 3461 alium
779 3403 810 3460 in
822 3418 925 3478 regem
940 3403 1020 3472 (tiliis
1072 3412 1140 3452 rum
1167 3397 1207 3454 ad
1232 3415 1299 3456 eam
1323 3404 1580 3472 asseverarem,
1605 3404 1854 3479 consumuntque
1882 3413 1911 3468 ai

188 3495 303 3549 Emmse
317 3492 426 3562 regins
438 3491 617 3562 viventibus)
632 3491 757 3548 laudare
769 3491 817 3547 vel
831 3491 1017 3549 benedicere.
1071 3484 1152 3542 diem
1174 3491 1202 3544 et
1218 3492 1338 3561 tempus
1352 3494 1381 3546 et
1399 3488 1509 3548 locum.
1527 3491 1653 3562 Regressi
1666 3491 1767 3564 itaque
1781 3493 1906 3564 legata·

191 3603 204 3629 a
218 3579 278 3635 Hos
292 3594 369 3636 mese
379 3577 449 3634 fidei
462 3581 556 3636 cnuto
571 3577 720 3634 commisit
731 3594 739 3646 ;
751 3576 898 3634 hisfidem
910 3577 1017 3645 debeo,
1070 3573 1106 3629 111
1119 3573 1258 3633 intimant
1275 3577 1323 3634 [lei
1338 3576 1547 3652 inimicisque
1558 3579 1609 3635 sihi
1620 3595 1762 3653 responsa
1773 3583 1907 3644 reddita

187 3673 215 3725 et
239 3667 286 3723 his
307 3665 481 3724 fidelitatem
506 3664 641 3720 servabo.
660 3667 814 3738 sceptrum
830 3668 859 3720 et
873 3679 1015 3723 coronam
1071 3660 1129 3719 sint
1168 3678 1187 3719 a
1221 3665 1385 3735 juvenibus
1417 3667 1621 3726 nobilissimis.
1646 3667 1718 3727 ilinc
1752 3669 1797 3728 illi
1824 3688 1913 3747 pres-

187 3771 273 3814 sacro
298 3755 383 3813 altari
405 3755 540 3828 impono,
557 3757 585 3809 et
599 3753 656 3810 hoo
671 3751 726 3809 tibi
740 3768 796 3809 nec
817 3752 944 3823 denego,
960 3769 1016 3811 nec
1071 3750 1258 3810 stolahentur
1272 3753 1338 3825 ejus
1354 3755 1530 3824 adventum,
1543 3761 1573 3813 et
1583 3757 1658 3830 quid
1670 3757 1708 3814 de
1721 3773 1758 3815 eo
1770 3759 1912 3821 lacerent

185 3847 290 3916 trado;
312 3845 366 3902 sed
380 3844 530 3918 episcopis
544 3841 698 3912 omnibns,
714 3858 752 3899 ne
773 3841 842 3916 quis
862 3857 967 3898 eorum
980 3857 1016 3901 ea
1069 3839 1110 3898 ad
1134 3857 1223 3897 suurn
1242 3841 1422 3910 invenerunt
1444 3844 1669 3904 detrimentum.
1684 3849 1803 3907 statuto
1814 3851 1912 3922 igitur

184 3937 267 3995 tollat
281 3937 372 3994 tibive
390 3934 498 4001 tradat,
514 3941 578 3989 teve
599 3931 766 4004 benedicat,
782 3929 948 4005 apostolica
962 3947 1016 3988 au·
1068 3928 1126 3998 die,
1143 3929 1274 3988 nundus
1288 3931 1387 3989 minor
1398 3939 1482 4000 natu,
1498 3934 1642 3994 laudante
1655 3936 1756 4008 tratre,
1768 3940 1863 4012 elegit
1874 3944 1911 3999 si-

183 4027 316 4084 ctoritate
336 4024 491 4082 interdico.
517 4023 562 4080 Tu
586 4038 668 4092 vero,
692 4021 716 4076 si
739 4020 908 4094 prasumis.
930 4021 1014 4094 quod
1067 4016 1098 4074 bi
1110 4018 1338 4088 commilitones,
1356 4025 1394 4090 el,
1409 4021 1556 4096 arripiens
1573 4025 1640 4095 iter,
1662 4026 1810 4085 Flandriae
1826 4032 1911 4087 venit

182 4117 243 4170 Deo
257 4128 432 4186 mensaque
445 4113 510 4184 ejus
525 4110 665 4168 commisi
682 4108 848 4166 invadito.»
865 4108 940 4176 Quid
956 4109 1012 4166 mi·
1067 4105 1098 4163 in
1112 4105 1198 4165 fines.
1216 4110 1281 4175 Quo
1295 4109 1452 4182 paululum
1469 4128 1539 4170 cum
1562 4115 1739 4174 marchione
1754 4119 1909 4178 Balduino

182 4218 230 4258 ser
242 4206 353 4272 ageret,
368 4217 430 4273 quo
456 4215 487 4256 se
503 4203 638 4270 verteret,
651 4198 822 4268 ignorabat.
836 4197 1013 4256 intendebat
1067 4200 1211 4268 moratus,
1227 4200 1255 4252 et
1267 4196 1307 4253 ab
1321 4213 1356 4254 eo
1370 4205 1494 4270 rogatus
1510 4206 1543 4259 ut
1556 4203 1693 4276 aliquam
1706 4211 1826 4278 partem
1842 4225 1906 4264 sure

181 4290 290 4357 minas,
308 4293 337 4346 et
358 4287 433 4344 nihil
453 4286 586 4359 proiecit.
603 4285 799 4360 Expendebat
821 4301 958 4351 munera,
983 4291 1012 4344 et
1066 4283 1178 4341 militiae
1202 4300 1305 4343 secum
1330 4287 1453 4345 duceret
1474 4294 1598 4364 propter
1617 4291 1730 4350 insidia
1755 4295 1902 4352 hostium.

179 4381 223 4437 nil
234 4380 366 4437 lucratus
380 4375 492 4444 doluit;
519 4374 664 4447 quoniam
679 4374 724 4431 vir
747 4373 929 4448 apostolicus
954 4339 1047 4432 1111ρ
1066 4372 1123 4430 Sed
1152 4377 1268 4430 tantum
1308 4375 1541 4435 Bononiensium
1570 4394 1686 4452 paucos
1718 4387 1905 4459 assumpsit,

178 4470 300 4528 valebat
313 4467 402 4525 minis
412 4464 509 4537 dejici,
523 4479 579 4521 nco
591 4463 766 4520 muneribus
777 4463 863 4520 flecti.
872 4464 1009 4522 Tandem
1065 4467 1093 4520 et
1114 4463 1247 4521 ascensis
1267 4465 1422 4540 puppibus
1448 4483 1531 4525 more
1550 4470 1763 4530 transfretavit.
1786 4479 1826 4532 at
1852 4476 1909 4532 uhi

179 4560 354 4635 desperatus
380 4554 533 4625 abscessit,
548 4558 578 4612 et
602 4552 805 4626 episcopalem
829 4553 1012 4612 benedictio-
1062 4551 1152 4610 littori
1184 4553 1264 4612 venit
1290 4555 1460 4627 contiguus,
1484 4573 1556 4614 mor
1581 4559 1621 4616 ab
1648 4561 1839 4620 adversariis
1862 4571 1910 4622 est

178 4667 249 4708 nem
264 4649 340 4706 adeo
355 4647 475 4722 sprevit,
492 4648 525 4701 ut
538 4660 600 4701 non
614 4642 712 4699 solum
727 4641 827 4716 ipsam
848 4643 945 4700 odiret
956 4643 1010 4701 be·
1062 4642 1191 4714 agnitus.
1212 4643 1268 4711 Oui
1288 4650 1477 4703 occurrentes
1495 4647 1637 4706 volebant
1662 4665 1733 4707 eum
1761 4655 1906 4724 aggredi,

177 4739 394 4804 uastationem,
427 4750 533 4792 verum
567 4733 656 4790 etiam
691 4729 861 4787 universam
894 4731 1010 4802 fugeret
1062 4731 1116 4788 sed
1134 4732 1234 4789 statim
1246 4732 1294 4789 ille
1309 4736 1839 4808 agnoscensjussitnavesalittore
1853 4744 1907 4800 illo

177 4825 402 4887 Christianitatis
414 4823 598 4894 religionem.
613 4825 747 4894 Namque
761 4819 835 4876 dum
852 4819 901 4877 alii
915 4821 1008 4880 eccle·
1060 4820 1172 4895 repelli.
1185 4820 1249 4878 Alia
1263 4826 1364 4879 autem
1377 4823 1546 4882 ascendens
1560 4825 1591 4883 in
1610 4827 1749 4896 statione,
1766 4835 1905 4890 matrem

177 4918 255 4975 siam
268 4914 429 4973 christiano
442 4928 525 4969 more
539 4911 664 4968 missam
680 4911 783 4967 audire
794 4909 1005 4980 subintrarent,
1059 4910 1189 4984 parabat
1214 4911 1306 4980 adire,
1335 4913 1488 4970 aestimans
1515 4932 1546 4972 se
1567 4932 1691 4974 omnem
1715 4917 1904 4979 insidiarum

174 5003 412 5082 ipseautsaltus
435 5000 561 5058 canibus
587 4999 627 5056 ad
640 4999 814 5056 venandum
836 4997 937 5067 cinxit,
954 5003 1006 5056 aut
1058 5004 1176 5073 pestem
1202 5000 1343 5058 evasisse.
1374 5005 1482 5060 Verum
1519 5005 1571 5061 ubi
1602 5007 1668 5079 jam
1693 5013 1758 5066 erat
1792 5011 1904 5084 proxi-

174 5093 359 5170 quibuslibet
386 5091 452 5148 aliis
479 5088 629 5146 vilissimis
656 5088 747 5144 rebus
776 5098 841 5144 sese
874 5103 1004 5161 occupa·
1058 5106 1137 5159 mus,
1168 5089 1208 5146 illi
1238 5107 1339 5148 comes
1375 5093 1528 5151 Godvinus
1568 5101 1614 5152 est
1647 5096 1758 5154 obvius
1787 5099 1903 5167 hctus,

172 5186 224 5252 vit,
255 5188 287 5240 ut
314 5185 431 5240 tantum
467 5178 617 5236 declinare
648 5181 750 5251 posset
782 5175 867 5250 quod
902 5177 1002 5234 odivit.
1058 5181 1086 5234 et
1100 5193 1168 5234 eum
1182 5177 1212 5234 in
1229 5196 1283 5237 sua
1294 5181 1425 5256 suscepit
1438 5181 1509 5252 fide,
1525 5184 1653 5258 ejusque
1665 5185 1700 5242 tit
1712 5203 1788 5244 mox
1806 5189 1903 5246 miles

173 5274 259 5342 Quod
286 5269 370 5343 Angli
393 5269 526 5326 videntes
562 5265 715 5336 dolebant,
739 5265 792 5322 sed
824 5266 896 5340 quia
922 5266 1003 5323 hunc
1058 5282 1127 5323 cum
1149 5269 1327 5325 sacramenti
1357 5261 1566 5330 affirmatione.
1583 5275 1618 5330 nt
1640 5273 1770 5332 dedans
1789 5293 1868 5335 eum
1884 5295 1903 5334 a

172 5364 228 5420 sihi
253 5377 353 5434 regem
377 5358 538 5430 elegerant,
554 5357 635 5413 hunc
657 5355 842 5412 erubuerunt
863 5354 1001 5427 dejicere,
1057 5355 1222 5426 londonia,
1236 5357 1354 5421 induxit
1367 5374 1437 5416 eum
1461 5360 1583 5420 invilla
1609 5362 1790 5424 Sildciordia
1816 5383 1902 5425 1111-

171 5451 299 5524 ideoque
312 5451 526 5524 disposuerunt
546 5448 627 5503 hunc
646 5444 702 5502 sibi
718 5460 819 5516 regem
840 5443 900 5500 tine
916 5446 1001 5500 tenus
1056 5449 1176 5517 cupata,
1191 5444 1324 5521 inibique
1337 5447 1445 5505 milites
1460 5450 1526 5522 ejus
1540 5451 1663 5509 vicenos
1676 5457 1706 5510 et
1717 5453 1900 5522 duodenos.

171 5555 247 5596 esse.
260 5539 387 5596 Domina
399 5542 500 5594 autem
517 5535 620 5606 regina
644 5537 750 5590 Emma
764 5532 876 5589 exitum
895 5531 938 5588 rei
952 5548 1001 5588 ox·
1055 5533 1244 5607 decenosque
1260 5536 1378 5607 singula
1394 5537 1479 5596 duxit
1497 5555 1551 5614 per
1565 5541 1706 5616 hospitia,
1721 5546 1838 5617 paucis
1850 5561 1898 5602 re-

170 5627 335 5704 spectabat,
351 5630 379 5683 et
394 5625 609 5701 aliquantisper
631 5622 755 5682 sollicita
780 5621 926 5682 amilium
949 5619 1021 5680 1111
1055 5620 1130 5682 lictis
1142 5637 1213 5682 eum
1232 5622 1353 5698 juvene,
1366 5625 1499 5704 quietus
1511 5629 1631 5692 arnus
1644 5629 1794 5694 deberent
1815 5634 1901 5694 insi-
