4044 6184
203 160 251 212 135
738 160 915 216 annuendi
935 155 1173 216 scuchhsvrca
1194 156 1367 213 aduncae.
1864 162 1916 215 131

200 277 310 335 «1111111
337 277 419 334 aliud
442 278 498 335 nisi
520 283 552 335 ut
577 284 605 337 tc
629 280 767 338 visam.»
794 283 934 340 Witbcrto
961 297 1032 339 vero
1047 284 1070 337 A
1087 276 1254 345 cerebrum,
1278 295 1441 354 versusque
1463 281 1494 337 in
1529 285 1697 354 sturporcm
1723 281 1917 344 obdormivit.

202 368 442 440 gratiasagente,
458 368 559 442 ipsum
573 386 677 428 rursus
691 376 793 430 sancta
809 373 891 430 Fides
907 373 1032 430 interro·
1087 379 1161 433 Cum
1177 380 1277 434 aulem
1302 378 1456 435 matutinae
1479 379 1585 436 laudes
1610 385 1779 450 agerentur,
1794 386 1919 456 propter

200 463 273 528 8³12
292 480 306 508 ‘¹
323 457 749 530 (308003013111116111111116
772 478 851 532 flam,
876 478 911 520 ³10
933 462 955 518 Si
967 463 1032 534 111111
1086 479 1275 542 concentum,
1297 481 1325 532 ct
1338 476 1582 534 vociferationem
1597 477 1787 552 psallentium
1814 495 1919 554 exper-

199 547 316 604 dudum
327 547 435 613 visam,
449 551 733 620 recognoscens,sic
747 549 830 608 visus
844 557 887 609 cst
907 567 1031 624 respon·

198 636 292 693 dere:
310 636 435 693 «Etiam
462 637 539 694 bene
564 642 591 695 te
617 639 715 710 video,
745 640 828 711 hera,
858 645 887 696 et
920 641 1031 714 optime

198 741 358 797 cognosco.
384 758 418 768 -
440 726 490 782 llic
504 727 594 784 eiiam
607 728 680 785 mihi
694 730 890 802 quomodote
904 731 1030 802 habeas,

197 815 304 889 inquit,
325 831 479 890 quamque
499 832 641 890 prospere
659 823 709 875 lua
735 835 782 875 res
808 823 924 890 agatur.
943 843 957 870 a
982 818 1031 875 lllc

196 904 352 978 respondit
375 922 382 961 :
403 927 417 954 «
439 905 565 978 Optime,
589 907 672 979 hera,
697 909 788 965 rebus
806 909 881 966 meis
900 907 1032 966 succedit

198 994 327 1064 lortuna,
343 999 510 1066 cunctaque
525 995 576 1051 [lei
590 997 685 1067 gratia
698 1003 768 1054 sunt
791 1013 862 1068 1131
886 1013 935 1054 me
963 1014 1032 1072 pro·

198 1099 294 1157 spera.
317 1106 331 1133 »
351 1084 404 1140 Cui
428 1083 499 1140 illa:
526 1107 540 1133 «
557 1087 591 1140 Et
613 1087 780 1159 quomodo,
796 1087 846 1154 ait,
874 1102 1028 1161 prospera,

197 1173 269 1246 quia
282 1173 385 1230 lumen
398 1173 464 1230 coeli
477 1189 540 1231 non
553 1173 664 1233 vides?
684 1199 698 1227 1
719 1176 768 1232 1111
782 1176 874 1245 enim,
899 1180 933 1233 ut
953 1175 986 1233 11
999 1177 1030 1234 11

201 1262 325 1329 somnis,
353 1261 437 1318 aliter
459 1278 552 1336 qnam
576 1280 623 1319 res
639 1269 711 1330 erat,
737 1265 838 1322 videre
861 1268 1028 1338 putaverat.

108 1347 115 1362 “
200 1352 257 1418 Qui
271 1353 343 1409 mox
357 1351 396 1408 ad
411 1353 491 1409 hunc
515 1353 607 1410 finem
631 1354 909 1426 interrogationum,
929 1354 1030 1411 oculo-

196 1455 264 1496 rum
280 1440 479 1497 reminiscitur
492 1441 674 1498 amissorum
689 1460 696 1498 :
718 1464 732 1492 «
757 1442 1029 1516 1111111111-

195 1528 315 1601 quiens,
325 1528 426 1586 videre
439 1529 567 1602 possim,
592 1530 643 1602 qui
666 1545 746 1586 anno
772 1530 920 1603 praeterito
944 1535 1030 1588 atua

196 1617 352 1675 sativum
364 1633 513 1684 remeans’
530 1618 633 1689 injusti
658 1618 773 1676 (1οωίΠί
794 1619 933 1677 videmia
958 1635 1028 1722 ΟΨ
1048 1630 1068 1686 B
1083 1662 1182 1719 dibus.
1200 1663 1361 1734 Fuitigitur
1374 1664 1524 1722 ineffabile
1538 1665 1694 1736 gaudium,
1714 1665 1850 1723 inaudita
1864 1668 1915 1724 lae-

195 1706 241 1763 los
264 1707 354 1764 miser
376 1707 587 1781 perdiderim?
604 1729 617 1758 a
642 1710 676 1764 Et
694 1708 744 1764 illa
761 1726 767 1764 :
785 1731 798 1757 1
820 1708 961 1780 Nimium,
981 1725 1026 1766 11-

195 1797 269 1870 quit,
289 1799 382 1852 Deum
404 1795 529 1852 offendit
554 1797 742 1871 graviterque
771 1798 882 1854 summi
907 1799 1026 1856 artificis

195 1885 271 1942 iram
285 1885 417 1956 irritavit,
444 1885 498 1958 qui
521 1889 549 1942 te
574 1885 758 1944 immeritum
781 1888 914 1960 corporis
937 1888 1026 1946 detri-
1083 1931 1089 1944 .

194 1977 297 2030 mento
325 1973 491 2032 damnavit.
517 1978 635 2044 Verum,
663 1975 687 2032 si
706 1977 834 2034 crastina
853 1977 929 2046 lucc,
957 1995 1026 2052 que

195 2064 249 2120 erit
275 2063 408 2137 martyrii
434 2063 493 2120 mei
522 2064 647 2135 vigilia,
679 2067 814 2123 conchas
847 2066 1024 2142 perrexeris,

195 2157 371 2228 emptasque
396 2153 474 2210 duas
500 2154 651 2223 candelas,
679 2171 773 2214 unam
805 2156 929 2230 quidem
957 2162 1026 2215 anie
1098 2201 1104 2213 .

194 2259 280 2300 aram
295 2244 389 2300 sancti
405 2243 924 2320 suvamris‚a1teramquoqueanm
941 2264 1026 2305 aram

193 2332 246 2388 ubi
264 2331 351 2402 31111
372 2333 505 2407 corporis
531 2334 589 2390 mci
619 2334 740 2393 condita
766 2340 820 2407 est,
837 2352 1023 2409 apposueris,

194 2421 350 2480 oculorum
364 2423 401 2480 11
416 2423 531 2494 integro
545 2421 776 2481 reformatorum
790 2425 898 2482 decore
925 2440 1023 2484 mere-

192 2511 272 2568 beris
285 2511 415 2583 gaudere
427 2532 434 2582 ;
451 2511 600 2586 siquidem
615 2530 670 2587 pro
682 2513 764 2572 illata
777 2513 830 2571 tihi
844 2514 954 2586 iniuria
969 2533 1026 2572 coe-

194 2601 274 2659 lestis
281 2602 390 2674 judicis
407 2602 546 2674 pietatem
569 2602 681 2674 ingenti
696 2603 826 2661 clamore
848 2604 888 2662 ad
909 2605 1025 2663 miseri-

194 2690 329 2748 cordiam
345 2691 489 2764 permovi,
506 2693 660 2765 [leumque
674 2708 729 2766 pro
744 2692 839 2750 salute
853 2698 903 2750 tua
913 2695 1024 2752 sedulae

192 2779 289 2854 precis
301 2779 442 2837 instantia
458 2779 561 2837 tandiu
582 2779 715 2851 fatigavi,
737 2781 872 2855 quandiu
888 2783 952 2856 ipse
966 2782 1024 2840 im·

193 2872 314 2942 1111111
329 2868 459 2943 optionis
477 2867 610 2935 effectus,
635 2866 752 2924 facilem
778 2869 1023 2944 exorabilemque

193 2957 339 3013 redderet.
368 2979 382 3008 a
411 2960 476 3013 llaec
501 2955 553 3012 ubi
579 2955 658 3012 dicta
683 2957 775 3024 dedit,
802 2957 892 3030 coepit
914 2958 1065 3044 iterumc

194 3051 284 3120 atque
296 3046 402 3102 iterum
417 3046 535 3104 abituro
547 3045 668 3114 instare,
685 3051 713 3104 et
727 3050 760 3103 ut
779 3047 930 3106 celerrime
955 3065 1022 3122 per-

194 3140 284 3208 geret,
300 3135 439 3193 obnixius
463 3152 596 3205 monere,
623 3137 684 3194 imo
705 3137 743 3194 de
766 3138 861 3211 pretio
886 3140 1022 3198 emendae

193 3241 268 3282 cerae
295 3226 449 3296 haesitanti,
477 3227 519 3284 ita
545 3226 700 3284 consulere
715 3245 722 3282 :
739 3250 753 3277 a
774 3228 846 3286 llille
873 3229 1021 3301 homines,

192 3333 269 3390 quos
290 3332 448 3391 nunquam
476 3316 584 3386 vidisti,
615 3318 719 3391 inquit,
744 3318 797 3374 tihi
819 3323 889 3376 sunt
912 3320 1020 3378 daturi.

192 3409 299 3464 Praeter
313 3407 501 3477 1111111111,
518 3411 549 3463 ut
572 3421 704 3480 praesens
730 3407 884 3476 negotium
905 3408 1021 3466 lacilius

192 3511 319 3568 peragas
334 3511 425 3569 perge
438 3495 563 3552 festinus
578 3496 719 3568 praesenti
733 3495 864 3552 diluculo
879 3497 918 3554 ad
931 3497 1022 3554 ecclc·

192 3583 268 3640 siam
282 3584 373 3654 huius
389 3582 539 3656 parochiae
565 3583 649 3655 (sane
667 3584 731 3640 haec
747 3589 810 3642 crat
832 3585 913 3657 apud
927 3603 1020 3659 quam

191 3672 256 3746 ipse
270 3672 533 3742 oculosamiscrat,
560 3687 629 3745 quae
648 3672 687 3730 ab
716 3672 840 3747 antiquo
863 3675 1021 3748 spariacus

191 3761 377 3834 vocabatur),
391 3760 492 3835 ibique
505 3761 629 3819 missam
644 3762 780 3830 audiens,
807 3780 858 3820 sex
882 3764 1020 3822 denario-

191 3867 258 3910 rum
272 3852 400 3926 raperies
415 3851 561 3910 datorem.
579 3875 593 3902 1
612 3856 648 3908 At
661 3852 727 3926 ipso
737 3869 792 3926 pro
808 3854 1021 3913 consolationis

190 3941 337 4000 beneficio
351 3941 517 4012 condignas
531 3943 629 4014 grates
641 3941 833 4014 rependente,
850 3944 944 4001 virtus
961 3962 1021 4002 111-

190 4030 270 4088 11111
290 4031 386 4090 rediit.
413 4031 560 4089 Continuo
574 4046 646 4102 ergo
661 4035 851 4104 experrectus
865 4031 1022 4106 praelatam

191 4121 310 4195 expetiit
335 4120 511 4191 ecclesiam;
535 4121 588 4178 ubi
626 4138 696 4179 cum
720 4121 866 4179 universis
900 4138 1022 4180 omnem

191 4211 269 4268 hanc
294 4211 441 4267 visionem
466 4210 653 4284 exposuisset
671 4226 725 4284 per
745 4211 891 4280 ordinem,
916 4227 1023 4269 omnes

191 4311 243 4370 pre
259 4297 456 4355 deliramento
469 4303 691 4371 reputaverunt.
719 4302 776 4356 1111
796 4304 899 4356 tamen
919 4301 1023 4374 coeptis

190 4386 338 4444 desistens
361 4403 430 4444 cum
458 4387 591 4458 11131111
617 4387 769 4459 sigillatim
798 4387 1021 4462 supplicando,

190 4475 405 4534 circumfusam
439 4477 581 4548 rogitaret
608 4476 853 4544 multitudinem,
885 4494 1023 4552 quarens

189 4567 349 4625 duodecim
362 4567 563 4640 oppignerare
577 4565 729 4636 denarios,
741 4583 757 4624 e
773 4567 886 4624 1111111
900 4568 1023 4626 tandem

189 4658 313 4733 quidam
329 4661 415 4728 llugo
431 4673 463 4713 se
475 4655 646 4730 praeferens,
662 4656 732 4712 huic
757 4661 860 4731 aperta
879 4673 1023 4715 crumena

190 4747 280 4820 gratis
296 4763 350 4803 sex
360 4761 502 4803 nummos
516 4761 585 4801 cum
601 4744 691 4802 obolo
711 4745 861 4818 porrexit3
887 4745 939 4818 qui
958 4749 1022 4802 tan-

192 4841 265 4909 tum,
278 4853 369 4911 quem
385 4838 416 4892 in
443 4834 555 4892 visione
577 4838 742 4908 acceperat,
770 4834 895 4892 excessit
916 4851 1022 4893 nume-

189 4928 359 4984 ruminae
373 4942 435 4984 non
450 4924 611 4981 immernor
630 4923 753 4980 visionis
776 4923 886 4981 divinae
907 4923 942 4981 fit
959 4940 1022 4982 ccr-

189 5016 244 5073 tior
256 5015 293 5072 de
309 5013 411 5073 lalana
425 5013 635 5087 promissione.
650 5011 727 5079 Quid
740 5011 840 5069 verbis
861 5027 939 5087 opus
953 5015 1023 5070 esti

189 5103 255 5161 adit
267 5103 378 5175 locum,
404 5102 553 5160 visionem
578 5101 677 5176 prodit
691 5100 870 5170 senioribus,
887 5101 958 5159 emit
973 5116 1022 5159 ce·

188 5209 265 5260 reos,
282 5192 406 5266 apponit
418 5192 573 5262 altaribus,
589 5191 719 5249 excubat
742 5207 845 5248 coram
870 5206 1023 5250 1111111.

188 5281 360 5340 cratissima
373 5279 496 5352 virginis
509 5280 648 5352 imagine.
675 5280 758 5339 Circa
773 5283 873 5338 autem
887 5279 1021 5338 medium

188 5370 282 5428 noctis
297 5369 414 5426 videtur
426 5369 526 5426 videre
541 5369 570 5426 in
586 5369 742 5426 oculorum
768 5367 823 5426 sibi
850 5368 1020 5426 excisorum

188 5459 307 5517 locellos
320 5456 456 5529 geminas
474 5456 597 5528 fulgoris
618 5457 706 5530 quasi
729 5457 850 5526 baccas,
877 5461 929 5514 ant
949 5457 1020 5531 plns

186 5565 279 5622 quam
291 5547 368 5604 lauri
381 5545 499 5604 arboris
512 5561 650 5617 magnas,
668 5546 829 5603 desursum
843 5544 949 5616 emitti,
972 5560 1023 5617 pe.

187 5639 327 5713 nilusque
342 5636 506 5710 intigi.Qua
516 5635 616 5693 statim
626 5635 865 5694 reverberatione
877 5633 1020 5692 contusus

1085 575 1193 644 rectus,
1209 572 1327 630 videtur
1336 573 1392 631 sihi
1411 573 1588 646 fulgentium
1603 575 1797 632 luminarium
1823 578 1917 634 homi-

1085 684 1221 743 numque
1237 687 1300 728 1111
1315 673 1498 729 morantium
1523 673 1610 748 quasi
1631 674 1771 731 umbram
1797 676 1918 749 conspi-

1086 759 1157 814 cari.
1171 762 1279 816 Verum
1294 776 1348 834 pro
1363 760 1480 818 interno
1495 762 1632 819 cerebelli
1647 763 1759 834 dolore,
1781 763 1827 820 sui
1840 781 1918 838 pene

1086 847 1196 905 oblitus
1224 850 1307 922 quod
1331 850 1373 906 rei
1398 851 1506 908 veritas
1535 857 1598 909 erat
1617 853 1740 910 minime
1765 853 1916 926 credulus,

1086 945 1236 1002 somniare
1248 947 1347 1021 potius
1360 947 1569 1005 arbitrabatur.
1586 948 1718 1006 Tandem
1732 965 1801 1006 cum
1815 950 1918 1024 paula-

1084 1033 1149 1106 tim,
1165 1050 1257 1110 quem
1272 1037 1347 1093 inter
1361 1042 1498 1112 tempora
1512 1041 1698 1111 conceperat,
1717 1043 1823 1112 stupor
1843 1040 1917 1096 dcli-

1086 1129 1173 1194 ceret,
1190 1127 1280 1200 coepit
1293 1127 1357 1199 jam
1376 1128 1507 1202 apertius
1530 1145 1629 1186 rerum
1644 1129 1756 1186 formas
1771 1129 1918 1186 discernc-

1084 1231 1125 1282 rc,
1143 1219 1231 1288 atque
1243 1215 1274 1273 in
1287 1233 1318 1273 se
1332 1217 1380 1273 vix
1394 1233 1533 1274 reversus
1546 1217 1648 1276 recolit
1671 1217 1827 1290 visionem,
1851 1235 1916 1277 ma·

1084 1304 1235 1378 nibusque
1249 1307 1392 1380 appositis
1406 1312 1569 1364 contrectat
1581 1307 1719 1365 redivivae
1739 1308 1814 1366 lucis
1835 1309 1914 1366 lene-

1084 1398 1159 1450 slras
1179 1396 1294 1451 carneis
1317 1395 1504 1467 integerrime
1528 1396 1649 1470 pupillis
1664 1396 1695 1454 in
1713 1398 1809 1455 fronte
1821 1399 1915 1455 reior-

1084 1489 1190 1541 matas.
1205 1489 1239 1541 At
1254 1485 1396 1543 continuo
1417 1485 1557 1543 adhibitis
1579 1485 1713 1556 testibus,
1734 1488 1915 1545 immensam

1084 1573 1188 1630 Christi
1204 1574 1458 1645 magnificentiam
1481 1575 1637 1633 immensis
1657 1577 1828 1651 predicavit
1853 1578 1916 1634 lau·

1083 1752 1154 1820 titia,
1168 1753 1350 1810 incredibilis
1365 1758 1478 1828 stupor,
1495 1754 1623 1812 dubium
1642 1770 1719 1828 pene
1740 1756 1914 1826 discrimen,

1082 1846 1183 1899 utrum
1213 1843 1311 1900 somni
1339 1844 1552 1914 imaginatione
1581 1861 1621 1901 an
1648 1845 1690 1902 rei
1711 1846 1831 1902 veritate
1853 1851 1914 1904 tam

1082 1933 1252 1990 mauditum
1263 1934 1442 1992 miraculum
1457 1940 1622 2006 cernerent,
1636 1937 1787 2009 precipue
1801 1937 1846 1993 his
1861 1937 1915 2011 qui

1080 2021 1164 2095 prius
1180 2039 1250 2079 cum
1264 2029 1420 2081 noverant.
1436 2024 1515 2080 lnler
1527 2025 1592 2081 haec
1616 2041 1663 2081 res
1687 2025 1812 2082 ridicule
1826 2026 1914 2100 plau-

1082 2128 1178 2185 suque
1191 2112 1373 2184 dignissima
1388 2113 1494 2170 accidit
1506 2132 1513 2182 ;
1534 2131 1616 2184 nam,
1633 2118 1666 2170 ut
1680 2119 1742 2172 erat
1755 2115 1846 2172 homo
1859 2132 1915 2189 pu-

1081 2202 1206 2258 rissimae
1222 2202 1274 2260 sim
1280 2202 1427 2278 plicitatiS,
1443 2203 1562 2277 irrepsit
1576 2204 1603 2261 ei
1617 2204 1647 2261 in
1663 2205 1751 2261 corde
1762 2205 1914 2278 superflua

990 2337 995 2348 .
1083 2291 1195 2348 timoris
1217 2292 1384 2365 trepidatio.
1403 2296 1487 2350 Forte
1509 2293 1594 2350 illum
1619 2293 1778 2351 Geraldum
1790 2294 1841 2368 qui
1858 2295 1914 2350 sibi

1081 2381 1198 2439 dudum
1213 2382 1316 2438 oculos
1329 2382 1487 2453 evulserat,
1501 2384 1541 2440 ad
1556 2384 1719 2457 publicam,
1742 2389 1775 2440 ut
1798 2385 1841 2455 lit,
1867 2401 1915 2440 so-

1081 2470 1265 2529 lemnitatem
1277 2471 1463 2536 adventasse.
1477 2473 1594 2547 sibique
1609 2473 1720 2543 denuo,
1738 2474 1761 2530 si
1776 2490 1845 2530 casn
1862 2474 1914 2530 oh

1080 2559 1164 2616 vium
1183 2561 1317 2632 haberet,
1345 2562 1453 2619 fretum
1473 2563 1588 2634 majore
1603 2579 1705 2627 mauu.
1735 2568 1913 2620 renovatum

1080 2649 1237 2706 oculorum
1259 2649 1351 2707 decus
1374 2651 1508 2708 excisum
1527 2652 1569 2709 irc
1586 2669 1593 2707 ε
1609 2651 1718 2708 idcirco
1745 2668 1816 2723 ergo
1837 2651 1914 2708 inter

1081 2740 1240 2797 confusum
1255 2739 1461 2814 promiscuum
1484 2741 1577 2798 turbae
1601 2741 1755 2815 strepitum
1779 2757 1840 2815 quc
1859 2758 1914 2816 po-

1080 2829 1136 2886 tuit
1147 2829 1283 2885 occultus
1302 2829 1438 2886 elabitur.
1455 2829 1595 2888 Nondum
1610 2836 1711 2887 tamen
1733 2830 1912 2904 adplenum

1080 2916 1117 2973 de
1140 2917 1306 2990 recuperati
1332 2917 1454 2975 luminis
1483 2918 1564 2975 dono
1588 2923 1651 2976 1111
1672 2924 1780 2988 certus,
1809 2923 1912 2976 tantus

1079 3021 1149 3062 eum
1164 3004 1206 3062 rei
1216 3009 1321 3080 stupor
1333 3005 1493 3076 invaserat,
1505 3023 1575 3064 cum
1587 3007 1659 3064 forle
1669 3007 1745 3064 inter
1756 3008 1911 3076 angustias

1079 3094 1236 3153 turbarum
1251 3095 1290 3151 ad
1300 3095 1458 3152 ecclesiam
1473 3096 1725 3166 concurrentium,
1745 3097 1810 3168 jam
1830 3096 1910 3154 claro

1078 3183 1126 3240 dic
1141 3185 1260 3240 asinum
1274 3183 1399 3240 offendit
1414 3184 1595 3258 appositum.
1613 3185 1708 3251 Quem
1721 3201 1791 3242 cum
1806 3184 1911 3242 luisset

1077 3271 1212 3340 intuitus,
1239 3271 1314 3327 viaili
1339 3273 1494 3329 severitate
1520 3273 1712 3346 increpitans,
1743 3273 1784 3330 sic
1814 3273 1910 3331 iniit:

1078 3381 1093 3409 a
1113 3359 1191 3415 Heus
1219 3365 1275 3431 tu,
1304 3361 1407 3431 homo,
1434 3361 1573 3435 quisquis
1601 3378 1652 3432 es,
1677 3363 1793 3436 inepte,
1823 3363 1911 3433 abige

1077 3449 1196 3506 asinum
1210 3453 1305 3520 tuum,
1331 3467 1369 3507 ne
1388 3449 1440 3506 fiat
1460 3451 1623 3508 viatoribus
1648 3451 1873 3508 offendiculum.
1897 3476 1910 3502 a

1076 3537 1127 3594 llic
1151 3538 1284 3611 primum
1310 3538 1348 3594 ‹le
1370 3539 1491 3596 acritate
1515 3539 1585 3597 iacti
1607 3540 1703 3596 lactus
1728 3539 1911 3596 certissimus

1077 3627 1198 3685 secessit
1221 3632 1351 3701 praepete
1376 3628 1448 3698 iuga
1472 3629 1511 3685 ad
1535 3628 1701 3702 quemdam
1725 3633 1831 3685 notum
1855 3629 1911 3687 sihi

1075 3717 1214 3786 militum,
1246 3719 1332 3789 cujus
1356 3717 1553 3790 municipium
1578 3717 1608 3774 in
1629 3717 1770 3774 eminenti
1785 3732 1860 3792 rupe
1875 3719 1912 3774 si·

1076 3810 1141 3863 tum
1156 3807 1197 3863 ita
1212 3811 1320 3863 natura
1334 3823 1434 3864 rerum
1449 3807 1583 3881 undique
1607 3807 1767 3876 munierat,
1793 3813 1825 3864 ut
1849 3826 1914 3865 orn-

1077 3896 1208 3954 nimodis
1222 3895 1370 3953 machinis
1393 3895 1598 3953 inaccessibile
1623 3896 1783 3966 videretur,
1809 3914 1869 3954 non
1893 3915 1912 3954 a

1078 3985 1336 4056 Conehislongius
1351 4001 1445 4058 quam
1472 3985 1623 4043 sexdecim
1647 3983 1789 4042 millibus.
1817 3986 1862 4042 hd
1880 3987 1912 4043 id

1077 4091 1149 4146 ergo
1164 4079 1286 4148 propter·
1300 4074 1543 4148 inexpugnabilis
1559 4074 1644 4133 vallis
1660 4075 1815 4132 tuitionem
1841 4093 1911 4133 con-

1077 4162 1205 4233 fugiens,
1222 4163 1269 4221 111
1284 4162 1447 4236 aliquando
1473 4179 1492 4220 a
1516 4163 1672 4221 monachis
1702 4163 1797 4220 multa
1823 4179 1912 4237 prece

1078 4255 1229 4320 exoratus,
1247 4251 1401 4325 multaque
1414 4251 1569 4308 securitate
1585 4251 1714 4309 donatus
1725 4253 1913 4319 rediilQuod

1041 4341 1148 4397 llcum
1169 4339 1304 4413 plerique
1320 4356 1436 4409 omncs,
1452 4344 1515 4397 tam
1539 4357 1576 4398 cx
1601 4340 1795 4415 longuinquis
1817 4358 1912 4415 quam

1079 4428 1224 4502 proximis
1238 4427 1411 4499 regionibus
1422 4427 1616 4497 confluentes,
1636 4445 1692 4503 pro
1706 4429 1842 4487 inaudito
1858 4430 1914 4486 mi·

1078 4516 1180 4573 1111111
1196 4532 1265 4574 eum
1280 4517 1413 4574 certatim
1428 4516 1529 4574 videre
1552 4517 1693 4575 festinant
1716 4517 1861 4576 nonnulla
1884 4519 1911 4575 ci

1078 4605 1224 4664 beneficia
1232 4606 1391 4664 indulsisse
1402 4605 1546 4664 abeuntes
1562 4607 1758 4678 gratrdantur.
1781 4609 1913 4674 Quaeres

1079 4700 1158 4752 ulex
1172 4695 1254 4753 omni
1267 4699 1352 4769 parte
1367 4695 1519 4752 dubietate
1535 4701 1657 4768 careret,
1671 4712 1733 4753 non
1748 4696 1848 4754 statim
1859 4697 1913 4753 ubi

1078 4801 1157 4860 saepe
1172 4784 1268 4842 dictus
1284 4785 1441 4843 witbertus
1455 4784 1549 4842 oculis
1560 4784 1694 4858 privatus
1705 4785 1912 4856 cxshtit,illum

1077 4873 1228 4932 miseratio
1256 4875 1389 4940 sanavit;
1419 4891 1536 4948 verum,
1565 4879 1599 4931 ut
1622 4875 1830 4949 supradictum
1855 4880 1911 4946 est,

1076 4967 1137 5021 toto
1151 4979 1260 5021 annoa
1279 4964 1373 5020 salute
1388 4963 1556 5037 suspendit,
1570 4967 1692 5037 arteque
1717 4963 1807 5022 etiam
1831 4979 1914 5019 scur-

1075 5052 1190 5110 rilitatis
1214 5053 1421 5128 compluribus
1446 5053 1509 5110 suis
1547 5054 1782 5127 provincialibus
1816 5053 1913 5111 oculis

1076 5147 1199 5216 captum
1215 5143 1338 5210 notavit,
1354 5145 1553 5216 notatumque
1571 5143 1686 5200 cunctis
1708 5143 1748 5200 ad
1771 5141 1912 5200 ultimum

1076 5238 1203 5297 sanavit.
1222 5243 1254 5295 ln
1266 5254 1327 5312 quo
1342 5237 1416 5296 nilril
1429 5254 1465 5295 eo
1480 5237 1604 5296 inferius
1619 5243 1736 5312 gestum
1751 5242 1798 5296 est
1821 5239 1912 5297 mira-

1076 5335 1188 5405 culum,
1202 5337 1284 5410 quod
1299 5336 1330 5392 in
1346 5335 1507 5408 Evangelio
1528 5337 1567 5394 de
1587 5354 1667 5396 caeco
1686 5341 1757 5395 nato
1781 5337 1910 5410 legitur;

1076 5440 1104 5493 ct
1131 5435 1221 5494 eliam
1246 5434 1340 5491 mullo
1370 5435 1562 5506 mirabilius;
1592 5436 1740 5511 siquidem
1764 5437 1830 5511 ipsa
1856 5437 1912 5492 Ve-

1075 5532 1146 5590 ritas
1185 5547 1329 5606 sequaces
1359 5550 1429 5591 suos
1458 5535 1577 5608 majora
1613 5536 1715 5608 utique
1752 5550 1846 5609 quem
1880 5551 1912 5590 se

1077 5631 1206 5692 lecturos
1222 5647 1286 5690 esso
1297 5632 1477 5705 promiserit,
1491 5632 1630 5708 inquiens
1647 5648 1654 5689 :
1671 5655 1685 5682 a
1702 5633 1760 5700 Qui
1773 5631 1866 5690 credit
1881 5632 1913 5688 in
