<?xml version="1.0" encoding="UTF-8"?>
<!DOCTYPE html PUBLIC "-//W3C//DTD XHTML 1.0 Transitional//EN"
    "http://www.w3.org/TR/xhtml1/DTD/xhtml1-transitional.dtd">
<html xmlns="http://www.w3.org/1999/xhtml" xml:lang="en" lang="en">
 <head>
  <title>
</title>
<meta http-equiv="Content-Type" content="text/html;charset=utf-8" />
  <meta name='ocr-system' content='tesseract 3.04.00' />
  <meta name='ocr-capabilities' content='ocr_page ocr_carea ocr_par ocr_line ocrx_word'/>
</head>
<body>
  <div class='ocr_page' id='page_1' title='image "./patrologiaecurs127unkngoog_0508.png"; bbox 0 0 3984 6182; ppageno 0'>
   <div class='ocr_carea' id='block_1_1' title="bbox 173 107 1885 171">
    <p class='ocr_par' dir='ltr' id='par_1_1' title="bbox 173 107 1885 171">
     <span class='ocr_line' id='line_1_1' title="bbox 173 107 1885 171; baseline 0.001 -3"><span class='ocrx_word' id='word_1_1' title='bbox 173 111 227 168; x_wconf 69' lang='grc'><strong>911</strong></span> <span class='ocrx_word' id='word_1_2' title='bbox 771 110 921 171; x_wconf 68' lang='lat' dir='ltr'><strong>nouandi</strong></span> <span class='ocrx_word' id='word_1_3' title='bbox 940 108 1043 170; x_wconf 77' lang='lat' dir='ltr'><strong>nutis</strong></span> <span class='ocrx_word' id='word_1_4' title='bbox 1062 107 1284 168; x_wconf 71' lang='lat' dir='ltr'><strong>fflNCORUH.</strong></span> <span class='ocrx_word' id='word_1_5' title='bbox 1835 117 1885 170; x_wconf 68' lang='lat' dir='ltr'><strong>tid</strong></span> 
     </span>
    </p>
   </div>
   <div class='ocr_carea' id='block_1_2' title="bbox 83 233 1895 4929">
    <p class='ocr_par' dir='ltr' id='par_1_2' title="bbox 173 233 1895 936">
     <span class='ocr_line' id='line_1_2' title="bbox 174 233 1891 310; baseline 0.001 -18"><span class='ocrx_word' id='word_1_6' title='bbox 174 233 248 304; x_wconf 89' lang='lat' dir='ltr'><strong>ginti</strong></span> <span class='ocrx_word' id='word_1_7' title='bbox 260 249 382 310; x_wconf 88' lang='lat' dir='ltr'><strong>quoque</strong></span> <span class='ocrx_word' id='word_1_8' title='bbox 396 251 546 310; x_wconf 86' lang='lat' dir='ltr'><strong>arpennas</strong></span> <span class='ocrx_word' id='word_1_9' title='bbox 559 236 715 296; x_wconf 89' lang='lat' dir='ltr'><strong>vinearum</strong></span> <span class='ocrx_word' id='word_1_10' title='bbox 739 237 814 296; x_wconf 80' lang='lat' dir='ltr'><strong>inter</strong></span> <span class='ocrx_word' id='word_1_11' title='bbox 833 237 960 308; x_wconf 79' lang='lat' dir='ltr'><strong>Ligerim</strong></span> <span class='ocrx_word' id='word_1_12' title='bbox 972 239 1001 294; x_wconf 89' lang='lat' dir='ltr'><strong>et</strong></span> <span class='ocrx_word' id='word_1_13' title='bbox 1017 238 1041 291; x_wconf 80' lang='grc' dir='ltr'><strong>Α</strong></span> <span class='ocrx_word' id='word_1_14' title='bbox 1092 237 1285 309; x_wconf 81' lang='lat' dir='ltr'><strong>compertum</strong></span> <span class='ocrx_word' id='word_1_15' title='bbox 1299 250 1364 292; x_wconf 89' lang='lat' dir='ltr'><strong>esse</strong></span> <span class='ocrx_word' id='word_1_16' title='bbox 1377 233 1448 292; x_wconf 89' lang='lat' dir='ltr'><strong>volo</strong></span> <span class='ocrx_word' id='word_1_17' title='bbox 1463 233 1605 292; x_wconf 90' lang='lat' dir='ltr'><strong>omnibus</strong></span> <span class='ocrx_word' id='word_1_18' title='bbox 1630 237 1751 294; x_wconf 79' lang='lat' dir='ltr'><strong>sauctae¹</strong></span> <span class='ocrx_word' id='word_1_19' title='bbox 1763 236 1816 293; x_wconf 77' lang='lat' dir='ltr'><strong>liei</strong></span> <span class='ocrx_word' id='word_1_20' title='bbox 1838 239 1891 294; x_wconf 81' lang='lat' dir='ltr'><strong>Te-</strong></span> 
     </span>
     <span class='ocr_line' id='line_1_3' title="bbox 175 323 1891 398; baseline -0.001 -16"><span class='ocrx_word' id='word_1_21' title='bbox 175 326 298 396; x_wconf 87' lang='lat' dir='ltr'><strong>Carum;</strong></span> <span class='ocrx_word' id='word_1_22' title='bbox 314 329 428 382; x_wconf 89' lang='lat' dir='ltr'><strong>curtem</strong></span> <span class='ocrx_word' id='word_1_23' title='bbox 442 341 563 397; x_wconf 91' lang='lat' dir='ltr'><strong>quoque</strong></span> <span class='ocrx_word' id='word_1_24' title='bbox 579 325 699 383; x_wconf 88' lang='lat' dir='ltr'><strong>Liuram</strong></span> <span class='ocrx_word' id='word_1_25' title='bbox 724 344 792 384; x_wconf 91' lang='lat' dir='ltr'><strong>cum</strong></span> <span class='ocrx_word' id='word_1_26' title='bbox 819 326 950 384; x_wconf 90' lang='lat' dir='ltr'><strong>ecclesiis</strong></span> <span class='ocrx_word' id='word_1_27' title='bbox 974 329 1002 384; x_wconf 91' lang='lat' dir='ltr'><strong>et</strong></span> <span class='ocrx_word' id='word_1_28' title='bbox 1057 323 1153 381; x_wconf 83' lang='lat' dir='ltr'><strong>olesiae</strong></span> <span class='ocrx_word' id='word_1_29' title='bbox 1168 323 1319 394; x_wconf 84' lang='lat' dir='ltr'><strong>fidelibus,</strong></span> <span class='ocrx_word' id='word_1_30' title='bbox 1335 328 1398 382; x_wconf 89' lang='lat' dir='ltr'><strong>tam</strong></span> <span class='ocrx_word' id='word_1_31' title='bbox 1422 324 1528 381; x_wconf 83' lang='lat' dir='ltr'><strong>tuturis</strong></span> <span class='ocrx_word' id='word_1_32' title='bbox 1555 339 1649 398; x_wconf 92' lang='lat' dir='ltr'><strong>quam</strong></span> <span class='ocrx_word' id='word_1_33' title='bbox 1677 324 1891 398; x_wconf 76' lang='lat' dir='ltr'><strong>presentibus,</strong></span> 
     </span>
     <span class='ocr_line' id='line_1_4' title="bbox 175 413 1893 490; baseline -0.001 -18"><span class='ocrx_word' id='word_1_34' title='bbox 175 414 315 472; x_wconf 90' lang='lat' dir='ltr'><strong>omnibus</strong></span> <span class='ocrx_word' id='word_1_35' title='bbox 330 413 386 469; x_wconf 91' lang='lat' dir='ltr'><strong>sibi</strong></span> <span class='ocrx_word' id='word_1_36' title='bbox 400 415 617 488; x_wconf 88' lang='lat' dir='ltr'><strong>pertinentibus</strong></span> <span class='ocrx_word' id='word_1_37' title='bbox 640 432 693 490; x_wconf 91' lang='lat' dir='ltr'><strong>per</strong></span> <span class='ocrx_word' id='word_1_38' title='bbox 717 433 875 475; x_wconf 77' lang='lat' dir='ltr'><strong>assensum</strong></span> <span class='ocrx_word' id='word_1_39' title='bbox 890 415 1002 474; x_wconf 79' lang='lat' dir='ltr'><strong>tidonis</strong></span> <span class='ocrx_word' id='word_1_40' title='bbox 1056 413 1202 486; x_wconf 87' lang='lat' dir='ltr'><strong>quoniam</strong></span> <span class='ocrx_word' id='word_1_41' title='bbox 1215 413 1441 486; x_wconf 74' lang='lat' dir='ltr'><strong>praevalescente</strong></span> <span class='ocrx_word' id='word_1_42' title='bbox 1461 413 1569 470; x_wconf 89' lang='lat' dir='ltr'><strong>nostris</strong></span> <span class='ocrx_word' id='word_1_43' title='bbox 1594 415 1781 487; x_wconf 81' lang='lat' dir='ltr'><strong>temporibus</strong></span> <span class='ocrx_word' id='word_1_44' title='bbox 1806 415 1893 471; x_wconf 91' lang='lat' dir='ltr'><strong>mali-</strong></span> 
     </span>
     <span class='ocr_line' id='line_1_5' title="bbox 174 502 1892 580; baseline -0.001 -18"><span class='ocrx_word' id='word_1_45' title='bbox 174 503 330 576; x_wconf 88' lang='lat' dir='ltr'><strong>comitiset</strong></span> <span class='ocrx_word' id='word_1_46' title='bbox 344 503 443 562; x_wconf 81' lang='lat' dir='ltr'><strong>fratris</strong></span> <span class='ocrx_word' id='word_1_47' title='bbox 457 505 662 576; x_wconf 83' lang='lat' dir='ltr'><strong>suitandrici‚</strong></span> <span class='ocrx_word' id='word_1_48' title='bbox 679 523 713 564; x_wconf 86' lang='lat' dir='ltr'><strong>ax</strong></span> <span class='ocrx_word' id='word_1_49' title='bbox 741 509 828 580; x_wconf 89' lang='lat' dir='ltr'><strong>eujus</strong></span> <span class='ocrx_word' id='word_1_50' title='bbox 854 507 1002 565; x_wconf 84' lang='lat' dir='ltr'><strong>beneficio</strong></span> <span class='ocrx_word' id='word_1_51' title='bbox 1056 503 1167 574; x_wconf 90' lang='lat' dir='ltr'><strong>gnitate</strong></span> <span class='ocrx_word' id='word_1_52' title='bbox 1178 517 1389 577; x_wconf 89' lang='lat' dir='ltr'><strong>perversorum</strong></span> <span class='ocrx_word' id='word_1_53' title='bbox 1400 502 1569 572; x_wconf 89' lang='lat' dir='ltr'><strong>hominum,</strong></span> <span class='ocrx_word' id='word_1_54' title='bbox 1586 519 1655 562; x_wconf 90' lang='lat' dir='ltr'><strong>eum</strong></span> <span class='ocrx_word' id='word_1_55' title='bbox 1682 503 1820 578; x_wconf 88' lang='lat' dir='ltr'><strong>quotidie</strong></span> <span class='ocrx_word' id='word_1_56' title='bbox 1850 505 1892 560; x_wconf 88' lang='lat' dir='ltr'><strong>vi-</strong></span> 
     </span>
     <span class='ocr_line' id='line_1_6' title="bbox 174 590 1894 667; baseline 0.002 -19"><span class='ocrx_word' id='word_1_57' title='bbox 174 607 239 648; x_wconf 89' lang='lat' dir='ltr'><strong>esse</strong></span> <span class='ocrx_word' id='word_1_58' title='bbox 252 590 419 662; x_wconf 86' lang='lat' dir='ltr'><strong>videbatur,</strong></span> <span class='ocrx_word' id='word_1_59' title='bbox 440 591 1003 667; x_wconf 79' lang='lat' dir='ltr'><strong>distentaquetuormilllariisacastre</strong></span> <span class='ocrx_word' id='word_1_60' title='bbox 1056 592 1175 650; x_wconf 90' lang='lat' dir='ltr'><strong>deretur</strong></span> <span class='ocrx_word' id='word_1_61' title='bbox 1188 593 1332 652; x_wconf 88' lang='lat' dir='ltr'><strong>minorari</strong></span> <span class='ocrx_word' id='word_1_62' title='bbox 1345 597 1438 650; x_wconf 90' lang='lat' dir='ltr'><strong>status</strong></span> <span class='ocrx_word' id='word_1_63' title='bbox 1463 608 1498 650; x_wconf 90' lang='lat' dir='ltr'><strong>ac</strong></span> <span class='ocrx_word' id='word_1_64' title='bbox 1519 593 1633 666; x_wconf 81' lang='lat' dir='ltr'><strong>justitia</strong></span> <span class='ocrx_word' id='word_1_65' title='bbox 1655 597 1766 650; x_wconf 87' lang='lat' dir='ltr'><strong>sanctae</strong></span> <span class='ocrx_word' id='word_1_66' title='bbox 1783 594 1894 652; x_wconf 82' lang='lat' dir='ltr'><strong>matris</strong></span> 
     </span>
     <span class='ocr_line' id='line_1_7' title="bbox 173 679 1892 756; baseline 0 -16"><span class='ocrx_word' id='word_1_67' title='bbox 173 679 257 754; x_wconf 88' lang='lat' dir='ltr'><strong>quod</strong></span> <span class='ocrx_word' id='word_1_68' title='bbox 282 680 390 739; x_wconf 89' lang='lat' dir='ltr'><strong>dicitur</strong></span> <span class='ocrx_word' id='word_1_69' title='bbox 417 683 535 754; x_wconf 71' lang='lat' dir='ltr'><strong>luania,</strong></span> <span class='ocrx_word' id='word_1_70' title='bbox 565 700 682 743; x_wconf 85' lang='lat' dir='ltr'><strong>necnon</strong></span> <span class='ocrx_word' id='word_1_71' title='bbox 705 686 879 752; x_wconf 85' lang='lat' dir='ltr'><strong>Quiciacurn</strong></span> <span class='ocrx_word' id='word_1_72' title='bbox 899 685 1002 743; x_wconf 89' lang='lat' dir='ltr'><strong>villam</strong></span> <span class='ocrx_word' id='word_1_73' title='bbox 1057 681 1204 754; x_wconf 76' lang='lat' dir='ltr'><strong>Ecclesiae,</strong></span> <span class='ocrx_word' id='word_1_74' title='bbox 1218 682 1349 738; x_wconf 84' lang='lat' dir='ltr'><strong>maxime</strong></span> <span class='ocrx_word' id='word_1_75' title='bbox 1364 682 1404 740; x_wconf 88' lang='lat' dir='ltr'><strong>ab</strong></span> <span class='ocrx_word' id='word_1_76' title='bbox 1419 681 1476 738; x_wconf 89' lang='lat' dir='ltr'><strong>illis</strong></span> <span class='ocrx_word' id='word_1_77' title='bbox 1490 681 1544 756; x_wconf 92' lang='lat' dir='ltr'><strong>qui</strong></span> <span class='ocrx_word' id='word_1_78' title='bbox 1559 682 1698 740; x_wconf 85' lang='lat' dir='ltr'><strong>advocali</strong></span> <span class='ocrx_word' id='word_1_79' title='bbox 1712 689 1892 742; x_wconf 89' lang='lat' dir='ltr'><strong>sanctorum</strong></span> 
     </span>
     <span class='ocr_line' id='line_1_8' title="bbox 173 769 1895 848; baseline 0.002 -22"><span class='ocrx_word' id='word_1_80' title='bbox 173 785 244 828; x_wconf 90' lang='lat' dir='ltr'><strong>cum</strong></span> <span class='ocrx_word' id='word_1_81' title='bbox 258 769 400 844; x_wconf 84' lang='lat' dir='ltr'><strong>omnibns</strong></span> <span class='ocrx_word' id='word_1_82' title='bbox 411 771 437 829; x_wconf 91' lang='lat' dir='ltr'><strong>ei</strong></span> <span class='ocrx_word' id='word_1_83' title='bbox 452 773 678 847; x_wconf 85' lang='lat' dir='ltr'><strong>pertinentibus,</strong></span> <span class='ocrx_word' id='word_1_84' title='bbox 694 791 787 848; x_wconf 89' lang='lat' dir='ltr'><strong>quarn</strong></span> <span class='ocrx_word' id='word_1_85' title='bbox 802 775 882 832; x_wconf 91' lang='lat' dir='ltr'><strong>idem</strong></span> <span class='ocrx_word' id='word_1_86' title='bbox 898 774 1004 848; x_wconf 69' lang='lat' dir='ltr'><strong>praeia—</strong></span> <span class='ocrx_word' id='word_1_87' title='bbox 1055 771 1192 828; x_wconf 89' lang='lat' dir='ltr'><strong>locorum</strong></span> <span class='ocrx_word' id='word_1_88' title='bbox 1207 787 1271 828; x_wconf 91' lang='lat' dir='ltr'><strong>esse</strong></span> <span class='ocrx_word' id='word_1_89' title='bbox 1285 771 1429 830; x_wconf 89' lang='lat' dir='ltr'><strong>deberent</strong></span> <span class='ocrx_word' id='word_1_90' title='bbox 1443 777 1472 830; x_wconf 87' lang='lat' dir='ltr'><strong>et</strong></span> <span class='ocrx_word' id='word_1_91' title='bbox 1484 771 1669 842; x_wconf 81' lang='lat' dir='ltr'><strong>defensores,</strong></span> <span class='ocrx_word' id='word_1_92' title='bbox 1684 772 1727 830; x_wconf 93' lang='lat' dir='ltr'><strong>illi</strong></span> <span class='ocrx_word' id='word_1_93' title='bbox 1740 789 1757 829; x_wconf 91' lang='lat' dir='ltr'><strong>e</strong></span> <span class='ocrx_word' id='word_1_94' title='bbox 1773 777 1895 830; x_wconf 88' lang='lat' dir='ltr'><strong>contra-</strong></span> 
     </span>
     <span class='ocr_line' id='line_1_9' title="bbox 174 859 1895 936; baseline 0.003 -21"><span class='ocrx_word' id='word_1_95' title='bbox 174 863 221 918; x_wconf 81' lang='lat' dir='ltr'><strong>tus</strong></span> <span class='ocrx_word' id='word_1_96' title='bbox 234 859 366 918; x_wconf 85' lang='lat' dir='ltr'><strong>Herveus</strong></span> <span class='ocrx_word' id='word_1_97' title='bbox 381 865 479 920; x_wconf 90' lang='lat' dir='ltr'><strong>tenere</strong></span> <span class='ocrx_word' id='word_1_98' title='bbox 492 862 658 921; x_wconf 87' lang='lat' dir='ltr'><strong>videbatur.</strong></span> <span class='ocrx_word' id='word_1_99' title='bbox 1056 860 1100 920; x_wconf 90' lang='lat' dir='ltr'><strong>rio</strong></span> <span class='ocrx_word' id='word_1_100' title='bbox 1112 859 1296 934; x_wconf 80' lang='lat' dir='ltr'><strong>praedatores</strong></span> <span class='ocrx_word' id='word_1_101' title='bbox 1310 861 1384 919; x_wconf 88' lang='lat' dir='ltr'><strong>fiant</strong></span> <span class='ocrx_word' id='word_1_102' title='bbox 1399 867 1428 918; x_wconf 87' lang='lat' dir='ltr'><strong>et</strong></span> <span class='ocrx_word' id='word_1_103' title='bbox 1441 865 1586 934; x_wconf 86' lang='lat' dir='ltr'><strong>raptores.</strong></span> <span class='ocrx_word' id='word_1_104' title='bbox 1603 861 1734 935; x_wconf 86' lang='lat' dir='ltr'><strong>Proque</strong></span> <span class='ocrx_word' id='word_1_105' title='bbox 1748 879 1781 920; x_wconf 89' lang='lat' dir='ltr'><strong>re</strong></span> <span class='ocrx_word' id='word_1_106' title='bbox 1797 879 1895 936; x_wconf 73' lang='lat' dir='ltr'><strong>saepe·</strong></span> 
     </span>
    </p>

    <p class='ocr_par' dir='ltr' id='par_1_3' title="bbox 83 949 1895 4327">
     <span class='ocr_line' id='line_1_10' title="bbox 211 949 1893 1030; baseline -0.002 -18"><span class='ocrx_word' id='word_1_107' title='bbox 211 949 415 1023; x_wconf 71' lang='lat' dir='ltr'><strong>Prfficipisntes</strong></span> <span class='ocrx_word' id='word_1_108' title='bbox 428 967 498 1022; x_wconf 83' lang='lat' dir='ltr'><strong>ergo</strong></span> <span class='ocrx_word' id='word_1_109' title='bbox 511 952 654 1024; x_wconf 87' lang='lat' dir='ltr'><strong>jubemus</strong></span> <span class='ocrx_word' id='word_1_110' title='bbox 668 957 697 1012; x_wconf 92' lang='lat' dir='ltr'><strong>et</strong></span> <span class='ocrx_word' id='word_1_111' title='bbox 708 954 845 1026; x_wconf 78' lang='lat' dir='ltr'><strong>Jubendo</strong></span> <span class='ocrx_word' id='word_1_112' title='bbox 868 954 1004 1030; x_wconf 86' lang='lat' dir='ltr'><strong>proecipi·</strong></span> <span class='ocrx_word' id='word_1_113' title='bbox 1056 964 1183 1007; x_wconf 90' lang='lat' dir='ltr'><strong>numero</strong></span> <span class='ocrx_word' id='word_1_114' title='bbox 1198 950 1272 1006; x_wconf 90' lang='lat' dir='ltr'><strong>dum</strong></span> <span class='ocrx_word' id='word_1_115' title='bbox 1284 949 1486 1023; x_wconf 88' lang='lat' dir='ltr'><strong>interpellatus</strong></span> <span class='ocrx_word' id='word_1_116' title='bbox 1499 965 1597 1008; x_wconf 89' lang='lat' dir='ltr'><strong>essem</strong></span> <span class='ocrx_word' id='word_1_117' title='bbox 1613 966 1631 1006; x_wconf 90' lang='lat' dir='ltr'><strong>a</strong></span> <span class='ocrx_word' id='word_1_118' title='bbox 1645 949 1813 1008; x_wconf 88' lang='lat' dir='ltr'><strong>venerabili</strong></span> <span class='ocrx_word' id='word_1_119' title='bbox 1840 951 1893 1008; x_wconf 88' lang='lat' dir='ltr'><strong>ab·</strong></span> 
     </span>
     <span class='ocr_line' id='line_1_11' title="bbox 174 1038 1894 1119; baseline 0.001 -23"><span class='ocrx_word' id='word_1_120' title='bbox 174 1040 400 1100; x_wconf 89' lang='lat' dir='ltr'><strong>musutnuilus</strong></span> <span class='ocrx_word' id='word_1_121' title='bbox 412 1042 507 1113; x_wconf 87' lang='lat' dir='ltr'><strong>judex</strong></span> <span class='ocrx_word' id='word_1_122' title='bbox 521 1042 669 1116; x_wconf 87' lang='lat' dir='ltr'><strong>publicus,</strong></span> <span class='ocrx_word' id='word_1_123' title='bbox 698 1048 751 1101; x_wconf 90' lang='lat' dir='ltr'><strong>aut</strong></span> <span class='ocrx_word' id='word_1_124' title='bbox 769 1045 893 1118; x_wconf 86' lang='lat' dir='ltr'><strong>quilibet</strong></span> <span class='ocrx_word' id='word_1_125' title='bbox 917 1061 1003 1119; x_wconf 90' lang='lat' dir='ltr'><strong>supe·</strong></span> <span class='ocrx_word' id='word_1_126' title='bbox 1055 1038 1125 1097; x_wconf 91' lang='lat' dir='ltr'><strong>bate</strong></span> <span class='ocrx_word' id='word_1_127' title='bbox 1140 1039 1281 1096; x_wconf 87' lang='lat' dir='ltr'><strong>lierberto</strong></span> <span class='ocrx_word' id='word_1_128' title='bbox 1296 1040 1426 1098; x_wconf 89' lang='lat' dir='ltr'><strong>eoenobii</strong></span> <span class='ocrx_word' id='word_1_129' title='bbox 1440 1039 1635 1110; x_wconf 77' lang='lat' dir='ltr'><strong>corbeiensis,</strong></span> <span class='ocrx_word' id='word_1_130' title='bbox 1660 1041 1712 1114; x_wconf 91' lang='lat' dir='ltr'><strong>qui</strong></span> <span class='ocrx_word' id='word_1_131' title='bbox 1726 1040 1808 1098; x_wconf 82' lang='lat' dir='ltr'><strong>hanc</strong></span> <span class='ocrx_word' id='word_1_132' title='bbox 1826 1057 1894 1114; x_wconf 93' lang='lat' dir='ltr'><strong>per-</strong></span> 
     </span>
     <span class='ocr_line' id='line_1_12' title="bbox 174 1128 1895 1208; baseline 0.002 -23"><span class='ocrx_word' id='word_1_133' title='bbox 174 1128 260 1185; x_wconf 88' lang='lat' dir='ltr'><strong>rioris</strong></span> <span class='ocrx_word' id='word_1_134' title='bbox 272 1133 325 1186; x_wconf 88' lang='lat' dir='ltr'><strong>aut</strong></span> <span class='ocrx_word' id='word_1_135' title='bbox 336 1129 483 1188; x_wconf 83' lang='lat' dir='ltr'><strong>inferioris</strong></span> <span class='ocrx_word' id='word_1_136' title='bbox 496 1131 609 1188; x_wconf 89' lang='lat' dir='ltr'><strong>ordinis</strong></span> <span class='ocrx_word' id='word_1_137' title='bbox 623 1133 663 1188; x_wconf 89' lang='lat' dir='ltr'><strong>rei</strong></span> <span class='ocrx_word' id='word_1_138' title='bbox 679 1133 808 1207; x_wconf 75' lang='lat' dir='ltr'><strong>publices.</strong></span> <span class='ocrx_word' id='word_1_139' title='bbox 827 1138 1003 1208; x_wconf 84' lang='lat' dir='ltr'><strong>procurator</strong></span> <span class='ocrx_word' id='word_1_140' title='bbox 1055 1128 1160 1188; x_wconf 85' lang='lat' dir='ltr'><strong>nitiam</strong></span> <span class='ocrx_word' id='word_1_141' title='bbox 1175 1129 1246 1186; x_wconf 87' lang='lat' dir='ltr'><strong>mali</strong></span> <span class='ocrx_word' id='word_1_142' title='bbox 1264 1145 1342 1204; x_wconf 77' lang='lat' dir='ltr'><strong>saepe</strong></span> <span class='ocrx_word' id='word_1_143' title='bbox 1357 1129 1507 1203; x_wconf 86' lang='lat' dir='ltr'><strong>experitur</strong></span> <span class='ocrx_word' id='word_1_144' title='bbox 1520 1145 1538 1186; x_wconf 85' lang='lat' dir='ltr'><strong>a</strong></span> <span class='ocrx_word' id='word_1_145' title='bbox 1551 1129 1683 1188; x_wconf 81' lang='lat' dir='ltr'><strong>nefando</strong></span> <span class='ocrx_word' id='word_1_146' title='bbox 1704 1135 1733 1188; x_wconf 90' lang='lat' dir='ltr'><strong>et</strong></span> <span class='ocrx_word' id='word_1_147' title='bbox 1753 1130 1895 1202; x_wconf 85' lang='lat' dir='ltr'><strong>maligno</strong></span> 
     </span>
     <span class='ocr_line' id='line_1_13' title="bbox 175 1209 1891 1290; baseline -0.001 -12"><span class='ocrx_word' id='word_1_148' title='bbox 175 1218 206 1278; x_wconf 91' lang='lat' dir='ltr'><strong>in</strong></span> <span class='ocrx_word' id='word_1_149' title='bbox 229 1218 275 1274; x_wconf 91' lang='lat' dir='ltr'><strong>bis</strong></span> <span class='ocrx_word' id='word_1_150' title='bbox 291 1218 480 1290; x_wconf 80' lang='lat' dir='ltr'><strong>praesignatis</strong></span> <span class='ocrx_word' id='word_1_151' title='bbox 506 1223 620 1278; x_wconf 81' lang='lat' dir='ltr'><strong>sanate</strong></span> <span class='ocrx_word' id='word_1_152' title='bbox 644 1223 740 1281; x_wconf 79' lang='lat' dir='ltr'><strong>uaria</strong></span> <span class='ocrx_word' id='word_1_153' title='bbox 756 1223 898 1282; x_wconf 91' lang='lat' dir='ltr'><strong>omnibus</strong></span> <span class='ocrx_word' id='word_1_154' title='bbox 912 1223 1002 1280; x_wconf 91' lang='lat' dir='ltr'><strong>rebus</strong></span> <span class='ocrx_word' id='word_1_155' title='bbox 1057 1216 1163 1276; x_wconf 88' lang='lat' dir='ltr'><strong>Eiredo</strong></span> <span class='ocrx_word' id='word_1_156' title='bbox 1179 1234 1235 1276; x_wconf 91' lang='lat' dir='ltr'><strong>suo</strong></span> <span class='ocrx_word' id='word_1_157' title='bbox 1250 1219 1340 1276; x_wconf 90' lang='lat' dir='ltr'><strong>milite</strong></span> <span class='ocrx_word' id='word_1_158' title='bbox 1354 1224 1382 1275; x_wconf 88' lang='lat' dir='ltr'><strong>et</strong></span> <span class='ocrx_word' id='word_1_159' title='bbox 1396 1209 1544 1276; x_wconf 82' lang='lat' dir='ltr'><strong>advocato</strong></span> <span class='ocrx_word' id='word_1_160' title='bbox 1557 1219 1720 1290; x_wconf 86' lang='lat' dir='ltr'><strong>supradicti</strong></span> <span class='ocrx_word' id='word_1_161' title='bbox 1744 1219 1891 1288; x_wconf 87' lang='lat' dir='ltr'><strong>coenobii,</strong></span> 
     </span>
     <span class='ocr_line' id='line_1_14' title="bbox 175 1307 1893 1382; baseline -0.002 -12"><span class='ocrx_word' id='word_1_162' title='bbox 175 1307 214 1370; x_wconf 79' lang='lat' dir='ltr'><strong>ad</strong></span> <span class='ocrx_word' id='word_1_163' title='bbox 228 1323 337 1368; x_wconf 77' lang='lat' dir='ltr'><strong>causas</strong></span> <span class='ocrx_word' id='word_1_164' title='bbox 348 1309 507 1380; x_wconf 89' lang='lat' dir='ltr'><strong>judiciario</strong></span> <span class='ocrx_word' id='word_1_165' title='bbox 522 1328 606 1369; x_wconf 89' lang='lat' dir='ltr'><strong>moro</strong></span> <span class='ocrx_word' id='word_1_166' title='bbox 619 1313 786 1370; x_wconf 87' lang='lat' dir='ltr'><strong>audiendas</strong></span> <span class='ocrx_word' id='word_1_167' title='bbox 806 1314 836 1370; x_wconf 91' lang='lat' dir='ltr'><strong>in</strong></span> <span class='ocrx_word' id='word_1_168' title='bbox 863 1312 1003 1370; x_wconf 87' lang='lat' dir='ltr'><strong>ecclesias</strong></span> <span class='ocrx_word' id='word_1_169' title='bbox 1056 1307 1109 1382; x_wconf 92' lang='lat' dir='ltr'><strong>qui</strong></span> <span class='ocrx_word' id='word_1_170' title='bbox 1121 1308 1286 1382; x_wconf 89' lang='lat' dir='ltr'><strong>aliquando</strong></span> <span class='ocrx_word' id='word_1_171' title='bbox 1301 1307 1325 1366; x_wconf 91' lang='lat' dir='ltr'><strong>si</strong></span> <span class='ocrx_word' id='word_1_172' title='bbox 1341 1309 1381 1367; x_wconf 87' lang='lat' dir='ltr'><strong>ad</strong></span> <span class='ocrx_word' id='word_1_173' title='bbox 1395 1308 1614 1381; x_wconf 84' lang='lat' dir='ltr'><strong>expeditionem</strong></span> <span class='ocrx_word' id='word_1_174' title='bbox 1625 1310 1741 1379; x_wconf 90' lang='lat' dir='ltr'><strong>regiam</strong></span> <span class='ocrx_word' id='word_1_175' title='bbox 1753 1325 1893 1370; x_wconf 78' lang='lat' dir='ltr'><strong>commo</strong></span> 
     </span>
     <span class='ocr_line' id='line_1_15' title="bbox 175 1396 1892 1476; baseline 0.001 -20"><span class='ocrx_word' id='word_1_176' title='bbox 175 1401 227 1456; x_wconf 87' lang='lat' dir='ltr'><strong>aut</strong></span> <span class='ocrx_word' id='word_1_177' title='bbox 240 1396 336 1466; x_wconf 90' lang='lat' dir='ltr'><strong>villas,</strong></span> <span class='ocrx_word' id='word_1_178' title='bbox 351 1402 404 1458; x_wconf 87' lang='lat' dir='ltr'><strong>aut</strong></span> <span class='ocrx_word' id='word_1_179' title='bbox 415 1398 531 1473; x_wconf 92' lang='lat' dir='ltr'><strong>aliquas</strong></span> <span class='ocrx_word' id='word_1_180' title='bbox 547 1402 763 1473; x_wconf 89' lang='lat' dir='ltr'><strong>possessiones,</strong></span> <span class='ocrx_word' id='word_1_181' title='bbox 787 1418 865 1476; x_wconf 88' lang='lat' dir='ltr'><strong>quas</strong></span> <span class='ocrx_word' id='word_1_182' title='bbox 887 1401 1004 1460; x_wconf 90' lang='lat' dir='ltr'><strong>moder·</strong></span> <span class='ocrx_word' id='word_1_183' title='bbox 1056 1397 1136 1455; x_wconf 91' lang='lat' dir='ltr'><strong>nitus</strong></span> <span class='ocrx_word' id='word_1_184' title='bbox 1152 1397 1287 1466; x_wconf 89' lang='lat' dir='ltr'><strong>extiterit,</strong></span> <span class='ocrx_word' id='word_1_185' title='bbox 1304 1402 1442 1471; x_wconf 87' lang='lat' dir='ltr'><strong>sumptus</strong></span> <span class='ocrx_word' id='word_1_186' title='bbox 1457 1397 1569 1456; x_wconf 89' lang='lat' dir='ltr'><strong>itineris</strong></span> <span class='ocrx_word' id='word_1_187' title='bbox 1592 1398 1639 1456; x_wconf 87' lang='lat' dir='ltr'><strong>sui</strong></span> <span class='ocrx_word' id='word_1_188' title='bbox 1653 1398 1693 1456; x_wconf 92' lang='lat' dir='ltr'><strong>ab</strong></span> <span class='ocrx_word' id='word_1_189' title='bbox 1711 1399 1892 1457; x_wconf 85' lang='lat' dir='ltr'><strong>bominibus</strong></span> 
     </span>
     <span class='ocr_line' id='line_1_16' title="bbox 174 1485 1892 1565; baseline 0.003 -23"><span class='ocrx_word' id='word_1_190' title='bbox 174 1501 214 1546; x_wconf 92' lang='lat' dir='ltr'><strong>no</strong></span> <span class='ocrx_word' id='word_1_191' title='bbox 230 1485 274 1546; x_wconf 89' lang='lat' dir='ltr'><strong>vel</strong></span> <span class='ocrx_word' id='word_1_192' title='bbox 287 1487 395 1560; x_wconf 86' lang='lat' dir='ltr'><strong>priscis</strong></span> <span class='ocrx_word' id='word_1_193' title='bbox 410 1490 597 1562; x_wconf 87' lang='lat' dir='ltr'><strong>temporibus</strong></span> <span class='ocrx_word' id='word_1_194' title='bbox 624 1490 655 1546; x_wconf 91' lang='lat' dir='ltr'><strong>in</strong></span> <span class='ocrx_word' id='word_1_195' title='bbox 679 1491 911 1565; x_wconf 87' lang='lat' dir='ltr'><strong>quibuscunque</strong></span> <span class='ocrx_word' id='word_1_196' title='bbox 936 1506 1004 1563; x_wconf 89' lang='lat' dir='ltr'><strong>pro·</strong></span> <span class='ocrx_word' id='word_1_197' title='bbox 1055 1489 1149 1562; x_wconf 92' lang='lat' dir='ltr'><strong>ipsius</strong></span> <span class='ocrx_word' id='word_1_198' title='bbox 1163 1489 1336 1548; x_wconf 90' lang='lat' dir='ltr'><strong>monasterii</strong></span> <span class='ocrx_word' id='word_1_199' title='bbox 1350 1489 1473 1562; x_wconf 87' lang='lat' dir='ltr'><strong>requirit</strong></span> <span class='ocrx_word' id='word_1_200' title='bbox 1487 1489 1543 1545; x_wconf 92' lang='lat' dir='ltr'><strong>sibi</strong></span> <span class='ocrx_word' id='word_1_201' title='bbox 1568 1489 1733 1563; x_wconf 70' lang='lat' dir='ltr'><strong>preparari</strong></span> <span class='ocrx_word' id='word_1_202' title='bbox 1757 1507 1763 1546; x_wconf 95' lang='lat'><strong>:</strong></span> <span class='ocrx_word' id='word_1_203' title='bbox 1790 1495 1845 1548; x_wconf 83' lang='lat' dir='ltr'><strong>aut</strong></span> <span class='ocrx_word' id='word_1_204' title='bbox 1868 1492 1892 1548; x_wconf 85' lang='lat' dir='ltr'><strong>si</strong></span> 
     </span>
     <span class='ocr_line' id='line_1_17' title="bbox 175 1573 1891 1653; baseline 0.003 -22"><span class='ocrx_word' id='word_1_205' title='bbox 175 1573 279 1634; x_wconf 85' lang='lat' dir='ltr'><strong>vinciis</strong></span> <span class='ocrx_word' id='word_1_206' title='bbox 305 1580 357 1634; x_wconf 89' lang='lat' dir='ltr'><strong>aut</strong></span> <span class='ocrx_word' id='word_1_207' title='bbox 378 1576 529 1636; x_wconf 87' lang='lat' dir='ltr'><strong>territoriis</strong></span> <span class='ocrx_word' id='word_1_208' title='bbox 543 1578 628 1648; x_wconf 86' lang='lat' dir='ltr'><strong>regni</strong></span> <span class='ocrx_word' id='word_1_209' title='bbox 655 1579 748 1638; x_wconf 90' lang='lat' dir='ltr'><strong>nostri</strong></span> <span class='ocrx_word' id='word_1_210' title='bbox 777 1580 856 1652; x_wconf 88' lang='lat' dir='ltr'><strong>juste</strong></span> <span class='ocrx_word' id='word_1_211' title='bbox 878 1579 1003 1638; x_wconf 87' lang='lat' dir='ltr'><strong>basilica</strong></span> <span class='ocrx_word' id='word_1_212' title='bbox 1019 1592 1040 1650; x_wconf 77' lang='lat' dir='ltr'><strong>g</strong></span> <span class='ocrx_word' id='word_1_213' title='bbox 1056 1578 1174 1636; x_wconf 89' lang='lat' dir='ltr'><strong>rediens</strong></span> <span class='ocrx_word' id='word_1_214' title='bbox 1188 1595 1225 1636; x_wconf 87' lang='lat' dir='ltr'><strong>cx</strong></span> <span class='ocrx_word' id='word_1_215' title='bbox 1239 1579 1341 1652; x_wconf 89' lang='lat' dir='ltr'><strong>aliquo</strong></span> <span class='ocrx_word' id='word_1_216' title='bbox 1355 1578 1469 1648; x_wconf 89' lang='lat' dir='ltr'><strong>itinere,</strong></span> <span class='ocrx_word' id='word_1_217' title='bbox 1481 1577 1505 1635; x_wconf 89' lang='lat' dir='ltr'><strong>si</strong></span> <span class='ocrx_word' id='word_1_218' title='bbox 1519 1594 1580 1636; x_wconf 85' lang='lat' dir='ltr'><strong>nox</strong></span> <span class='ocrx_word' id='word_1_219' title='bbox 1594 1595 1665 1636; x_wconf 89' lang='lat' dir='ltr'><strong>eum</strong></span> <span class='ocrx_word' id='word_1_220' title='bbox 1683 1581 1891 1653; x_wconf 84' lang='lat' dir='ltr'><strong>occupaverit,</strong></span> 
     </span>
     <span class='ocr_line' id='line_1_18' title="bbox 176 1664 1891 1742; baseline 0.001 -20"><span class='ocrx_word' id='word_1_221' title='bbox 176 1664 290 1722; x_wconf 79' lang='lat' dir='ltr'><strong>sanata</strong></span> <span class='ocrx_word' id='word_1_222' title='bbox 305 1665 399 1726; x_wconf 81' lang='lat' dir='ltr'><strong>itariae</strong></span> <span class='ocrx_word' id='word_1_223' title='bbox 415 1669 503 1734; x_wconf 70' lang='lat' dir='ltr'><strong>unet,</strong></span> <span class='ocrx_word' id='word_1_224' title='bbox 523 1666 571 1722; x_wconf 90' lang='lat' dir='ltr'><strong>vel</strong></span> <span class='ocrx_word' id='word_1_225' title='bbox 595 1666 737 1740; x_wconf 89' lang='lat' dir='ltr'><strong>deinceps</strong></span> <span class='ocrx_word' id='word_1_226' title='bbox 765 1667 796 1726; x_wconf 90' lang='lat' dir='ltr'><strong>in</strong></span> <span class='ocrx_word' id='word_1_227' title='bbox 822 1669 889 1740; x_wconf 84' lang='lat' dir='ltr'><strong>jure</strong></span> <span class='ocrx_word' id='word_1_228' title='bbox 908 1667 1002 1742; x_wconf 88' lang='lat' dir='ltr'><strong>ipsius</strong></span> <span class='ocrx_word' id='word_1_229' title='bbox 1053 1667 1217 1740; x_wconf 91' lang='lat' dir='ltr'><strong>hospitium</strong></span> <span class='ocrx_word' id='word_1_230' title='bbox 1226 1667 1258 1724; x_wconf 88' lang='lat' dir='ltr'><strong>in</strong></span> <span class='ocrx_word' id='word_1_231' title='bbox 1272 1666 1395 1726; x_wconf 91' lang='lat' dir='ltr'><strong>abbatia</strong></span> <span class='ocrx_word' id='word_1_232' title='bbox 1405 1671 1434 1724; x_wconf 90' lang='lat' dir='ltr'><strong>et</strong></span> <span class='ocrx_word' id='word_1_233' title='bbox 1443 1667 1595 1724; x_wconf 87' lang='lat' dir='ltr'><strong>servitium</strong></span> <span class='ocrx_word' id='word_1_234' title='bbox 1611 1667 1891 1726; x_wconf 86' lang='lat' dir='ltr'><strong>sibidemandatab</strong></span> 
     </span>
     <span class='ocr_line' id='line_1_19' title="bbox 173 1751 1892 1830; baseline 0.002 -21"><span class='ocrx_word' id='word_1_235' title='bbox 173 1751 305 1812; x_wconf 79' lang='lat' dir='ltr'><strong>basilicas</strong></span> <span class='ocrx_word' id='word_1_236' title='bbox 320 1753 422 1812; x_wconf 87' lang='lat' dir='ltr'><strong>divine</strong></span> <span class='ocrx_word' id='word_1_237' title='bbox 434 1755 529 1827; x_wconf 89' lang='lat' dir='ltr'><strong>pietas</strong></span> <span class='ocrx_word' id='word_1_238' title='bbox 542 1757 644 1825; x_wconf 89' lang='lat' dir='ltr'><strong>augeri</strong></span> <span class='ocrx_word' id='word_1_239' title='bbox 655 1757 790 1828; x_wconf 92' lang='lat' dir='ltr'><strong>voluerit,</strong></span> <span class='ocrx_word' id='word_1_240' title='bbox 799 1757 914 1828; x_wconf 77' lang='lat' dir='ltr'><strong>ingredi</strong></span> <span class='ocrx_word' id='word_1_241' title='bbox 929 1771 1003 1830; x_wconf 81' lang='lat' dir='ltr'><strong>prae-</strong></span> <span class='ocrx_word' id='word_1_242' title='bbox 1055 1754 1229 1814; x_wconf 87' lang='lat' dir='ltr'><strong>hominibus</strong></span> <span class='ocrx_word' id='word_1_243' title='bbox 1243 1755 1318 1812; x_wconf 88' lang='lat' dir='ltr'><strong>villae</strong></span> <span class='ocrx_word' id='word_1_244' title='bbox 1331 1772 1349 1812; x_wconf 90' lang='lat' dir='ltr'><strong>a</strong></span> <span class='ocrx_word' id='word_1_245' title='bbox 1363 1771 1394 1812; x_wconf 90' lang='lat' dir='ltr'><strong>se</strong></span> <span class='ocrx_word' id='word_1_246' title='bbox 1406 1756 1554 1830; x_wconf 90' lang='lat' dir='ltr'><strong>hospitate</strong></span> <span class='ocrx_word' id='word_1_247' title='bbox 1567 1754 1727 1813; x_wconf 85' lang='lat' dir='ltr'><strong>ministrari</strong></span> <span class='ocrx_word' id='word_1_248' title='bbox 1741 1773 1748 1822; x_wconf 92' lang='grc'>;</span> <span class='ocrx_word' id='word_1_249' title='bbox 1777 1756 1801 1814; x_wconf 92' lang='lat' dir='ltr'><strong>si</strong></span> <span class='ocrx_word' id='word_1_250' title='bbox 1819 1773 1892 1814; x_wconf 90' lang='lat' dir='ltr'><strong>vero</strong></span> 
     </span>
     <span class='ocr_line' id='line_1_20' title="bbox 175 1842 1891 1918; baseline 0.002 -18"><span class='ocrx_word' id='word_1_251' title='bbox 175 1845 295 1912; x_wconf 83' lang='lat' dir='ltr'><strong>sumat;</strong></span> <span class='ocrx_word' id='word_1_252' title='bbox 314 1858 369 1904; x_wconf 89' lang='lat' dir='ltr'><strong>uec</strong></span> <span class='ocrx_word' id='word_1_253' title='bbox 384 1842 468 1902; x_wconf 80' lang='lat' dir='ltr'><strong>freda</strong></span> <span class='ocrx_word' id='word_1_254' title='bbox 480 1849 532 1904; x_wconf 90' lang='lat' dir='ltr'><strong>aut</strong></span> <span class='ocrx_word' id='word_1_255' title='bbox 544 1845 663 1912; x_wconf 81' lang='lat' dir='ltr'><strong>tribute,</strong></span> <span class='ocrx_word' id='word_1_256' title='bbox 679 1850 731 1902; x_wconf 90' lang='lat' dir='ltr'><strong>aut</strong></span> <span class='ocrx_word' id='word_1_257' title='bbox 745 1847 930 1914; x_wconf 88' lang='lat' dir='ltr'><strong>mansiones,</strong></span> <span class='ocrx_word' id='word_1_258' title='bbox 951 1850 1003 1904; x_wconf 88' lang='lat' dir='ltr'><strong>eut</strong></span> <span class='ocrx_word' id='word_1_259' title='bbox 1056 1844 1274 1918; x_wconf 87' lang='lat' dir='ltr'><strong>qualiscunque</strong></span> <span class='ocrx_word' id='word_1_260' title='bbox 1289 1843 1405 1902; x_wconf 83' lang='lat' dir='ltr'><strong>offensa</strong></span> <span class='ocrx_word' id='word_1_261' title='bbox 1419 1844 1496 1903; x_wconf 87' lang='lat' dir='ltr'><strong>inter</strong></span> <span class='ocrx_word' id='word_1_262' title='bbox 1509 1844 1646 1904; x_wconf 87' lang='lat' dir='ltr'><strong>homiues</strong></span> <span class='ocrx_word' id='word_1_263' title='bbox 1668 1861 1730 1902; x_wconf 80' lang='lat' dir='ltr'><strong>sure</strong></span> <span class='ocrx_word' id='word_1_264' title='bbox 1760 1845 1891 1904; x_wconf 89' lang='lat' dir='ltr'><strong>advoca-</strong></span> 
     </span>
     <span class='ocr_line' id='line_1_21' title="bbox 173 1931 1893 2008; baseline 0.003 -20"><span class='ocrx_word' id='word_1_265' title='bbox 173 1933 288 2002; x_wconf 80' lang='lat' dir='ltr'><strong>perete,</strong></span> <span class='ocrx_word' id='word_1_266' title='bbox 319 1935 371 1990; x_wconf 87' lang='lat' dir='ltr'><strong>aut</strong></span> <span class='ocrx_word' id='word_1_267' title='bbox 391 1931 542 1990; x_wconf 90' lang='lat' dir='ltr'><strong>teloneum</strong></span> <span class='ocrx_word' id='word_1_268' title='bbox 565 1950 602 1990; x_wconf 87' lang='lat' dir='ltr'><strong>ex</strong></span> <span class='ocrx_word' id='word_1_269' title='bbox 628 1933 695 1992; x_wconf 90' lang='lat' dir='ltr'><strong>ullis</strong></span> <span class='ocrx_word' id='word_1_270' title='bbox 723 1935 860 2005; x_wconf 85' lang='lat' dir='ltr'><strong>negotiis,</strong></span> <span class='ocrx_word' id='word_1_271' title='bbox 885 1933 1002 1992; x_wconf 90' lang='lat' dir='ltr'><strong>sicutiu</strong></span> <span class='ocrx_word' id='word_1_272' title='bbox 1056 1933 1144 1990; x_wconf 91' lang='lat' dir='ltr'><strong>tionis</strong></span> <span class='ocrx_word' id='word_1_273' title='bbox 1155 1933 1305 2006; x_wconf 89' lang='lat' dir='ltr'><strong>acciderit,</strong></span> <span class='ocrx_word' id='word_1_274' title='bbox 1319 1933 1466 2006; x_wconf 90' lang='lat' dir='ltr'><strong>justitiam</strong></span> <span class='ocrx_word' id='word_1_275' title='bbox 1480 1932 1554 2004; x_wconf 92' lang='lat' dir='ltr'><strong>legis</strong></span> <span class='ocrx_word' id='word_1_276' title='bbox 1568 1950 1604 1990; x_wconf 84' lang='lat' dir='ltr'><strong>ex</strong></span> <span class='ocrx_word' id='word_1_277' title='bbox 1626 1934 1742 2004; x_wconf 89' lang='lat' dir='ltr'><strong>integro</strong></span> <span class='ocrx_word' id='word_1_278' title='bbox 1766 1935 1893 2008; x_wconf 89' lang='lat' dir='ltr'><strong>requirit</strong></span> 
     </span>
     <span class='ocr_line' id='line_1_22' title="bbox 174 2018 1891 2096; baseline 0.002 -20"><span class='ocrx_word' id='word_1_279' title='bbox 174 2018 339 2092; x_wconf 71' lang='lat' dir='ltr'><strong>preceptis,</strong></span> <span class='ocrx_word' id='word_1_280' title='bbox 355 2025 388 2080; x_wconf 89' lang='lat' dir='ltr'><strong>ut</strong></span> <span class='ocrx_word' id='word_1_281' title='bbox 399 2020 540 2090; x_wconf 84' lang='lat' dir='ltr'><strong>diximus,</strong></span> <span class='ocrx_word' id='word_1_282' title='bbox 554 2022 718 2082; x_wconf 90' lang='lat' dir='ltr'><strong>multorum</strong></span> <span class='ocrx_word' id='word_1_283' title='bbox 737 2039 853 2094; x_wconf 90' lang='lat' dir='ltr'><strong>regum,</strong></span> <span class='ocrx_word' id='word_1_284' title='bbox 873 2023 1001 2094; x_wconf 83' lang='lat' dir='ltr'><strong>exigere,</strong></span> <span class='ocrx_word' id='word_1_285' title='bbox 1055 2022 1177 2080; x_wconf 90' lang='lat' dir='ltr'><strong>babere.</strong></span> <span class='ocrx_word' id='word_1_286' title='bbox 1193 2022 1279 2089; x_wconf 82' lang='lat' dir='ltr'><strong>Quod</strong></span> <span class='ocrx_word' id='word_1_287' title='bbox 1294 2022 1319 2078; x_wconf 92' lang='lat' dir='ltr'><strong>si</strong></span> <span class='ocrx_word' id='word_1_288' title='bbox 1333 2021 1364 2078; x_wconf 91' lang='lat' dir='ltr'><strong>in</strong></span> <span class='ocrx_word' id='word_1_289' title='bbox 1378 2025 1476 2079; x_wconf 88' lang='lat' dir='ltr'><strong>castro</strong></span> <span class='ocrx_word' id='word_1_290' title='bbox 1492 2037 1548 2080; x_wconf 85' lang='lat' dir='ltr'><strong>suo</strong></span> <span class='ocrx_word' id='word_1_291' title='bbox 1563 2022 1702 2080; x_wconf 89' lang='lat' dir='ltr'><strong>Enerensi</strong></span> <span class='ocrx_word' id='word_1_292' title='bbox 1717 2021 1837 2096; x_wconf 88' lang='lat' dir='ltr'><strong>aliquid</strong></span> <span class='ocrx_word' id='word_1_293' title='bbox 1848 2041 1891 2080; x_wconf 90' lang='lat' dir='ltr'><strong>re-</strong></span> 
     </span>
     <span class='ocr_line' id='line_1_23' title="bbox 174 2107 1891 2184; baseline 0.001 -16"><span class='ocrx_word' id='word_1_294' title='bbox 174 2110 226 2168; x_wconf 78' lang='lat' dir='ltr'><strong>out</strong></span> <span class='ocrx_word' id='word_1_295' title='bbox 238 2107 430 2182; x_wconf 83' lang='lat' dir='ltr'><strong>fidejussores</strong></span> <span class='ocrx_word' id='word_1_296' title='bbox 447 2110 762 2178; x_wconf 90' lang='lat' dir='ltr'><strong>tollerc,eutbomines</strong></span> <span class='ocrx_word' id='word_1_297' title='bbox 776 2117 837 2172; x_wconf 88' lang='lat' dir='ltr'><strong>tem</strong></span> <span class='ocrx_word' id='word_1_298' title='bbox 852 2113 1001 2184; x_wconf 90' lang='lat' dir='ltr'><strong>ingenuos</strong></span> <span class='ocrx_word' id='word_1_299' title='bbox 1056 2110 1178 2168; x_wconf 82' lang='lat' dir='ltr'><strong>formari</strong></span> <span class='ocrx_word' id='word_1_300' title='bbox 1191 2128 1312 2168; x_wconf 87' lang='lat' dir='ltr'><strong>necesse</strong></span> <span class='ocrx_word' id='word_1_301' title='bbox 1327 2110 1424 2180; x_wconf 85' lang='lat' dir='ltr'><strong>luerit,</strong></span> <span class='ocrx_word' id='word_1_302' title='bbox 1440 2111 1580 2170; x_wconf 90' lang='lat' dir='ltr'><strong>homines</strong></span> <span class='ocrx_word' id='word_1_303' title='bbox 1605 2113 1764 2170; x_wconf 90' lang='lat' dir='ltr'><strong>memorati</strong></span> <span class='ocrx_word' id='word_1_304' title='bbox 1791 2127 1891 2170; x_wconf 85' lang='lat' dir='ltr'><strong>coeno</strong></span> 
     </span>
     <span class='ocr_line' id='line_1_24' title="bbox 174 2199 1891 2276; baseline 0.003 -22"><span class='ocrx_word' id='word_1_305' title='bbox 174 2209 268 2270; x_wconf 86' lang='lat' dir='ltr'><strong>quam</strong></span> <span class='ocrx_word' id='word_1_306' title='bbox 282 2212 384 2256; x_wconf 91' lang='lat' dir='ltr'><strong>servos</strong></span> <span class='ocrx_word' id='word_1_307' title='bbox 396 2214 486 2271; x_wconf 91' lang='lat' dir='ltr'><strong>super</strong></span> <span class='ocrx_word' id='word_1_308' title='bbox 500 2203 609 2258; x_wconf 87' lang='lat' dir='ltr'><strong>terram</strong></span> <span class='ocrx_word' id='word_1_309' title='bbox 624 2199 719 2273; x_wconf 92' lang='lat' dir='ltr'><strong>ipsius</strong></span> <span class='ocrx_word' id='word_1_310' title='bbox 743 2199 873 2258; x_wconf 77' lang='lat' dir='ltr'><strong>basilicae</strong></span> <span class='ocrx_word' id='word_1_311' title='bbox 897 2201 1004 2258; x_wconf 89' lang='lat' dir='ltr'><strong>imma·</strong></span> <span class='ocrx_word' id='word_1_312' title='bbox 1053 2199 1098 2257; x_wconf 91' lang='lat' dir='ltr'><strong>bii</strong></span> <span class='ocrx_word' id='word_1_313' title='bbox 1112 2201 1151 2257; x_wconf 91' lang='lat' dir='ltr'><strong>ad</strong></span> <span class='ocrx_word' id='word_1_314' title='bbox 1166 2199 1239 2258; x_wconf 91' lang='lat' dir='ltr'><strong>illud</strong></span> <span class='ocrx_word' id='word_1_315' title='bbox 1253 2216 1330 2273; x_wconf 88' lang='lat' dir='ltr'><strong>opus</strong></span> <span class='ocrx_word' id='word_1_316' title='bbox 1344 2200 1386 2257; x_wconf 89' lang='lat' dir='ltr'><strong>ire</strong></span> <span class='ocrx_word' id='word_1_317' title='bbox 1402 2199 1562 2276; x_wconf 88' lang='lat' dir='ltr'><strong>compellit.</strong></span> <span class='ocrx_word' id='word_1_318' title='bbox 1585 2202 1745 2274; x_wconf 81' lang='lat' dir='ltr'><strong>Repertum</strong></span> <span class='ocrx_word' id='word_1_319' title='bbox 1767 2205 1816 2258; x_wconf 85' lang='lat' dir='ltr'><strong>est</strong></span> <span class='ocrx_word' id='word_1_320' title='bbox 1842 2201 1891 2272; x_wconf 79' lang='lat' dir='ltr'><strong>igi</strong></span> 
     </span>
     <span class='ocr_line' id='line_1_25' title="bbox 173 2286 1891 2364; baseline 0.001 -20"><span class='ocrx_word' id='word_1_321' title='bbox 173 2289 278 2346; x_wconf 86' lang='lat' dir='ltr'><strong>nentes</strong></span> <span class='ocrx_word' id='word_1_322' title='bbox 291 2286 477 2362; x_wconf 81' lang='lat' dir='ltr'><strong>distringere,</strong></span> <span class='ocrx_word' id='word_1_323' title='bbox 492 2305 548 2347; x_wconf 90' lang='lat' dir='ltr'><strong>uae</strong></span> <span class='ocrx_word' id='word_1_324' title='bbox 559 2289 635 2348; x_wconf 91' lang='lat' dir='ltr'><strong>ullas</strong></span> <span class='ocrx_word' id='word_1_325' title='bbox 650 2289 788 2363; x_wconf 89' lang='lat' dir='ltr'><strong>publicas</strong></span> <span class='ocrx_word' id='word_1_326' title='bbox 800 2289 1004 2349; x_wconf 80' lang='lat' dir='ltr'><strong>laedonesaut</strong></span> <span class='ocrx_word' id='word_1_327' title='bbox 1057 2292 1104 2347; x_wconf 91' lang='lat' dir='ltr'><strong>tur</strong></span> <span class='ocrx_word' id='word_1_328' title='bbox 1115 2289 1230 2360; x_wconf 87' lang='lat' dir='ltr'><strong>judicio</strong></span> <span class='ocrx_word' id='word_1_329' title='bbox 1243 2293 1348 2346; x_wconf 88' lang='lat' dir='ltr'><strong>nostro</strong></span> <span class='ocrx_word' id='word_1_330' title='bbox 1364 2293 1393 2346; x_wconf 89' lang='lat' dir='ltr'><strong>et</strong></span> <span class='ocrx_word' id='word_1_331' title='bbox 1404 2291 1575 2347; x_wconf 88' lang='lat' dir='ltr'><strong>nostrorum</strong></span> <span class='ocrx_word' id='word_1_332' title='bbox 1595 2288 1778 2364; x_wconf 87' lang='lat' dir='ltr'><strong>principum,</strong></span> <span class='ocrx_word' id='word_1_333' title='bbox 1807 2291 1891 2364; x_wconf 90' lang='lat' dir='ltr'><strong>quia,</strong></span> 
     </span>
     <span class='ocr_line' id='line_1_26' title="bbox 174 2373 1892 2452; baseline 0.003 -22"><span class='ocrx_word' id='word_1_334' title='bbox 174 2373 387 2434; x_wconf 86' lang='lat' dir='ltr'><strong>redhibitiones</strong></span> <span class='ocrx_word' id='word_1_335' title='bbox 402 2377 448 2434; x_wconf 85' lang='lat' dir='ltr'><strong>vel</strong></span> <span class='ocrx_word' id='word_1_336' title='bbox 468 2377 583 2437; x_wconf 88' lang='lat' dir='ltr'><strong>illicitas</strong></span> <span class='ocrx_word' id='word_1_337' title='bbox 596 2378 927 2452; x_wconf 89' lang='lat' dir='ltr'><strong>occasionesrequirere</strong></span> <span class='ocrx_word' id='word_1_338' title='bbox 941 2383 1002 2436; x_wconf 91' lang='lat' dir='ltr'><strong>tam</strong></span> <span class='ocrx_word' id='word_1_339' title='bbox 1056 2393 1126 2434; x_wconf 90' lang='lat' dir='ltr'><strong>cum</strong></span> <span class='ocrx_word' id='word_1_340' title='bbox 1153 2395 1242 2435; x_wconf 93' lang='lat' dir='ltr'><strong>suum</strong></span> <span class='ocrx_word' id='word_1_341' title='bbox 1268 2377 1450 2436; x_wconf 88' lang='lat' dir='ltr'><strong>beneficium</strong></span> <span class='ocrx_word' id='word_1_342' title='bbox 1479 2394 1515 2434; x_wconf 89' lang='lat' dir='ltr'><strong>ex</strong></span> <span class='ocrx_word' id='word_1_343' title='bbox 1541 2376 1662 2437; x_wconf 89' lang='lat' dir='ltr'><strong>abbatia</strong></span> <span class='ocrx_word' id='word_1_344' title='bbox 1684 2377 1752 2452; x_wconf 90' lang='lat' dir='ltr'><strong>ipsa</strong></span> <span class='ocrx_word' id='word_1_345' title='bbox 1766 2383 1892 2452; x_wconf 87' lang='lat' dir='ltr'><strong>propter</strong></span> 
     </span>
     <span class='ocr_line' id='line_1_27' title="bbox 175 2463 1891 2548; baseline 0.003 -30"><span class='ocrx_word' id='word_1_346' title='bbox 175 2463 349 2523; x_wconf 85' lang='lat' dir='ltr'><strong>temerarius</strong></span> <span class='ocrx_word' id='word_1_347' title='bbox 362 2466 481 2526; x_wconf 85' lang='lat' dir='ltr'><strong>audeat.</strong></span> <span class='ocrx_word' id='word_1_348' title='bbox 496 2469 523 2526; x_wconf 75' lang='lat' dir='ltr'><strong>si</strong></span> <span class='ocrx_word' id='word_1_349' title='bbox 538 2469 609 2542; x_wconf 88' lang='lat' dir='ltr'><strong>quis</strong></span> <span class='ocrx_word' id='word_1_350' title='bbox 624 2473 726 2548; x_wconf 84' lang='lat' dir='ltr'><strong>autem</strong></span> <span class='ocrx_word' id='word_1_351' title='bbox 751 2468 783 2528; x_wconf 90' lang='lat' dir='ltr'><strong>in</strong></span> <span class='ocrx_word' id='word_1_352' title='bbox 807 2474 922 2527; x_wconf 89' lang='lat' dir='ltr'><strong>tantam</strong></span> <span class='ocrx_word' id='word_1_353' title='bbox 937 2485 1004 2542; x_wconf 85' lang='lat' dir='ltr'><strong>pro-</strong></span> <span class='ocrx_word' id='word_1_354' title='bbox 1056 2467 1285 2526; x_wconf 89' lang='lat' dir='ltr'><strong>advocationem</strong></span> <span class='ocrx_word' id='word_1_355' title='bbox 1309 2468 1427 2536; x_wconf 88' lang='lat' dir='ltr'><strong>habeat,</strong></span> <span class='ocrx_word' id='word_1_356' title='bbox 1450 2465 1637 2540; x_wconf 86' lang='lat' dir='ltr'><strong>supradictas</strong></span> <span class='ocrx_word' id='word_1_357' title='bbox 1655 2467 1891 2526; x_wconf 84' lang='lat' dir='ltr'><strong>consuetudines</strong></span> 
     </span>
     <span class='ocr_line' id='line_1_28' title="bbox 172 2555 1891 2632; baseline 0.002 -22"><span class='ocrx_word' id='word_1_358' title='bbox 172 2566 313 2626; x_wconf 85' lang='lat' dir='ltr'><strong>rumpere</strong></span> <span class='ocrx_word' id='word_1_359' title='bbox 327 2569 421 2612; x_wconf 86' lang='lat' dir='ltr'><strong>ausus</strong></span> <span class='ocrx_word' id='word_1_360' title='bbox 436 2555 524 2618; x_wconf 83' lang='lat' dir='ltr'><strong>fuerit</strong></span> <span class='ocrx_word' id='word_1_361' title='bbox 538 2557 710 2626; x_wconf 88' lang='lat' dir='ltr'><strong>audaciam,</strong></span> <span class='ocrx_word' id='word_1_362' title='bbox 731 2561 763 2616; x_wconf 89' lang='lat' dir='ltr'><strong>ut</strong></span> <span class='ocrx_word' id='word_1_363' title='bbox 777 2559 867 2630; x_wconf 84' lang='lat' dir='ltr'><strong>hujus</strong></span> <span class='ocrx_word' id='word_1_364' title='bbox 891 2562 1002 2618; x_wconf 78' lang='lat' dir='ltr'><strong>nostra</strong></span> <span class='ocrx_word' id='word_1_365' title='bbox 1055 2559 1085 2616; x_wconf 91' lang='lat' dir='ltr'><strong>in</strong></span> <span class='ocrx_word' id='word_1_366' title='bbox 1102 2559 1202 2632; x_wconf 91' lang='lat' dir='ltr'><strong>ipsum</strong></span> <span class='ocrx_word' id='word_1_367' title='bbox 1217 2557 1435 2616; x_wconf 88' lang='lat' dir='ltr'><strong>monasterium</strong></span> <span class='ocrx_word' id='word_1_368' title='bbox 1450 2556 1561 2616; x_wconf 88' lang='lat' dir='ltr'><strong>habere</strong></span> <span class='ocrx_word' id='word_1_369' title='bbox 1576 2571 1637 2614; x_wconf 92' lang='lat' dir='ltr'><strong>non</strong></span> <span class='ocrx_word' id='word_1_370' title='bbox 1662 2557 1783 2622; x_wconf 88' lang='lat' dir='ltr'><strong>debeat,</strong></span> <span class='ocrx_word' id='word_1_371' title='bbox 1807 2574 1891 2614; x_wconf 87' lang='lat' dir='ltr'><strong>exce·</strong></span> 
     </span>
     <span class='ocr_line' id='line_1_29' title="bbox 173 2641 1890 2722; baseline 0.002 -23"><span class='ocrx_word' id='word_1_372' title='bbox 173 2641 357 2702; x_wconf 84' lang='lat' dir='ltr'><strong>auctoritatis</strong></span> <span class='ocrx_word' id='word_1_373' title='bbox 369 2648 397 2704; x_wconf 89' lang='lat' dir='ltr'><strong>et</strong></span> <span class='ocrx_word' id='word_1_374' title='bbox 411 2645 574 2708; x_wconf 84' lang='lat' dir='ltr'><strong>altitudinis</strong></span> <span class='ocrx_word' id='word_1_375' title='bbox 589 2651 772 2721; x_wconf 73' lang='lat' dir='ltr'><strong>preceptum</strong></span> <span class='ocrx_word' id='word_1_376' title='bbox 791 2649 901 2706; x_wconf 87' lang='lat' dir='ltr'><strong>violare</strong></span> <span class='ocrx_word' id='word_1_377' title='bbox 927 2664 1002 2721; x_wconf 84' lang='lat' dir='ltr'><strong>prae-</strong></span> <span class='ocrx_word' id='word_1_378' title='bbox 1056 2653 1107 2720; x_wconf 89' lang='lat' dir='ltr'><strong>pto</strong></span> <span class='ocrx_word' id='word_1_379' title='bbox 1123 2648 1147 2703; x_wconf 91' lang='lat' dir='ltr'><strong>si</strong></span> <span class='ocrx_word' id='word_1_380' title='bbox 1162 2648 1258 2708; x_wconf 88' lang='lat' dir='ltr'><strong>abbas</strong></span> <span class='ocrx_word' id='word_1_381' title='bbox 1271 2647 1368 2722; x_wconf 91' lang='lat' dir='ltr'><strong>ipsius</strong></span> <span class='ocrx_word' id='word_1_382' title='bbox 1382 2645 1438 2704; x_wconf 87' lang='lat' dir='ltr'><strong>loci</strong></span> <span class='ocrx_word' id='word_1_383' title='bbox 1453 2646 1485 2704; x_wconf 89' lang='lat' dir='ltr'><strong>in</strong></span> <span class='ocrx_word' id='word_1_384' title='bbox 1500 2645 1721 2719; x_wconf 80' lang='lat' dir='ltr'><strong>expeditionem</strong></span> <span class='ocrx_word' id='word_1_385' title='bbox 1745 2647 1828 2718; x_wconf 89' lang='lat' dir='ltr'><strong>regis</strong></span> <span class='ocrx_word' id='word_1_386' title='bbox 1852 2647 1890 2704; x_wconf 86' lang='lat' dir='ltr'><strong>ire</strong></span> 
     </span>
     <span class='ocr_line' id='line_1_30' title="bbox 175 2732 1890 2810; baseline 0.003 -22"><span class='ocrx_word' id='word_1_387' title='bbox 175 2732 345 2807; x_wconf 86' lang='lat' dir='ltr'><strong>sumpserit,</strong></span> <span class='ocrx_word' id='word_1_388' title='bbox 369 2736 629 2808; x_wconf 84' lang='lat' dir='ltr'><strong>quemadmodum</strong></span> <span class='ocrx_word' id='word_1_389' title='bbox 648 2737 680 2794; x_wconf 88' lang='lat' dir='ltr'><strong>in</strong></span> <span class='ocrx_word' id='word_1_390' title='bbox 706 2737 819 2796; x_wconf 79' lang='lat' dir='ltr'><strong>ceteris</strong></span> <span class='ocrx_word' id='word_1_391' title='bbox 845 2753 951 2808; x_wconf 87' lang='lat' dir='ltr'><strong>regum</strong></span> <span class='ocrx_word' id='word_1_392' title='bbox 974 2741 1003 2798; x_wconf 89' lang='lat' dir='ltr'><strong>et</strong></span> <span class='ocrx_word' id='word_1_393' title='bbox 1055 2738 1187 2808; x_wconf 88' lang='lat' dir='ltr'><strong>deberet,</strong></span> <span class='ocrx_word' id='word_1_394' title='bbox 1203 2743 1314 2794; x_wconf 83' lang='lat' dir='ltr'><strong>eleum</strong></span> <span class='ocrx_word' id='word_1_395' title='bbox 1328 2753 1429 2796; x_wconf 82' lang='lat' dir='ltr'><strong>seeum</strong></span> <span class='ocrx_word' id='word_1_396' title='bbox 1443 2735 1484 2792; x_wconf 86' lang='lat' dir='ltr'><strong>ire</strong></span> <span class='ocrx_word' id='word_1_397' title='bbox 1497 2735 1630 2808; x_wconf 86' lang='lat' dir='ltr'><strong>jusserit,</strong></span> <span class='ocrx_word' id='word_1_398' title='bbox 1655 2739 1708 2792; x_wconf 89' lang='lat' dir='ltr'><strong>aui</strong></span> <span class='ocrx_word' id='word_1_399' title='bbox 1732 2751 1788 2810; x_wconf 90' lang='lat' dir='ltr'><strong>per</strong></span> <span class='ocrx_word' id='word_1_400' title='bbox 1812 2753 1845 2793; x_wconf 89' lang='lat' dir='ltr'><strong>se</strong></span> <span class='ocrx_word' id='word_1_401' title='bbox 1860 2737 1890 2794; x_wconf 92' lang='lat' dir='ltr'><strong>il·</strong></span> 
     </span>
     <span class='ocr_line' id='line_1_31' title="bbox 172 2819 1891 2900; baseline 0.004 -26"><span class='ocrx_word' id='word_1_402' title='bbox 172 2819 388 2893; x_wconf 87' lang='lat' dir='ltr'><strong>imperatorum</strong></span> <span class='ocrx_word' id='word_1_403' title='bbox 402 2824 658 2895; x_wconf 77' lang='lat' dir='ltr'><strong>predecessorum</strong></span> <span class='ocrx_word' id='word_1_404' title='bbox 686 2829 715 2883; x_wconf 89' lang='lat' dir='ltr'><strong>at</strong></span> <span class='ocrx_word' id='word_1_405' title='bbox 742 2831 902 2898; x_wconf 87' lang='lat' dir='ltr'><strong>parentum</strong></span> <span class='ocrx_word' id='word_1_406' title='bbox 924 2841 1003 2884; x_wconf 92' lang='lat' dir='ltr'><strong>meo-</strong></span> <span class='ocrx_word' id='word_1_407' title='bbox 1055 2825 1118 2884; x_wconf 92' lang='lat' dir='ltr'><strong>lum</strong></span> <span class='ocrx_word' id='word_1_408' title='bbox 1134 2842 1203 2884; x_wconf 90' lang='lat' dir='ltr'><strong>cum</strong></span> <span class='ocrx_word' id='word_1_409' title='bbox 1218 2825 1280 2882; x_wconf 91' lang='lat' dir='ltr'><strong>suis</strong></span> <span class='ocrx_word' id='word_1_410' title='bbox 1295 2823 1439 2884; x_wconf 90' lang='lat' dir='ltr'><strong>militibus</strong></span> <span class='ocrx_word' id='word_1_411' title='bbox 1459 2823 1501 2882; x_wconf 91' lang='lat' dir='ltr'><strong>ire</strong></span> <span class='ocrx_word' id='word_1_412' title='bbox 1515 2823 1688 2900; x_wconf 76' lang='lat' dir='ltr'><strong>preceperit</strong></span> <span class='ocrx_word' id='word_1_413' title='bbox 1708 2839 1715 2880; x_wconf 76' lang='grc' dir='ltr'>ε</span> <span class='ocrx_word' id='word_1_414' title='bbox 1738 2829 1811 2882; x_wconf 89' lang='lat' dir='ltr'><strong>tunc</strong></span> <span class='ocrx_word' id='word_1_415' title='bbox 1836 2824 1891 2882; x_wconf 88' lang='lat' dir='ltr'><strong>sibi</strong></span> 
     </span>
     <span class='ocr_line' id='line_1_32' title="bbox 172 2910 1890 3000; baseline 0.003 -36"><span class='ocrx_word' id='word_1_416' title='bbox 172 2924 240 2966; x_wconf 92' lang='lat' dir='ltr'><strong>rum</strong></span> <span class='ocrx_word' id='word_1_417' title='bbox 254 2912 506 2985; x_wconf 75' lang='lat' dir='ltr'><strong>preceptionibus</strong></span> <span class='ocrx_word' id='word_1_418' title='bbox 521 2915 697 2984; x_wconf 86' lang='lat' dir='ltr'><strong>continetur,</strong></span> <span class='ocrx_word' id='word_1_419' title='bbox 720 2933 782 2974; x_wconf 86' lang='lat' dir='ltr'><strong>nou</strong></span> <span class='ocrx_word' id='word_1_420' title='bbox 801 2917 901 2974; x_wconf 88' lang='lat' dir='ltr'><strong>solum</strong></span> <span class='ocrx_word' id='word_1_421' title='bbox 915 2916 945 2974; x_wconf 91' lang='lat' dir='ltr'><strong>in</strong></span> <span class='ocrx_word' id='word_1_422' title='bbox 960 2915 1002 2974; x_wconf 85' lang='lat' dir='ltr'><strong>of·</strong></span> <span class='ocrx_word' id='word_1_423' title='bbox 1023 2956 1040 3000; x_wconf 38' lang='lat'><strong>,2</strong></span> <span class='ocrx_word' id='word_1_424' title='bbox 1056 2917 1195 2988; x_wconf 89' lang='lat' dir='ltr'><strong>sumptus</strong></span> <span class='ocrx_word' id='word_1_425' title='bbox 1209 2929 1246 2970; x_wconf 86' lang='lat' dir='ltr'><strong>ex</strong></span> <span class='ocrx_word' id='word_1_426' title='bbox 1260 2911 1468 2981; x_wconf 89' lang='lat' dir='ltr'><strong>advocatione,</strong></span> <span class='ocrx_word' id='word_1_427' title='bbox 1482 2926 1545 2972; x_wconf 91' lang='lat' dir='ltr'><strong>non</strong></span> <span class='ocrx_word' id='word_1_428' title='bbox 1565 2915 1664 2972; x_wconf 87' lang='lat' dir='ltr'><strong>tamen</strong></span> <span class='ocrx_word' id='word_1_429' title='bbox 1689 2910 1752 2970; x_wconf 88' lang='lat' dir='ltr'><strong>sine</strong></span> <span class='ocrx_word' id='word_1_430' title='bbox 1775 2912 1890 2973; x_wconf 85' lang='lat' dir='ltr'><strong>ratione</strong></span> 
     </span>
     <span class='ocr_line' id='line_1_33' title="bbox 172 2995 1891 3077; baseline 0.003 -25"><span class='ocrx_word' id='word_1_431' title='bbox 172 2995 290 3056; x_wconf 82' lang='lat' dir='ltr'><strong>ieneam</strong></span> <span class='ocrx_word' id='word_1_432' title='bbox 305 2999 411 3058; x_wconf 84' lang='lat' dir='ltr'><strong>christi</strong></span> <span class='ocrx_word' id='word_1_433' title='bbox 423 3006 452 3058; x_wconf 92' lang='lat' dir='ltr'><strong>et</strong></span> <span class='ocrx_word' id='word_1_434' title='bbox 463 3007 598 3062; x_wconf 85' lang='lat' dir='ltr'><strong>nostram</strong></span> <span class='ocrx_word' id='word_1_435' title='bbox 610 3003 778 3077; x_wconf 89' lang='lat' dir='ltr'><strong>lapsurum,</strong></span> <span class='ocrx_word' id='word_1_436' title='bbox 791 3021 897 3062; x_wconf 89' lang='lat' dir='ltr'><strong>verum</strong></span> <span class='ocrx_word' id='word_1_437' title='bbox 910 3005 1000 3062; x_wconf 87' lang='lat' dir='ltr'><strong>etiam</strong></span> <span class='ocrx_word' id='word_1_438' title='bbox 1039 3004 1205 3077; x_wconf 59' lang='lat' dir='ltr'><strong>,requirere</strong></span> <span class='ocrx_word' id='word_1_439' title='bbox 1218 3002 1323 3072; x_wconf 74' lang='lat' dir='ltr'><strong>beent,</strong></span> <span class='ocrx_word' id='word_1_440' title='bbox 1337 3017 1393 3058; x_wconf 90' lang='lat' dir='ltr'><strong>neo</strong></span> <span class='ocrx_word' id='word_1_441' title='bbox 1409 3000 1499 3057; x_wconf 82' lang='lat' dir='ltr'><strong>ubam</strong></span> <span class='ocrx_word' id='word_1_442' title='bbox 1511 2999 1742 3076; x_wconf 85' lang='lat' dir='ltr'><strong>legisjustitiem</strong></span> <span class='ocrx_word' id='word_1_443' title='bbox 1752 3000 1785 3058; x_wconf 91' lang='lat' dir='ltr'><strong>iu</strong></span> <span class='ocrx_word' id='word_1_444' title='bbox 1799 3001 1891 3062; x_wconf 86' lang='lat' dir='ltr'><strong>abba-</strong></span> 
     </span>
     <span class='ocr_line' id='line_1_34' title="bbox 172 3083 1889 3166; baseline 0.002 -22"><span class='ocrx_word' id='word_1_445' title='bbox 172 3083 372 3146; x_wconf 88' lang='lat' dir='ltr'><strong>ducentorum</strong></span> <span class='ocrx_word' id='word_1_446' title='bbox 386 3089 550 3150; x_wconf 86' lang='lat' dir='ltr'><strong>solidorum</strong></span> <span class='ocrx_word' id='word_1_447' title='bbox 563 3093 629 3151; x_wconf 90' lang='lat' dir='ltr'><strong>auri</strong></span> <span class='ocrx_word' id='word_1_448' title='bbox 641 3092 681 3150; x_wconf 87' lang='lat' dir='ltr'><strong>ed</strong></span> <span class='ocrx_word' id='word_1_449' title='bbox 695 3109 806 3166; x_wconf 91' lang='lat' dir='ltr'><strong>purum</strong></span> <span class='ocrx_word' id='word_1_450' title='bbox 830 3094 944 3154; x_wconf 84' lang='lat' dir='ltr'><strong>excocti</strong></span> <span class='ocrx_word' id='word_1_451' title='bbox 969 3109 1001 3150; x_wconf 90' lang='lat' dir='ltr'><strong>se</strong></span> <span class='ocrx_word' id='word_1_452' title='bbox 1057 3093 1097 3150; x_wconf 90' lang='lat' dir='ltr'><strong>lia</strong></span> <span class='ocrx_word' id='word_1_453' title='bbox 1111 3093 1230 3160; x_wconf 84' lang='lat' dir='ltr'><strong>babeat,</strong></span> <span class='ocrx_word' id='word_1_454' title='bbox 1246 3091 1303 3148; x_wconf 93' lang='lat' dir='ltr'><strong>nisi</strong></span> <span class='ocrx_word' id='word_1_455' title='bbox 1318 3095 1370 3147; x_wconf 90' lang='lat' dir='ltr'><strong>aut</strong></span> <span class='ocrx_word' id='word_1_456' title='bbox 1382 3090 1481 3163; x_wconf 82' lang='lat' dir='ltr'><strong>major</strong></span> <span class='ocrx_word' id='word_1_457' title='bbox 1496 3088 1626 3158; x_wconf 86' lang='lat' dir='ltr'><strong>abbatis,</strong></span> <span class='ocrx_word' id='word_1_458' title='bbox 1643 3095 1694 3152; x_wconf 83' lang='lat' dir='ltr'><strong>eut</strong></span> <span class='ocrx_word' id='word_1_459' title='bbox 1709 3092 1889 3165; x_wconf 74' lang='lat' dir='ltr'><strong>praepositus</strong></span> 
     </span>
     <span class='ocr_line' id='line_1_35' title="bbox 171 3174 1888 3258; baseline 0.001 -24"><span class='ocrx_word' id='word_1_460' title='bbox 171 3174 287 3238; x_wconf 86' lang='lat' dir='ltr'><strong>noverit</strong></span> <span class='ocrx_word' id='word_1_461' title='bbox 312 3193 403 3250; x_wconf 77' lang='lat' dir='ltr'><strong>prena</strong></span> <span class='ocrx_word' id='word_1_462' title='bbox 427 3179 628 3240; x_wconf 88' lang='lat' dir='ltr'><strong>multandum.</strong></span> <span class='ocrx_word' id='word_1_463' title='bbox 657 3185 689 3239; x_wconf 85' lang='lat' dir='ltr'><strong>Et</strong></span> <span class='ocrx_word' id='word_1_464' title='bbox 714 3186 747 3240; x_wconf 90' lang='lat' dir='ltr'><strong>ut</strong></span> <span class='ocrx_word' id='word_1_465' title='bbox 769 3183 860 3255; x_wconf 83' lang='lat' dir='ltr'><strong>bujus</strong></span> <span class='ocrx_word' id='word_1_466' title='bbox 889 3186 1001 3239; x_wconf 77' lang='lat' dir='ltr'><strong>nostrae</strong></span> <span class='ocrx_word' id='word_1_467' title='bbox 1055 3182 1160 3258; x_wconf 91' lang='lat' dir='ltr'><strong>ipsius,</strong></span> <span class='ocrx_word' id='word_1_468' title='bbox 1176 3181 1222 3239; x_wconf 91' lang='lat' dir='ltr'><strong>vel</strong></span> <span class='ocrx_word' id='word_1_469' title='bbox 1234 3180 1362 3254; x_wconf 88' lang='lat' dir='ltr'><strong>ipsemet</strong></span> <span class='ocrx_word' id='word_1_470' title='bbox 1376 3179 1473 3236; x_wconf 90' lang='lat' dir='ltr'><strong>abbas</strong></span> <span class='ocrx_word' id='word_1_471' title='bbox 1490 3195 1561 3238; x_wconf 87' lang='lat' dir='ltr'><strong>eum</strong></span> <span class='ocrx_word' id='word_1_472' title='bbox 1575 3180 1736 3240; x_wconf 89' lang='lat' dir='ltr'><strong>mutaverit</strong></span> <span class='ocrx_word' id='word_1_473' title='bbox 1751 3196 1843 3254; x_wconf 88' lang='lat' dir='ltr'><strong>super</strong></span> <span class='ocrx_word' id='word_1_474' title='bbox 1858 3197 1888 3236; x_wconf 89' lang='lat' dir='ltr'><strong>se</strong></span> 
     </span>
     <span class='ocr_line' id='line_1_36' title="bbox 171 3267 1887 3344; baseline 0.002 -22"><span class='ocrx_word' id='word_1_475' title='bbox 171 3267 377 3340; x_wconf 80' lang='lat' dir='ltr'><strong>preceptionis</strong></span> <span class='ocrx_word' id='word_1_476' title='bbox 390 3270 549 3331; x_wconf 83' lang='lat' dir='ltr'><strong>auotoritas</strong></span> <span class='ocrx_word' id='word_1_477' title='bbox 569 3272 773 3333; x_wconf 89' lang='lat' dir='ltr'><strong>inviolabilem</strong></span> <span class='ocrx_word' id='word_1_478' title='bbox 800 3271 935 3333; x_wconf 89' lang='lat' dir='ltr'><strong>obtineat</strong></span> <span class='ocrx_word' id='word_1_479' title='bbox 962 3272 1002 3329; x_wconf 88' lang='lat' dir='ltr'><strong>ci·</strong></span> <span class='ocrx_word' id='word_1_480' title='bbox 1055 3273 1173 3344; x_wconf 82' lang='lat' dir='ltr'><strong>exigere</strong></span> <span class='ocrx_word' id='word_1_481' title='bbox 1186 3271 1334 3344; x_wconf 83' lang='lat' dir='ltr'><strong>justitiam</strong></span> <span class='ocrx_word' id='word_1_482' title='bbox 1350 3269 1483 3327; x_wconf 89' lang='lat' dir='ltr'><strong>sibinen</strong></span> <span class='ocrx_word' id='word_1_483' title='bbox 1497 3269 1636 3344; x_wconf 89' lang='lat' dir='ltr'><strong>potuerit,</strong></span> <span class='ocrx_word' id='word_1_484' title='bbox 1652 3269 1730 3326; x_wconf 89' lang='lat' dir='ltr'><strong>etde</strong></span> <span class='ocrx_word' id='word_1_485' title='bbox 1742 3269 1810 3344; x_wconf 85' lang='lat' dir='ltr'><strong>ipsa</strong></span> <span class='ocrx_word' id='word_1_486' title='bbox 1824 3271 1887 3340; x_wconf 87' lang='lat' dir='ltr'><strong>lege</strong></span> 
     </span>
     <span class='ocr_line' id='line_1_37' title="bbox 171 3353 1889 3434; baseline 0.002 -22"><span class='ocrx_word' id='word_1_487' title='bbox 171 3353 292 3426; x_wconf 82' lang='lat' dir='ltr'><strong>fectum,</strong></span> <span class='ocrx_word' id='word_1_488' title='bbox 306 3362 335 3416; x_wconf 91' lang='lat' dir='ltr'><strong>et</strong></span> <span class='ocrx_word' id='word_1_489' title='bbox 345 3359 384 3416; x_wconf 90' lang='lat' dir='ltr'><strong>ab</strong></span> <span class='ocrx_word' id='word_1_490' title='bbox 399 3360 541 3418; x_wconf 91' lang='lat' dir='ltr'><strong>omnibus</strong></span> <span class='ocrx_word' id='word_1_491' title='bbox 557 3365 665 3420; x_wconf 84' lang='lat' dir='ltr'><strong>sanctae</strong></span> <span class='ocrx_word' id='word_1_492' title='bbox 682 3363 733 3419; x_wconf 81' lang='lat' dir='ltr'><strong>liei</strong></span> <span class='ocrx_word' id='word_1_493' title='bbox 757 3354 894 3420; x_wconf 68' lang='lat' dir='ltr'><strong>Ecclesiae</strong></span> <span class='ocrx_word' id='word_1_494' title='bbox 909 3361 1002 3421; x_wconf 85' lang='lat' dir='ltr'><strong>fideli·</strong></span> <span class='ocrx_word' id='word_1_495' title='bbox 1055 3362 1172 3420; x_wconf 88' lang='lat' dir='ltr'><strong>tertiam</strong></span> <span class='ocrx_word' id='word_1_496' title='bbox 1187 3365 1303 3434; x_wconf 89' lang='lat' dir='ltr'><strong>partem</strong></span> <span class='ocrx_word' id='word_1_497' title='bbox 1318 3359 1440 3416; x_wconf 88' lang='lat' dir='ltr'><strong>habeat.</strong></span> <span class='ocrx_word' id='word_1_498' title='bbox 1457 3362 1515 3416; x_wconf 85' lang='lat' dir='ltr'><strong>Nee</strong></span> <span class='ocrx_word' id='word_1_499' title='bbox 1530 3362 1663 3416; x_wconf 77' lang='lat' dir='ltr'><strong>casuum</strong></span> <span class='ocrx_word' id='word_1_500' title='bbox 1677 3358 1773 3434; x_wconf 90' lang='lat' dir='ltr'><strong>ipsius</strong></span> <span class='ocrx_word' id='word_1_501' title='bbox 1798 3359 1889 3418; x_wconf 87' lang='lat' dir='ltr'><strong>advo-</strong></span> 
     </span>
     <span class='ocr_line' id='line_1_38' title="bbox 170 3443 1886 3524; baseline -0.001 -20"><span class='ocrx_word' id='word_1_502' title='bbox 170 3443 227 3504; x_wconf 86' lang='lat' dir='ltr'><strong>bus</strong></span> <span class='ocrx_word' id='word_1_503' title='bbox 241 3451 270 3505; x_wconf 92' lang='lat' dir='ltr'><strong>et</strong></span> <span class='ocrx_word' id='word_1_504' title='bbox 284 3449 507 3508; x_wconf 79' lang='lat' dir='ltr'><strong>successoribus</strong></span> <span class='ocrx_word' id='word_1_505' title='bbox 521 3450 641 3520; x_wconf 91' lang='lat' dir='ltr'><strong>regibus</strong></span> <span class='ocrx_word' id='word_1_506' title='bbox 656 3453 764 3508; x_wconf 91' lang='lat' dir='ltr'><strong>nostris</strong></span> <span class='ocrx_word' id='word_1_507' title='bbox 776 3451 875 3507; x_wconf 90' lang='lat' dir='ltr'><strong>verius</strong></span> <span class='ocrx_word' id='word_1_508' title='bbox 887 3451 1001 3508; x_wconf 91' lang='lat' dir='ltr'><strong>anobis</strong></span> <span class='ocrx_word' id='word_1_509' title='bbox 1056 3450 1112 3508; x_wconf 86' lang='lat' dir='ltr'><strong>eati</strong></span> <span class='ocrx_word' id='word_1_510' title='bbox 1128 3450 1167 3512; x_wconf 86' lang='lat' dir='ltr'><strong>ob</strong></span> <span class='ocrx_word' id='word_1_511' title='bbox 1181 3448 1355 3508; x_wconf 89' lang='lat' dir='ltr'><strong>homiuibus</strong></span> <span class='ocrx_word' id='word_1_512' title='bbox 1370 3447 1464 3521; x_wconf 90' lang='lat' dir='ltr'><strong>ipsius</strong></span> <span class='ocrx_word' id='word_1_513' title='bbox 1493 3446 1612 3508; x_wconf 87' lang='lat' dir='ltr'><strong>abbatis</strong></span> <span class='ocrx_word' id='word_1_514' title='bbox 1636 3451 1759 3518; x_wconf 89' lang='lat' dir='ltr'><strong>cogatur</strong></span> <span class='ocrx_word' id='word_1_515' title='bbox 1786 3463 1886 3524; x_wconf 90' lang='lat' dir='ltr'><strong>neque</strong></span> 
     </span>
     <span class='ocr_line' id='line_1_39' title="bbox 171 3531 1881 3612; baseline 0.001 -24"><span class='ocrx_word' id='word_1_516' title='bbox 171 3531 249 3592; x_wconf 84' lang='lat' dir='ltr'><strong>tecte</strong></span> <span class='ocrx_word' id='word_1_517' title='bbox 264 3550 330 3590; x_wconf 87' lang='lat' dir='ltr'><strong>essa</strong></span> <span class='ocrx_word' id='word_1_518' title='bbox 352 3536 499 3605; x_wconf 86' lang='lat' dir='ltr'><strong>credatur,</strong></span> <span class='ocrx_word' id='word_1_519' title='bbox 521 3542 550 3594; x_wconf 91' lang='lat' dir='ltr'><strong>et</strong></span> <span class='ocrx_word' id='word_1_520' title='bbox 573 3537 727 3608; x_wconf 83' lang='lat' dir='ltr'><strong>diligentia</strong></span> <span class='ocrx_word' id='word_1_521' title='bbox 751 3539 916 3598; x_wconf 89' lang='lat' dir='ltr'><strong>inviolabili</strong></span> <span class='ocrx_word' id='word_1_522' title='bbox 932 3555 1002 3596; x_wconf 91' lang='lat' dir='ltr'><strong>oon·</strong></span> <span class='ocrx_word' id='word_1_523' title='bbox 1055 3538 1118 3596; x_wconf 88' lang='lat' dir='ltr'><strong>fieri</strong></span> <span class='ocrx_word' id='word_1_524' title='bbox 1143 3554 1241 3612; x_wconf 90' lang='lat' dir='ltr'><strong>neque</strong></span> <span class='ocrx_word' id='word_1_525' title='bbox 1268 3537 1425 3602; x_wconf 86' lang='lat' dir='ltr'><strong>refirmari,</strong></span> <span class='ocrx_word' id='word_1_526' title='bbox 1453 3553 1509 3596; x_wconf 90' lang='lat' dir='ltr'><strong>nec</strong></span> <span class='ocrx_word' id='word_1_527' title='bbox 1534 3536 1566 3594; x_wconf 91' lang='lat' dir='ltr'><strong>in</strong></span> <span class='ocrx_word' id='word_1_528' title='bbox 1586 3535 1656 3594; x_wconf 90' lang='lat' dir='ltr'><strong>villa</strong></span> <span class='ocrx_word' id='word_1_529' title='bbox 1677 3535 1770 3608; x_wconf 89' lang='lat' dir='ltr'><strong>aliqua</strong></span> <span class='ocrx_word' id='word_1_530' title='bbox 1785 3534 1881 3610; x_wconf 89' lang='lat' dir='ltr'><strong>ipsius</strong></span> 
     </span>
     <span class='ocr_line' id='line_1_40' title="bbox 172 3622 1880 3700; baseline -0.001 -20"><span class='ocrx_word' id='word_1_531' title='bbox 172 3627 313 3694; x_wconf 77' lang='lat' dir='ltr'><strong>servetur,</strong></span> <span class='ocrx_word' id='word_1_532' title='bbox 329 3640 424 3683; x_wconf 89' lang='lat' dir='ltr'><strong>manu</strong></span> <span class='ocrx_word' id='word_1_533' title='bbox 438 3631 541 3684; x_wconf 88' lang='lat' dir='ltr'><strong>nostra</strong></span> <span class='ocrx_word' id='word_1_534' title='bbox 556 3627 679 3700; x_wconf 86' lang='lat' dir='ltr'><strong>propria</strong></span> <span class='ocrx_word' id='word_1_535' title='bbox 693 3629 951 3698; x_wconf 88' lang='lat' dir='ltr'><strong>consignavimus,</strong></span> <span class='ocrx_word' id='word_1_536' title='bbox 972 3633 1002 3686; x_wconf 91' lang='lat' dir='ltr'><strong>et</strong></span> <span class='ocrx_word' id='word_1_537' title='bbox 1055 3627 1184 3686; x_wconf 77' lang='lat' dir='ltr'><strong>abbatiae</strong></span> <span class='ocrx_word' id='word_1_538' title='bbox 1198 3643 1260 3684; x_wconf 91' lang='lat' dir='ltr'><strong>non</strong></span> <span class='ocrx_word' id='word_1_539' title='bbox 1275 3627 1423 3693; x_wconf 90' lang='lat' dir='ltr'><strong>comedat,</strong></span> <span class='ocrx_word' id='word_1_540' title='bbox 1439 3625 1498 3684; x_wconf 91' lang='lat' dir='ltr'><strong>nisi</strong></span> <span class='ocrx_word' id='word_1_541' title='bbox 1512 3625 1587 3682; x_wconf 82' lang='lat' dir='ltr'><strong>forte</strong></span> <span class='ocrx_word' id='word_1_542' title='bbox 1611 3625 1700 3682; x_wconf 86' lang='lat' dir='ltr'><strong>abbas</strong></span> <span class='ocrx_word' id='word_1_543' title='bbox 1721 3622 1804 3680; x_wconf 90' lang='lat' dir='ltr'><strong>illum</strong></span> <span class='ocrx_word' id='word_1_544' title='bbox 1828 3639 1880 3680; x_wconf 83' lang='lat' dir='ltr'><strong>ro-</strong></span> 
     </span>
     <span class='ocr_line' id='line_1_41' title="bbox 170 3710 1885 3790; baseline -0.001 -20"><span class='ocrx_word' id='word_1_545' title='bbox 170 3710 274 3770; x_wconf 85' lang='lat' dir='ltr'><strong>annuli</strong></span> <span class='ocrx_word' id='word_1_546' title='bbox 300 3713 393 3774; x_wconf 86' lang='lat' dir='ltr'><strong>nostri</strong></span> <span class='ocrx_word' id='word_1_547' title='bbox 420 3714 618 3786; x_wconf 89' lang='lat' dir='ltr'><strong>impressione</strong></span> <span class='ocrx_word' id='word_1_548' title='bbox 645 3717 755 3786; x_wconf 87' lang='lat' dir='ltr'><strong>signari</strong></span> <span class='ocrx_word' id='word_1_549' title='bbox 776 3717 935 3788; x_wconf 73' lang='lat' dir='ltr'><strong>iussimus.</strong></span> <span class='ocrx_word' id='word_1_550' title='bbox 961 3718 1002 3775; x_wconf 89' lang='lat' dir='ltr'><strong>Si·</strong></span> <span class='ocrx_word' id='word_1_551' title='bbox 1056 3717 1177 3788; x_wconf 89' lang='lat' dir='ltr'><strong>caverit,</strong></span> <span class='ocrx_word' id='word_1_552' title='bbox 1184 3721 1235 3774; x_wconf 91' lang='lat' dir='ltr'><strong>aul</strong></span> <span class='ocrx_word' id='word_1_553' title='bbox 1249 3715 1429 3790; x_wconf 73' lang='lat' dir='ltr'><strong>prepositus</strong></span> <span class='ocrx_word' id='word_1_554' title='bbox 1445 3715 1518 3775; x_wconf 81' lang='lat' dir='ltr'><strong>ville</strong></span> <span class='ocrx_word' id='word_1_555' title='bbox 1534 3730 1589 3788; x_wconf 87' lang='lat' dir='ltr'><strong>pro</strong></span> <span class='ocrx_word' id='word_1_556' title='bbox 1604 3731 1659 3774; x_wconf 92' lang='lat' dir='ltr'><strong>sua</strong></span> <span class='ocrx_word' id='word_1_557' title='bbox 1674 3713 1814 3782; x_wconf 64' lang='lat' dir='ltr'><strong>uilitate,</strong></span> <span class='ocrx_word' id='word_1_558' title='bbox 1828 3727 1885 3770; x_wconf 88' lang='lat' dir='ltr'><strong>nec</strong></span> 
     </span>
     <span class='ocr_line' id='line_1_42' title="bbox 170 3800 1888 3878; baseline 0 -20"><span class='ocrx_word' id='word_1_559' title='bbox 170 3813 264 3872; x_wconf 82' lang='lat' dir='ltr'><strong>gnum</strong></span> <span class='ocrx_word' id='word_1_560' title='bbox 288 3800 404 3860; x_wconf 89' lang='lat' dir='ltr'><strong>domini</strong></span> <span class='ocrx_word' id='word_1_561' title='bbox 432 3803 565 3874; x_wconf 85' lang='lat' dir='ltr'><strong>llugonis</strong></span> <span class='ocrx_word' id='word_1_562' title='bbox 601 3805 829 3878; x_wconf 89' lang='lat' dir='ltr'><strong>archiepiscopi.</strong></span> <span class='ocrx_word' id='word_1_563' title='bbox 876 3807 1001 3878; x_wconf 86' lang='lat' dir='ltr'><strong>Signum</strong></span> <span class='ocrx_word' id='word_1_564' title='bbox 1054 3805 1210 3862; x_wconf 90' lang='lat' dir='ltr'><strong>hominem</strong></span> <span class='ocrx_word' id='word_1_565' title='bbox 1225 3804 1319 3878; x_wconf 90' lang='lat' dir='ltr'><strong>ipsius</strong></span> <span class='ocrx_word' id='word_1_566' title='bbox 1331 3803 1459 3860; x_wconf 81' lang='lat' dir='ltr'><strong>abbatiae</strong></span> <span class='ocrx_word' id='word_1_567' title='bbox 1472 3803 1510 3860; x_wconf 90' lang='lat' dir='ltr'><strong>ad</strong></span> <span class='ocrx_word' id='word_1_568' title='bbox 1523 3803 1669 3878; x_wconf 89' lang='lat' dir='ltr'><strong>placitum</strong></span> <span class='ocrx_word' id='word_1_569' title='bbox 1695 3817 1786 3860; x_wconf 88' lang='lat' dir='ltr'><strong>suum</strong></span> <span class='ocrx_word' id='word_1_570' title='bbox 1808 3817 1888 3858; x_wconf 88' lang='lat' dir='ltr'><strong>oom-</strong></span> 
     </span>
     <span class='ocr_line' id='line_1_43' title="bbox 169 3890 1889 3970; baseline -0.001 -20"><span class='ocrx_word' id='word_1_571' title='bbox 169 3891 339 3964; x_wconf 75' lang='lat' dir='ltr'><strong>Avesgaudi</strong></span> <span class='ocrx_word' id='word_1_572' title='bbox 359 3892 507 3968; x_wconf 91' lang='lat' dir='ltr'><strong>episcopi,</strong></span> <span class='ocrx_word' id='word_1_573' title='bbox 532 3911 662 3968; x_wconf 91' lang='lat' dir='ltr'><strong>quorum</strong></span> <span class='ocrx_word' id='word_1_574' title='bbox 690 3896 1001 3954; x_wconf 77' lang='lat' dir='ltr'><strong>excommunicatione</strong></span> <span class='ocrx_word' id='word_1_575' title='bbox 1054 3894 1146 3970; x_wconf 92' lang='lat' dir='ltr'><strong>pellat</strong></span> <span class='ocrx_word' id='word_1_576' title='bbox 1160 3910 1215 3968; x_wconf 93' lang='lat' dir='ltr'><strong>pro</strong></span> <span class='ocrx_word' id='word_1_577' title='bbox 1230 3894 1332 3968; x_wconf 91' lang='lat' dir='ltr'><strong>aliqua</strong></span> <span class='ocrx_word' id='word_1_578' title='bbox 1347 3893 1528 3962; x_wconf 89' lang='lat' dir='ltr'><strong>occasione;</strong></span> <span class='ocrx_word' id='word_1_579' title='bbox 1555 3909 1611 3950; x_wconf 91' lang='lat' dir='ltr'><strong>uec</strong></span> <span class='ocrx_word' id='word_1_580' title='bbox 1637 3907 1762 3950; x_wconf 88' lang='lat' dir='ltr'><strong>causam</strong></span> <span class='ocrx_word' id='word_1_581' title='bbox 1785 3890 1889 3964; x_wconf 82' lang='lat' dir='ltr'><strong>despe-</strong></span> 
     </span>
     <span class='ocr_line' id='line_1_44' title="bbox 170 3978 1888 4060; baseline 0.001 -23"><span class='ocrx_word' id='word_1_582' title='bbox 170 3978 336 4050; x_wconf 84' lang='lat' dir='ltr'><strong>seligatum</strong></span> <span class='ocrx_word' id='word_1_583' title='bbox 350 3982 443 4051; x_wconf 89' lang='lat' dir='ltr'><strong>novit,</strong></span> <span class='ocrx_word' id='word_1_584' title='bbox 466 3983 518 4056; x_wconf 91' lang='lat' dir='ltr'><strong>qui</strong></span> <span class='ocrx_word' id='word_1_585' title='bbox 546 3983 605 4041; x_wconf 92' lang='lat' dir='ltr'><strong>hoe</strong></span> <span class='ocrx_word' id='word_1_586' title='bbox 630 3989 815 4058; x_wconf 78' lang='lat' dir='ltr'><strong>preceptum</strong></span> <span class='ocrx_word' id='word_1_587' title='bbox 840 3984 1002 4056; x_wconf 83' lang='lat' dir='ltr'><strong>iufringere</strong></span> <span class='ocrx_word' id='word_1_588' title='bbox 1055 3991 1120 4042; x_wconf 91' lang='lat' dir='ltr'><strong>otus</strong></span> <span class='ocrx_word' id='word_1_589' title='bbox 1136 3985 1255 4060; x_wconf 87' lang='lat' dir='ltr'><strong>abipso</strong></span> <span class='ocrx_word' id='word_1_590' title='bbox 1270 3983 1511 4058; x_wconf 89' lang='lat' dir='ltr'><strong>requirat.Hanc</strong></span> <span class='ocrx_word' id='word_1_591' title='bbox 1530 3982 1620 4054; x_wconf 89' lang='lat' dir='ltr'><strong>igitur</strong></span> <span class='ocrx_word' id='word_1_592' title='bbox 1635 3982 1823 4042; x_wconf 86' lang='lat' dir='ltr'><strong>sanctionem</strong></span> <span class='ocrx_word' id='word_1_593' title='bbox 1838 3997 1888 4038; x_wconf 81' lang='lat' dir='ltr'><strong>no</strong></span> 
     </span>
     <span class='ocr_line' id='line_1_45' title="bbox 83 4071 1888 4158; baseline 0.001 -33"><span class='ocrx_word' id='word_1_594' title='bbox 83 4127 89 4140; x_wconf 69' lang='grc'>,</span> <span class='ocrx_word' id='word_1_595' title='bbox 168 4071 403 4144; x_wconf 76' lang='lat' dir='ltr'><strong>praesumpserit,</strong></span> <span class='ocrx_word' id='word_1_596' title='bbox 417 4071 477 4158; x_wconf 74' lang='lat' dir='ltr'><strong>nisi</strong></span> <span class='ocrx_word' id='word_1_597' title='bbox 490 4072 548 4130; x_wconf 89' lang='lat' dir='ltr'><strong>cito</strong></span> <span class='ocrx_word' id='word_1_598' title='bbox 559 4073 740 4145; x_wconf 73' lang='lat' dir='ltr'><strong>poenituerit,</strong></span> <span class='ocrx_word' id='word_1_599' title='bbox 764 4079 794 4134; x_wconf 91' lang='lat' dir='ltr'><strong>et</strong></span> <span class='ocrx_word' id='word_1_600' title='bbox 807 4073 847 4134; x_wconf 83' lang='lat' dir='ltr'><strong>ad</strong></span> <span class='ocrx_word' id='word_1_601' title='bbox 861 4075 1002 4132; x_wconf 87' lang='lat' dir='ltr'><strong>emenda·</strong></span> <span class='ocrx_word' id='word_1_602' title='bbox 1055 4077 1149 4130; x_wconf 87' lang='lat' dir='ltr'><strong>stram</strong></span> <span class='ocrx_word' id='word_1_603' title='bbox 1164 4089 1199 4129; x_wconf 89' lang='lat' dir='ltr'><strong>ee</strong></span> <span class='ocrx_word' id='word_1_604' title='bbox 1219 4073 1388 4146; x_wconf 89' lang='lat' dir='ltr'><strong>principum</strong></span> <span class='ocrx_word' id='word_1_605' title='bbox 1412 4076 1596 4138; x_wconf 91' lang='lat' dir='ltr'><strong>nostrorum,</strong></span> <span class='ocrx_word' id='word_1_606' title='bbox 1625 4072 1647 4128; x_wconf 92' lang='lat' dir='ltr'><strong>si</strong></span> <span class='ocrx_word' id='word_1_607' title='bbox 1673 4072 1738 4145; x_wconf 88' lang='lat' dir='ltr'><strong>ipse</strong></span> <span class='ocrx_word' id='word_1_608' title='bbox 1765 4071 1888 4129; x_wconf 79' lang='lat' dir='ltr'><strong>Eiredus</strong></span> 
     </span>
     <span class='ocr_line' id='line_1_46' title="bbox 170 4157 1887 4238; baseline 0.002 -25"><span class='ocrx_word' id='word_1_609' title='bbox 170 4157 281 4216; x_wconf 78' lang='lat' dir='ltr'><strong>bonam</strong></span> <span class='ocrx_word' id='word_1_610' title='bbox 295 4160 416 4217; x_wconf 90' lang='lat' dir='ltr'><strong>venerit.</strong></span> <span class='ocrx_word' id='word_1_611' title='bbox 434 4161 497 4220; x_wconf 88' lang='lat' dir='ltr'><strong>udo</strong></span> <span class='ocrx_word' id='word_1_612' title='bbox 513 4177 626 4232; x_wconf 88' lang='lat' dir='ltr'><strong>comes,</strong></span> <span class='ocrx_word' id='word_1_613' title='bbox 639 4167 694 4220; x_wconf 89' lang='lat' dir='ltr'><strong>etc.</strong></span> <span class='ocrx_word' id='word_1_614' title='bbox 712 4162 888 4234; x_wconf 90' lang='lat' dir='ltr'><strong>Odolgerius</strong></span> <span class='ocrx_word' id='word_1_615' title='bbox 911 4164 1000 4221; x_wconf 88' lang='lat' dir='ltr'><strong>deca·</strong></span> <span class='ocrx_word' id='word_1_616' title='bbox 1055 4167 1107 4220; x_wconf 84' lang='lat' dir='ltr'><strong>eut</strong></span> <span class='ocrx_word' id='word_1_617' title='bbox 1131 4177 1319 4218; x_wconf 88' lang='lat' dir='ltr'><strong>successores</strong></span> <span class='ocrx_word' id='word_1_618' title='bbox 1346 4160 1441 4234; x_wconf 90' lang='lat' dir='ltr'><strong>ipsius</strong></span> <span class='ocrx_word' id='word_1_619' title='bbox 1470 4160 1630 4233; x_wconf 85' lang='lat' dir='ltr'><strong>infringere</strong></span> <span class='ocrx_word' id='word_1_620' title='bbox 1651 4161 1887 4238; x_wconf 72' lang='lat' dir='ltr'><strong>presumpserit,</strong></span> 
     </span>
     <span class='ocr_line' id='line_1_47' title="bbox 169 4248 1888 4327; baseline 0.002 -23"><span class='ocrx_word' id='word_1_621' title='bbox 169 4259 237 4315; x_wconf 87' lang='lat' dir='ltr'><strong>nus,</strong></span> <span class='ocrx_word' id='word_1_622' title='bbox 253 4248 379 4308; x_wconf 83' lang='lat' dir='ltr'><strong>llarveus</strong></span> <span class='ocrx_word' id='word_1_623' title='bbox 392 4249 746 4320; x_wconf 84' lang='lat' dir='ltr'><strong>archiclavis‚Walterius</strong></span> <span class='ocrx_word' id='word_1_624' title='bbox 756 4257 931 4324; x_wconf 85' lang='lat' dir='ltr'><strong>praecentor,</strong></span> <span class='ocrx_word' id='word_1_625' title='bbox 943 4257 998 4310; x_wconf 90' lang='lat' dir='ltr'><strong>etc.</strong></span> <span class='ocrx_word' id='word_1_626' title='bbox 1054 4251 1212 4325; x_wconf 89' lang='lat' dir='ltr'><strong>despectus</strong></span> <span class='ocrx_word' id='word_1_627' title='bbox 1228 4250 1322 4308; x_wconf 85' lang='lat' dir='ltr'><strong>nostri</strong></span> <span class='ocrx_word' id='word_1_628' title='bbox 1337 4266 1460 4327; x_wconf 86' lang='lat' dir='ltr'><strong>poenam</strong></span> <span class='ocrx_word' id='word_1_629' title='bbox 1476 4255 1504 4308; x_wconf 89' lang='lat' dir='ltr'><strong>et</strong></span> <span class='ocrx_word' id='word_1_630' title='bbox 1517 4249 1664 4308; x_wconf 89' lang='lat' dir='ltr'><strong>tremendi</strong></span> <span class='ocrx_word' id='word_1_631' title='bbox 1676 4250 1784 4324; x_wconf 90' lang='lat' dir='ltr'><strong>judicii</strong></span> <span class='ocrx_word' id='word_1_632' title='bbox 1807 4250 1888 4306; x_wconf 92' lang='lat' dir='ltr'><strong>dam-</strong></span> 
     </span>
    </p>

    <p class='ocr_par' dir='ltr' id='par_1_4' title="bbox 133 4305 1888 4856">
     <span class='ocr_line' id='line_1_48' title="bbox 204 4305 1886 4414; baseline 0.003 -25"><span class='ocrx_word' id='word_1_633' title='bbox 204 4336 311 4394; x_wconf 68' lang='lat' dir='ltr'><strong>natum</strong></span> <span class='ocrx_word' id='word_1_634' title='bbox 325 4336 449 4396; x_wconf 90' lang='lat' dir='ltr'><strong>Bolonia</strong></span> <span class='ocrx_word' id='word_1_635' title='bbox 463 4337 570 4394; x_wconf 83' lang='lat' dir='ltr'><strong>foreste</strong></span> <span class='ocrx_word' id='word_1_636' title='bbox 593 4339 698 4412; x_wconf 91' lang='lat' dir='ltr'><strong>quinto</strong></span> <span class='ocrx_word' id='word_1_637' title='bbox 710 4339 836 4397; x_wconf 87' lang='lat' dir='ltr'><strong>Kalend.</strong></span> <span class='ocrx_word' id='word_1_638' title='bbox 854 4340 999 4412; x_wconf 89' lang='lat' dir='ltr'><strong>Octobris,</strong></span> <span class='ocrx_word' id='word_1_639' title='bbox 1017 4305 1037 4358; x_wconf 69' lang='grc' dir='ltr'>ὓ</span> <span class='ocrx_word' id='word_1_640' title='bbox 1054 4340 1206 4396; x_wconf 89' lang='lat' dir='ltr'><strong>nationem</strong></span> <span class='ocrx_word' id='word_1_641' title='bbox 1221 4355 1291 4396; x_wconf 88' lang='lat' dir='ltr'><strong>cum</strong></span> <span class='ocrx_word' id='word_1_642' title='bbox 1306 4343 1452 4414; x_wconf 89' lang='lat' dir='ltr'><strong>perpetua</strong></span> <span class='ocrx_word' id='word_1_643' title='bbox 1466 4339 1781 4398; x_wconf 86' lang='lat' dir='ltr'><strong>excommunicatione</strong></span> <span class='ocrx_word' id='word_1_644' title='bbox 1792 4339 1886 4396; x_wconf 88' lang='lat' dir='ltr'><strong>ineur-</strong></span> 
     </span>
     <span class='ocr_line' id='line_1_49' title="bbox 170 4423 1130 4489; baseline 0.004 -9"><span class='ocrx_word' id='word_1_645' title='bbox 170 4435 251 4482; x_wconf 86' lang='lat' dir='ltr'><strong>anno</strong></span> <span class='ocrx_word' id='word_1_646' title='bbox 266 4423 306 4482; x_wconf 92' lang='lat' dir='ltr'><strong>ab</strong></span> <span class='ocrx_word' id='word_1_647' title='bbox 321 4425 528 4484; x_wconf 87' lang='lat' dir='ltr'><strong>incarnatione</strong></span> <span class='ocrx_word' id='word_1_648' title='bbox 540 4426 659 4488; x_wconf 84' lang='lat' dir='ltr'><strong>Domini</strong></span> <span class='ocrx_word' id='word_1_649' title='bbox 677 4428 770 4488; x_wconf 90' lang='lat' dir='ltr'><strong>nostri</strong></span> <span class='ocrx_word' id='word_1_650' title='bbox 794 4429 866 4484; x_wconf 87' lang='lat' dir='ltr'><strong>lesu</strong></span> <span class='ocrx_word' id='word_1_651' title='bbox 895 4429 1001 4489; x_wconf 86' lang='lat' dir='ltr'><strong>Christi</strong></span> <span class='ocrx_word' id='word_1_652' title='bbox 1052 4433 1130 4485; x_wconf 87' lang='lat' dir='ltr'><strong>rant.</strong></span> 
     </span>
     <span class='ocr_line' id='line_1_50' title="bbox 172 4510 1888 4586; baseline 0.001 -18"><span class='ocrx_word' id='word_1_653' title='bbox 172 4510 250 4582; x_wconf 76' lang='lat'><strong>1007,</strong></span> <span class='ocrx_word' id='word_1_654' title='bbox 263 4511 424 4574; x_wconf 82' lang='lat' dir='ltr'><strong>indictione</strong></span> <span class='ocrx_word' id='word_1_655' title='bbox 436 4514 553 4586; x_wconf 85' lang='lat' dir='ltr'><strong>quinte.</strong></span> <span class='ocrx_word' id='word_1_656' title='bbox 569 4515 769 4575; x_wconf 85' lang='lat' dir='ltr'><strong>Theodericus</strong></span> <span class='ocrx_word' id='word_1_657' title='bbox 782 4516 871 4578; x_wconf 88' lang='lat' dir='ltr'><strong>levita</strong></span> <span class='ocrx_word' id='word_1_658' title='bbox 899 4517 938 4574; x_wconf 90' lang='lat' dir='ltr'><strong>ad</strong></span> <span class='ocrx_word' id='word_1_659' title='bbox 960 4517 1001 4576; x_wconf 93' lang='lat' dir='ltr'><strong>vi·</strong></span> <span class='ocrx_word' id='word_1_660' title='bbox 1089 4521 1161 4572; x_wconf 87' lang='lat' dir='ltr'><strong>Acta</strong></span> <span class='ocrx_word' id='word_1_661' title='bbox 1175 4519 1220 4573; x_wconf 87' lang='lat' dir='ltr'><strong>est</strong></span> <span class='ocrx_word' id='word_1_662' title='bbox 1232 4516 1296 4573; x_wconf 83' lang='lat' dir='ltr'><strong>haeo</strong></span> <span class='ocrx_word' id='word_1_663' title='bbox 1309 4517 1480 4574; x_wconf 91' lang='lat' dir='ltr'><strong>constitutio</strong></span> <span class='ocrx_word' id='word_1_664' title='bbox 1492 4517 1524 4573; x_wconf 91' lang='lat' dir='ltr'><strong>in</strong></span> <span class='ocrx_word' id='word_1_665' title='bbox 1543 4517 1613 4574; x_wconf 90' lang='lat' dir='ltr'><strong>villa</strong></span> <span class='ocrx_word' id='word_1_666' title='bbox 1636 4517 1788 4575; x_wconf 85' lang='lat' dir='ltr'><strong>vocabulo</strong></span> <span class='ocrx_word' id='word_1_667' title='bbox 1811 4519 1888 4574; x_wconf 84' lang='lat' dir='ltr'><strong>Pons</strong></span> 
     </span>
     <span class='ocr_line' id='line_1_51' title="bbox 169 4602 1887 4678; baseline 0.001 -18"><span class='ocrx_word' id='word_1_668' title='bbox 169 4615 235 4660; x_wconf 85' lang='lat' dir='ltr'><strong>uem</strong></span> <span class='ocrx_word' id='word_1_669' title='bbox 251 4602 411 4665; x_wconf 72' lang='lat' dir='ltr'><strong>Franconia</strong></span> <span class='ocrx_word' id='word_1_670' title='bbox 424 4603 536 4664; x_wconf 84' lang='lat' dir='ltr'><strong>summi</strong></span> <span class='ocrx_word' id='word_1_671' title='bbox 549 4604 718 4666; x_wconf 87' lang='lat' dir='ltr'><strong>cancellarii</strong></span> <span class='ocrx_word' id='word_1_672' title='bbox 746 4605 919 4676; x_wconf 90' lang='lat' dir='ltr'><strong>recognovit</strong></span> <span class='ocrx_word' id='word_1_673' title='bbox 942 4605 1000 4662; x_wconf 93' lang='lat' dir='ltr'><strong>boc</strong></span> <span class='ocrx_word' id='word_1_674' title='bbox 1054 4606 1341 4675; x_wconf 76' lang='lat' dir='ltr'><strong>Sancte-Maxentiae‚</strong></span> <span class='ocrx_word' id='word_1_675' title='bbox 1358 4612 1501 4677; x_wconf 89' lang='lat' dir='ltr'><strong>regnante</strong></span> <span class='ocrx_word' id='word_1_676' title='bbox 1514 4606 1645 4678; x_wconf 92' lang='lat' dir='ltr'><strong>glorioso</strong></span> <span class='ocrx_word' id='word_1_677' title='bbox 1658 4623 1728 4678; x_wconf 88' lang='lat' dir='ltr'><strong>rege</strong></span> <span class='ocrx_word' id='word_1_678' title='bbox 1742 4607 1887 4663; x_wconf 79' lang='lat' dir='ltr'><strong>uniberto</strong></span> 
     </span>
     <span class='ocr_line' id='line_1_52' title="bbox 133 4693 1536 4764; baseline 0 -14"><span class='ocrx_word' id='word_1_679' title='bbox 133 4747 138 4760; x_wconf 70' lang='grc'><strong>,</strong></span> <span class='ocrx_word' id='word_1_680' title='bbox 168 4695 363 4764; x_wconf 76' lang='lat' dir='ltr'><strong>preceptum.</strong></span> <span class='ocrx_word' id='word_1_681' title='bbox 379 4695 440 4762; x_wconf 86' lang='lat' dir='ltr'><strong>Ego</strong></span> <span class='ocrx_word' id='word_1_682' title='bbox 455 4695 585 4754; x_wconf 88' lang='lat' dir='ltr'><strong>llerveus</strong></span> <span class='ocrx_word' id='word_1_683' title='bbox 604 4698 633 4752; x_wconf 90' lang='lat' dir='ltr'><strong>et</strong></span> <span class='ocrx_word' id='word_1_684' title='bbox 646 4693 810 4752; x_wconf 78' lang='lat' dir='ltr'><strong>confratres</strong></span> <span class='ocrx_word' id='word_1_685' title='bbox 824 4695 883 4752; x_wconf 90' lang='lat' dir='ltr'><strong>mei</strong></span> <span class='ocrx_word' id='word_1_686' title='bbox 901 4696 1000 4753; x_wconf 88' lang='lat' dir='ltr'><strong>Sancti</strong></span> <span class='ocrx_word' id='word_1_687' title='bbox 1054 4709 1134 4752; x_wconf 89' lang='lat' dir='ltr'><strong>anno</strong></span> <span class='ocrx_word' id='word_1_688' title='bbox 1148 4693 1290 4752; x_wconf 87' lang='lat' dir='ltr'><strong>vicesimo</strong></span> <span class='ocrx_word' id='word_1_689' title='bbox 1302 4693 1464 4752; x_wconf 88' lang='lat' dir='ltr'><strong>indictione</strong></span> <span class='ocrx_word' id='word_1_690' title='bbox 1477 4711 1536 4751; x_wconf 85' lang='lat' dir='ltr'><strong>xrv.</strong></span> 
     </span>
     <span class='ocr_line' id='line_1_53' title="bbox 168 4779 1539 4856; baseline -0.001 -17"><span class='ocrx_word' id='word_1_691' title='bbox 168 4779 282 4840; x_wconf 79' lang='lat' dir='ltr'><strong>timum</strong></span> <span class='ocrx_word' id='word_1_692' title='bbox 293 4780 431 4842; x_wconf 71' lang='lat' dir='ltr'><strong>oenomai</strong></span> <span class='ocrx_word' id='word_1_693' title='bbox 442 4780 473 4841; x_wconf 89' lang='lat' dir='ltr'><strong>in</strong></span> <span class='ocrx_word' id='word_1_694' title='bbox 487 4781 577 4856; x_wconf 91' lang='lat' dir='ltr'><strong>pleno</strong></span> <span class='ocrx_word' id='word_1_695' title='bbox 593 4782 724 4855; x_wconf 90' lang='lat' dir='ltr'><strong>capitulo</strong></span> <span class='ocrx_word' id='word_1_696' title='bbox 744 4782 998 4842; x_wconf 82' lang='lat' dir='ltr'><strong>confirmavimus.</strong></span> <span class='ocrx_word' id='word_1_697' title='bbox 1088 4785 1109 4855; x_wconf 78' lang='lat'>†</span> <span class='ocrx_word' id='word_1_698' title='bbox 1130 4786 1157 4841; x_wconf 81' lang='lat'><strong>8.</strong></span> <span class='ocrx_word' id='word_1_699' title='bbox 1172 4781 1302 4839; x_wconf 74' lang='lat' dir='ltr'><strong>lietberti</strong></span> <span class='ocrx_word' id='word_1_700' title='bbox 1317 4781 1438 4854; x_wconf 91' lang='lat' dir='ltr'><strong>gloriosi</strong></span> <span class='ocrx_word' id='word_1_701' title='bbox 1452 4783 1539 4855; x_wconf 91' lang='lat' dir='ltr'><strong>regis.</strong></span> 
     </span>
    </p>

    <p class='ocr_par' dir='ltr' id='par_1_5' title="bbox 556 4873 1501 4929">
     <span class='ocr_line' id='line_1_54' title="bbox 556 4873 1501 4929; baseline 0.002 -2"><span class='ocrx_word' id='word_1_702' title='bbox 556 4874 613 4929; x_wconf 87' lang='lat' dir='ltr'><strong>vlt.</strong></span> <span class='ocrx_word' id='word_1_703' title='bbox 1432 4873 1501 4929; x_wconf 88' lang='lat' dir='ltr'><strong>Vlll.</strong></span> 
     </span>
    </p>
   </div>
   <div class='ocr_carea' id='block_1_3' title="bbox 167 4942 1890 5159">
    <p class='ocr_par' dir='ltr' id='par_1_6' title="bbox 167 4942 1890 5159">
     <span class='ocr_line' id='line_1_55' title="bbox 167 4942 1890 5032; baseline 0 -16"><span class='ocrx_word' id='word_1_704' title='bbox 167 4958 309 5029; x_wconf 83' lang='lat' dir='ltr'><strong>Diplomo</strong></span> <span class='ocrx_word' id='word_1_705' title='bbox 323 4959 445 5020; x_wconf 83' lang='lat' dir='ltr'><strong>lioberti</strong></span> <span class='ocrx_word' id='word_1_706' title='bbox 456 4962 534 5032; x_wconf 81' lang='lat' dir='ltr'><strong>regis</strong></span> <span class='ocrx_word' id='word_1_707' title='bbox 547 4961 736 5018; x_wconf 63' lang='lat' dir='ltr'><strong>stercorum</strong></span> <span class='ocrx_word' id='word_1_708' title='bbox 757 4975 815 5030; x_wconf 86' lang='lat' dir='ltr'><strong>pro</strong></span> <span class='ocrx_word' id='word_1_709' title='bbox 831 4960 1001 5020; x_wconf 74' lang='lat' dir='ltr'><strong>corbeiensi</strong></span> <span class='ocrx_word' id='word_1_710' title='bbox 1052 4943 1240 5026; x_wconf 68' lang='lat' dir='ltr'><strong>preceptum</strong></span> <span class='ocrx_word' id='word_1_711' title='bbox 1254 4942 1390 5027; x_wconf 61' lang='grc' dir='ltr'><strong>Ηθῑῡθνέῑ</strong></span> <span class='ocrx_word' id='word_1_712' title='bbox 1408 4945 1497 5026; x_wconf 54' lang='lat' dir='ltr'><strong>redi&amp;</strong></span> <span class='ocrx_word' id='word_1_713' title='bbox 1519 4958 1577 5016; x_wconf 84' lang='lat' dir='ltr'><strong>quo</strong></span> <span class='ocrx_word' id='word_1_714' title='bbox 1604 4943 1753 5026; x_wconf 56' lang='lat' dir='ltr'><strong>tamisim</strong></span> <span class='ocrx_word' id='word_1_715' title='bbox 1783 4943 1890 5027; x_wconf 54' lang='lat' dir='ltr'><strong>Simili</strong></span> 
     </span>
     <span class='ocr_line' id='line_1_56' title="bbox 203 5014 1888 5159; baseline 0 -89"><span class='ocrx_word' id='word_1_716' title='bbox 203 5035 393 5090; x_wconf 56' lang='lat' dir='ltr'><strong>mommo,</strong></span> <span class='ocrx_word' id='word_1_717' title='bbox 407 5063 442 5072; x_wconf 79' lang='grc'>-</span> <span class='ocrx_word' id='word_1_718' title='bbox 457 5033 603 5159; x_wconf 47' lang='lat' dir='ltr'><strong>pegam!</strong></span> <span class='ocrx_word' id='word_1_719' title='bbox 618 5032 737 5103; x_wconf 62' lang='lat' dir='ltr'><strong>iniqua,</strong></span> <span class='ocrx_word' id='word_1_720' title='bbox 753 5031 875 5102; x_wconf 60' lang='lat' dir='ltr'><strong>[elfredi</strong></span> <span class='ocrx_word' id='word_1_721' title='bbox 887 5033 923 5090; x_wconf 67' lang='lat' dir='ltr'><strong>de</strong></span> <span class='ocrx_word' id='word_1_722' title='bbox 937 5033 999 5088; x_wconf 64' lang='grc' dir='ltr'><strong>Εῃ.</strong></span> <span class='ocrx_word' id='word_1_723' title='bbox 1088 5015 1215 5071; x_wconf 81' lang='lat' dir='ltr'><strong>Jourmrs</strong></span> <span class='ocrx_word' id='word_1_724' title='bbox 1231 5015 1432 5097; x_wconf 71' lang='lat' dir='ltr'><strong>euunyeirstee,</strong></span> <span class='ocrx_word' id='word_1_725' title='bbox 1460 5031 1492 5070; x_wconf 84' lang='lat' dir='ltr'><strong>m</strong></span> <span class='ocrx_word' id='word_1_726' title='bbox 1518 5014 1627 5071; x_wconf 81' lang='lat' dir='ltr'><strong>AEdaa</strong></span> <span class='ocrx_word' id='word_1_727' title='bbox 1652 5020 1774 5071; x_wconf 75' lang='lat' dir='ltr'><strong>ciuitate</strong></span> <span class='ocrx_word' id='word_1_728' title='bbox 1788 5021 1888 5082; x_wconf 83' lang='lat' dir='ltr'><strong>ertum,</strong></span> 
     </span>
    </p>
   </div>
   <div class='ocr_carea' id='block_1_4' title="bbox 202 5085 1888 5242">
    <p class='ocr_par' dir='ltr' id='par_1_7' title="bbox 202 5085 1888 5242">
     <span class='ocr_line' id='line_1_57' title="bbox 204 5085 1888 5174; baseline -0.001 -16"><span class='ocrx_word' id='word_1_729' title='bbox 204 5117 267 5167; x_wconf 84' lang='lat' dir='ltr'><strong>ere,</strong></span> <span class='ocrx_word' id='word_1_730' title='bbox 283 5103 495 5160; x_wconf 65' lang='lat' dir='ltr'><strong>advocationi·</strong></span> <span class='ocrx_word' id='word_1_731' title='bbox 516 5104 620 5160; x_wconf 81' lang='lat' dir='ltr'><strong>aiensis</strong></span> <span class='ocrx_word' id='word_1_732' title='bbox 646 5104 871 5160; x_wconf 82' lang='lat' dir='ltr'><strong>consuetudines</strong></span> <span class='ocrx_word' id='word_1_733' title='bbox 895 5109 923 5160; x_wconf 87' lang='lat' dir='ltr'><strong>et</strong></span> <span class='ocrx_word' id='word_1_734' title='bbox 947 5119 1000 5174; x_wconf 85' lang='lat' dir='ltr'><strong>op·</strong></span> <span class='ocrx_word' id='word_1_735' title='bbox 1088 5085 1366 5168; x_wconf 58' lang='lat' dir='ltr'><strong>Flstli&#39;fflflffmlitm</strong></span> <span class='ocrx_word' id='word_1_736' title='bbox 1393 5086 1548 5144; x_wconf 56' lang='lat' dir='ltr'><strong>„²⁰”ssth</strong></span> <span class='ocrx_word' id='word_1_737' title='bbox 1575 5087 1693 5156; x_wconf 63' lang='lat' dir='ltr'><strong>mim</strong></span> <span class='ocrx_word' id='word_1_738' title='bbox 1721 5086 1764 5142; x_wconf 68' lang='grc' dir='ltr'><strong><em>Μ</em></strong></span> <span class='ocrx_word' id='word_1_739' title='bbox 1786 5101 1888 5156; x_wconf 62' lang='lat' dir='ltr'><strong>imm</strong></span> 
     </span>
     <span class='ocr_line' id='line_1_58' title="bbox 202 5157 1354 5242; baseline 0.009 -38"><span class='ocrx_word' id='word_1_740' title='bbox 202 5175 377 5242; x_wconf 42' lang='lat' dir='ltr'><strong>pressiones,</strong></span> <span class='ocrx_word' id='word_1_741' title='bbox 1089 5157 1354 5214; x_wconf 81' lang='lat' dir='ltr'><strong>Amuderabbutu.</strong></span> 
     </span>
    </p>
   </div>
   <div class='ocr_carea' id='block_1_5' title="bbox 482 5229 1567 5317">
    <p class='ocr_par' dir='ltr' id='par_1_8' title="bbox 482 5229 1567 5317">
     <span class='ocr_line' id='line_1_59' title="bbox 482 5229 1567 5317; baseline -0.012 -16"><span class='ocrx_word' id='word_1_742' title='bbox 482 5245 579 5317; x_wconf 75' lang='lat' dir='ltr'><strong>(Anno</strong></span> <span class='ocrx_word' id='word_1_743' title='bbox 596 5245 687 5316; x_wconf 81' lang='lat' dir='ltr'><strong>told).</strong></span> <span class='ocrx_word' id='word_1_744' title='bbox 1364 5229 1461 5304; x_wconf 75' lang='lat' dir='ltr'><strong>(anno</strong></span> <span class='ocrx_word' id='word_1_745' title='bbox 1479 5231 1567 5304; x_wconf 76' lang='lat' dir='ltr'><strong>tuit).</strong></span> 
     </span>
    </p>
   </div>
   <div class='ocr_carea' id='block_1_6' title="bbox 169 5317 1888 5478">
    <p class='ocr_par' dir='ltr' id='par_1_9' title="bbox 169 5317 1888 5478">
     <span class='ocr_line' id='line_1_60' title="bbox 169 5317 1852 5404; baseline 0.002 -17"><span class='ocrx_word' id='word_1_746' title='bbox 169 5329 213 5402; x_wconf 87' lang='lat' dir='ltr'><strong>[b.</strong></span> <span class='ocrx_word' id='word_1_747' title='bbox 228 5333 377 5403; x_wconf 69' lang='lat' dir='ltr'><strong>beurene,</strong></span> <span class='ocrx_word' id='word_1_748' title='bbox 393 5336 486 5404; x_wconf 83' lang='lat' dir='ltr'><strong>ampl.</strong></span> <span class='ocrx_word' id='word_1_749' title='bbox 507 5335 644 5400; x_wconf 73' lang='lat' dir='ltr'><strong>collect,</strong></span> <span class='ocrx_word' id='word_1_750' title='bbox 660 5338 730 5391; x_wconf 86' lang='lat' dir='ltr'><strong>tom.</strong></span> <span class='ocrx_word' id='word_1_751' title='bbox 747 5339 795 5400; x_wconf 65' lang='grc' dir='ltr'><strong>μ’,</strong></span> <span class='ocrx_word' id='word_1_752' title='bbox 812 5331 868 5392; x_wconf 88' lang='lat' dir='ltr'><strong>eol.</strong></span> <span class='ocrx_word' id='word_1_753' title='bbox 881 5337 944 5404; x_wconf 80' lang='lat'><strong>379,</strong></span> <span class='ocrx_word' id='word_1_754' title='bbox 963 5351 1000 5392; x_wconf 87' lang='lat' dir='ltr'><strong>ex</strong></span> <span class='ocrx_word' id='word_1_755' title='bbox 1099 5317 1240 5390; x_wconf 53' lang='lat' dir='ltr'><strong>[Mellae</strong></span> <span class='ocrx_word' id='word_1_756' title='bbox 1254 5317 1382 5390; x_wconf 62' lang='lat' dir='ltr'><strong>Amal-2</strong></span> <span class='ocrx_word' id='word_1_757' title='bbox 1398 5319 1522 5390; x_wconf 60' lang='lat' dir='ltr'><strong>Rem-i</strong></span> <span class='ocrx_word' id='word_1_758' title='bbox 1538 5317 1757 5395; x_wconf 74' lang='lat' dir='ltr'><strong>to¹¹1·1V·l’⁸tl·</strong></span> <span class='ocrx_word' id='word_1_759' title='bbox 1776 5317 1852 5390; x_wconf 74' lang='lat' dir='ltr'><strong>²57l·</strong></span> 
     </span>
     <span class='ocr_line' id='line_1_61' title="bbox 480 5405 1888 5478; baseline -0.002 -15"><span class='ocrx_word' id='word_1_760' title='bbox 480 5406 689 5478; x_wconf 77' lang='lat' dir='ltr'><strong>autogruplrol.</strong></span> <span class='ocrx_word' id='word_1_761' title='bbox 1090 5411 1121 5463; x_wconf 92' lang='lat' dir='ltr'><strong>ln</strong></span> <span class='ocrx_word' id='word_1_762' title='bbox 1136 5407 1257 5462; x_wconf 87' lang='lat' dir='ltr'><strong>nomine</strong></span> <span class='ocrx_word' id='word_1_763' title='bbox 1273 5423 1400 5464; x_wconf 76' lang='lat' dir='ltr'><strong>summm</strong></span> <span class='ocrx_word' id='word_1_764' title='bbox 1415 5406 1567 5466; x_wconf 88' lang='lat' dir='ltr'><strong>Trinitatis</strong></span> <span class='ocrx_word' id='word_1_765' title='bbox 1582 5412 1611 5464; x_wconf 91' lang='lat' dir='ltr'><strong>et</strong></span> <span class='ocrx_word' id='word_1_766' title='bbox 1626 5405 1792 5470; x_wconf 76' lang='lat' dir='ltr'><strong>individuae</strong></span> <span class='ocrx_word' id='word_1_767' title='bbox 1823 5405 1888 5462; x_wconf 80' lang='lat' dir='ltr'><strong>tini-</strong></span> 
     </span>
    </p>
   </div>
   <div class='ocr_carea' id='block_1_7' title="bbox 168 5491 1889 5658">
    <p class='ocr_par' dir='ltr' id='par_1_10' title="bbox 168 5491 1889 5658">
     <span class='ocr_line' id='line_1_62' title="bbox 205 5491 1889 5567; baseline 0 -17"><span class='ocrx_word' id='word_1_768' title='bbox 205 5491 375 5554; x_wconf 86' lang='lat' dir='ltr'><strong>innomine</strong></span> <span class='ocrx_word' id='word_1_769' title='bbox 396 5498 507 5552; x_wconf 86' lang='lat' dir='ltr'><strong>sanctae</strong></span> <span class='ocrx_word' id='word_1_770' title='bbox 531 5498 561 5550; x_wconf 90' lang='lat' dir='ltr'><strong>et</strong></span> <span class='ocrx_word' id='word_1_771' title='bbox 587 5492 749 5551; x_wconf 79' lang='lat' dir='ltr'><strong>mdividuea</strong></span> <span class='ocrx_word' id='word_1_772' title='bbox 774 5493 931 5565; x_wconf 85' lang='lat' dir='ltr'><strong>Trinitatis,</strong></span> <span class='ocrx_word' id='word_1_773' title='bbox 945 5510 1001 5564; x_wconf 92' lang='lat' dir='ltr'><strong>ego</strong></span> <span class='ocrx_word' id='word_1_774' title='bbox 1053 5494 1131 5564; x_wconf 86' lang='lat' dir='ltr'><strong>tatis,</strong></span> <span class='ocrx_word' id='word_1_775' title='bbox 1148 5509 1204 5567; x_wconf 90' lang='lat' dir='ltr'><strong>ego</strong></span> <span class='ocrx_word' id='word_1_776' title='bbox 1218 5498 1392 5566; x_wconf 83' lang='lat' dir='ltr'><strong>Rorasnrus,</strong></span> <span class='ocrx_word' id='word_1_777' title='bbox 1409 5497 1504 5566; x_wconf 89' lang='lat' dir='ltr'><strong>gratia</strong></span> <span class='ocrx_word' id='word_1_778' title='bbox 1524 5500 1553 5552; x_wconf 92' lang='lat' dir='ltr'><strong>et</strong></span> <span class='ocrx_word' id='word_1_779' title='bbox 1564 5495 1747 5566; x_wconf 88' lang='lat' dir='ltr'><strong>benignitate</strong></span> <span class='ocrx_word' id='word_1_780' title='bbox 1773 5495 1889 5551; x_wconf 89' lang='lat' dir='ltr'><strong>redem-</strong></span> 
     </span>
     <span class='ocr_line' id='line_1_63' title="bbox 168 5580 1504 5658; baseline 0.002 -21"><span class='ocrx_word' id='word_1_781' title='bbox 168 5581 226 5653; x_wconf 81' lang='lat' dir='ltr'><strong>ll..,</strong></span> <span class='ocrx_word' id='word_1_782' title='bbox 240 5580 337 5654; x_wconf 86' lang='lat' dir='ltr'><strong>gratia</strong></span> <span class='ocrx_word' id='word_1_783' title='bbox 349 5581 401 5640; x_wconf 86' lang='lat' dir='ltr'><strong>Dei</strong></span> <span class='ocrx_word' id='word_1_784' title='bbox 419 5597 471 5640; x_wconf 88' lang='lat' dir='ltr'><strong>rex</strong></span> <span class='ocrx_word' id='word_1_785' title='bbox 487 5585 678 5640; x_wconf 74' lang='lat' dir='ltr'><strong>irancorum.</strong></span> <span class='ocrx_word' id='word_1_786' title='bbox 1055 5584 1148 5658; x_wconf 85' lang='lat' dir='ltr'><strong>pteris</strong></span> <span class='ocrx_word' id='word_1_787' title='bbox 1160 5586 1229 5641; x_wconf 87' lang='lat' dir='ltr'><strong>iesu</strong></span> <span class='ocrx_word' id='word_1_788' title='bbox 1243 5599 1295 5643; x_wconf 87' lang='lat' dir='ltr'><strong>rex</strong></span> <span class='ocrx_word' id='word_1_789' title='bbox 1309 5585 1504 5644; x_wconf 81' lang='lat' dir='ltr'><strong>Francorum.</strong></span> 
     </span>
    </p>
   </div>
   <div class='ocr_carea' id='block_1_8' title="bbox 0 0 1996 6182">
    <p class='ocr_par' dir='ltr' id='par_1_11' title="bbox 0 0 1996 6182">
     <span class='ocr_line' id='line_1_64' title="bbox 0 0 1996 6182; baseline 0 0"><span class='ocrx_word' id='word_1_790' title='bbox 0 0 1996 6182; x_wconf 95' lang='lat' dir='ltr'><strong> </strong></span> 
     </span>
    </p>
   </div>
  </div>
 </body>
</html>
