3996 6186
152 117 203 168 577
504 114 546 169 ET
564 111 737 170 thliibllll
756 111 1047 172 asebnrn'nauaa.
1067 111 1160 172 Pras
1179 113 1321 176 ALTERA
1340 118 1503 182 unumne.

303 221 465 317 mussas
484 235 821 296 urunssnarusvsas.
1178 227 1183 240 '
1265 245 1437 303 massari
1455 247 1629 308 malens.

147 343 261 401 latendi
276 344 418 415 confugit.
436 348 600 418 Imperator
613 346 728 419 pascha
743 343 948 416 Engilenheim
960 343 1084 400 feriavit.
1104 345 1213 404 Deinde
1225 347 1392 408 lhiburiam
1407 352 1544 424 tendens,
1559 369 1648 426 gene-

147 433 202 490 rali
214 433 327 490 ibidem
342 433 448 491 sinodo
463 434 614 506 praesedit,
629 434 659 491 in
674 451 736 508 qua
751 434 935 505 germanitas
949 433 1161 508 episcoporum
1173 437 1276 510 priora
1288 439 1408 498 decreta
1422 441 1647 514 redintegravit,

147 526 176 579 et
189 521 279 580 etiam
293 521 425 596 quedem
440 522 480 580 ad
498 521 722 580 firmamentum
737 529 847 580 sanctre
861 521 994 579 ecclesiae
1006 523 1174 581 necessaria
1193 527 1400 586 conformavit.
1427 529 1540 588 ibidem
1556 532 1647 590 etiam

146 609 308 684 praedictus
323 611 388 667 Otto
402 615 525 680 cogente
538 610 645 667 sinodo
660 611 850 669 ldahthildem
864 610 920 666 sibi
933 610 1150 683 desponsatam
1159 612 1331 682 iuramento
1355 632 1374 673 a
1388 632 1418 673 se
1432 617 1646 690 abaligenavit.

146 699 361 756 Ascensionem
384 698 503 756 Domini
515 698 678 773 imperator
693 699 904 756 paderbrunne
927 698 1061 772 peregit;
1085 703 1275 772 pentecosten
1302 720 1375 762 vero
1397 707 1645 782 nativitatemque

147 786 244 844 sancti
255 786 401 844 iohannis
415 786 573 858 Niumago,
586 791 615 844 et
629 786 671 844 ibi
683 787 744 844 fibo
756 785 948 860 imperatoris
964 785 1101 843 Heinrico
1116 787 1177 859 regi
1191 789 1272 848 venit
1292 792 1407 864 regina,
1435 794 1572 852 cunihild
1595 812 1648 854 no·

147 874 239 944 mine,
253 891 320 948 quae
333 875 445 932 ibidem
464 875 495 931 in
508 875 600 932 natali
614 875 822 948 apostolorum
836 874 968 945 regalem
984 889 1128 932 eoronam
1142 877 1267 951 accepit,
1290 885 1319 936 et
1342 886 1457 940 mutato
1480 885 1602 942 nomine
1613 884 1646 942 in

146 963 352 1021 benedictione
368 963 527 1035 cunigund
541 964 621 1021 diota
633 969 685 1022 est.
701 964 811 1022 AEstivo
824 964 915 1021 etiarn
940 968 1074 1038 tempore
1097 963 1260 1038 imperator
1282 969 1434 1039 regionem
1459 972 1645 1030 Lintiziorum

146 1069 216 1110 cum
230 1051 361 1110 exercitu
375 1052 505 1109 intrevit.
523 1052 580 1110 Sed
596 1053 646 1109 bei
658 1053 752 1123 gratia
769 1052 911 1109 omnibus
925 1067 980 1125 pro
996 1067 1051 1108 suo
1066 1050 1141 1110 velle
1156 1052 1320 1127 dispositis,
1343 1059 1472 1132 acceptis
1487 1060 1645 1118 obsidibus

146 1145 174 1198 et
189 1141 400 1198 innumerabili
415 1141 554 1214 pecunie,
570 1141 686 1216 inpane
700 1141 852 1199 remeavit.
870 1141 1060 1198 lleinwercus
1086 1141 1355 1202 patherbrunensis
1381 1147 1542 1220 episcopus
1569 1153 1642 1206 Non.

144 1229 223 1286 lunii
236 1230 318 1287 obiit.
336 1229 389 1288 Cui
403 1229 568 1286 baodolfus
582 1230 744 1286 herveldiae
758 1229 853 1286 abbas
875 1228 1027 1287 successit.
1055 1229 1112 1286 Sed
1135 1230 1269 1290 domnus
1296 1233 1481 1304 lieginherus
1509 1237 1644 1306 ejusdem

143 1317 201 1375 loci
214 1318 360 1385 decanus,
373 1317 482 1393 plurali
497 1318 629 1376 utilitatis
644 1318 743 1376 studio
757 1317 901 1386 imbutus,
917 1323 1028 1376 sanctae
1053 1318 1177 1392 quidem
1205 1322 1441 1380 conversationis
1469 1326 1646 1398 monachus,

145 1406 300 1464 llerfeldiae
312 1407 478 1481 primatum
493 1406 630 1478 ejusdem
644 1406 797 1478 dignitatis
818 1405 954 1464 obtinuit.
981 1409 1079 1463 bruno
1106 1407 1338 1478 ffershurgensis
1364 1411 1475 1484 praesul
1504 1411 1546 1468 ld.
1572 1419 1646 1484 Aug.

143 1495 318 1563 sustollitur,
342 1499 411 1568 post
424 1510 517 1569 quem
532 1494 689 1551 Hunoldus
711 1493 959 1552 Helberstatensis
984 1495 1163 1568 prepositus
1191 1497 1385 1556 subinfertur.
1412 1499 1584 1558 Thiedricus
1601 1501 1647 1558 'de

142 1583 250 1640 eodem
263 1583 307 1640 ibi
321 1582 460 1640 coenobio
472 1583 666 1657 praeponitur.
682 1585 796 1641 Sancte
810 1582 1039 1657 Agrippinensis
1054 1583 1187 1641 ecclesias
1205 1585 1452 1661 metropolitanus
1466 1588 1647 1646 venerandas

142 1671 296 1729 memorias
312 1671 479 1742 attigrinus,
493 1671 533 1729 ad
548 1671 650 1730 omnia
664 1671 695 1729 in
710 1671 819 1729 divinis
835 1676 864 1729 et
878 1672 1020 1729 humanis
1034 1677 1239 1746 perstrenuus,
1262 1678 1288 1730 9.
1313 1675 1379 1732 Kal.
1401 1677 1583 1751 Septembris
1607 1678 1646 1734 ad

142 1761 292 1817 Christum
306 1760 455 1832 migravit.
472 1763 504 1818 ln
528 1761 614 1833 eujus
641 1760 743 1817 locum
770 1759 964 1818 nobilissimae
993 1761 1101 1818 indolis
1127 1763 1248 1835 juvenis
1272 1765 1479 1833 herimannus,
1510 1766 1646 1838 ejusdem

140 1848 282 1906 eecclesiae
297 1849 536 1920 archidiaconus,
552 1849 605 1906 sed
631 1849 731 1920 regius
747 1848 922 1922 capellanus
938 1853 967 1907 et
982 1850 1150 1923 Cisalpinos
1165 1851 1370 1924 cancellarius,
1395 1869 1465 1910 cum
1489 1853 1642 1911 inenarra-

141 1936 195 1993 bili
209 1937 450 2011 gaudiopiorum
476 1937 613 1994 omnium
638 1937 766 1994 intrevit.
795 1937 983 1994 branthohus
1010 1938 1255 1996 halberstatensis
1282 1940 1415 2012 pontifex
1427 1945 1453 1998 6.
1477 1941 1542 1998 Kal.
1573 1943 1644 2016 Sep-

146 2025 271 2082 tembris
283 2025 427 2092 discessit,
444 2025 489 2082 eui
504 2025 695 2096 burghardus
709 2025 874 2098 imperialis
889 2025 1085 2083 cancellarius
1098 2027 1262 2085 honorifice
1281 2029 1435 2086 successit.
1453 2029 1645 2102 sigeberhtus

140 2112 337 2170 ldindensium
352 2113 461 2188 presul
476 2113 612 2187 spiritum
627 2113 738 2170 efflavit
761 2117 787 2169 e.
805 2113 874 2170 idus
890 2115 1044 2182 Octobris;
1068 2119 1136 2189 post
1158 2132 1250 2190 quem
1272 2117 1380 2174 nobilis
1402 2119 1550 2194 prosapie
1575 2124 1643 2194 tyro

140 2201 240 2258 bruno
255 2202 387 2270 nomine,
403 2202 512 2272 regalis
528 2201 713 2277 capellanus,
726 2219 796 2260 cum
812 2203 943 2274 generali
958 2204 1215 2275 congratulatione
1230 2222 1421 2282 quorumque
1441 2207 1546 2266 Christi
1569 2207 1644 2264 tide-

138 2287 214 2346 lium
228 2289 310 2346 idem
324 2291 506 2348 antisticium
525 2291 636 2349 ooelestl
650 2291 858 2349 benedictione
873 2292 996 2366 accepit.
1014 2293 1177 2351 Gozmarus
1189 2295 1430 2368 Asneburgensis
1445 2297 1606 2370 episcopus
1615 2301 1642 2353 t.

139 2377 182 2434 ld.
196 2379 366 2436 Decembris
381 2379 464 2449 obiit,
480 2380 528 2436 cui
542 2380 697 2438 Alberieus
712 2381 812 2451 regius
827 2385 1096 2455 postsequetaneus
1111 2382 1262 2440 successit.
1288 2386 1422 2440 bomnus
1438 2383 1642 2454 Codehardus,

139 2466 379 2525 iiildeseimensis
392 2469 562 2542 episcopas,
579 2473 750 2526 brunonem
760 2469 1001 2527 fdinrlonensium
1016 2470 1187 2543 presulem,
1209 2475 1238 2527 ot
1252 2471 1462 2542 burghardum
1475 2471 1644 2529 lialberste·

138 2551 254 2614 ensem
266 2556 450 2631 pontificem,
468 2563 510 2614 15.
527 2558 593 2615 Kal.
609 2559 734 2616 ianuar.
752 2557 858 2615 sabato
871 2563 940 2614 ante
953 2557 1087 2615 natalem
1104 2558 1222 2615 bomini
1235 2557 1265 2614 in
1280 2558 1446 2616 halberstat
1460 2558 1644 2632 presbiteros

141 2643 302 2703 ordinavit.

178 2862 256 2915 1037.
276 2857 338 2915 ind.
355 2863 381 2915 5.
409 2861 573 2933 imperator
599 2856 730 2915 natalem
757 2857 829 2929 (³67)
859 2855 963 2916 Christi
1056 2862 1133 2915 1037.
1155 2861 1313 2916 incensum
1344 2863 1388 2918 ost
1409 2860 1626 2918 monesterium
1643 2860 1854 2920 llerveldense.

139 2951 253 3006 Vnone
277 2946 440 3006 honorifice
459 2947 629 3004 celebravit.
655 2951 688 3004 bt
710 2946 885 3020 imperatrix
898 2963 969 3004 cum
1024 2946 1128 3003 Cozelo
1141 2946 1203 3004 dax
1216 2947 1352 3006 odonem
1373 2949 1514 3006 comitem
1537 2949 1655 3020 occidit,
1680 2955 1708 3009 et
1731 2967 1802 3011 cnm
1819 2968 1855 3010 so

139 3036 201 3094 filio
215 3041 417 3108 regeetnuru
430 3036 555 3094 eosdem
578 3034 642 3093 dies
667 3034 819 3109 imbripoli
845 3035 967 3093 feriavit.
1024 3035 1061 3092 ad
1078 3051 1129 3092 san
1142 3035 1321 3108 ministare)
1336 3037 1483 3096 homines.

138 3129 221 3184 'lhrnc
232 3126 263 3183 in
276 3125 367 3183 natali
383 3125 478 3182 sancti
493 3125 634 3199 Stephani
648 3123 877 3198 protomartyris
897 3126 968 3180 bur-

139 3213 274 3286 ghardus
285 3213 397 3288 praesul
409 3213 656 3271 Helberstatensis
670 3211 874 3287 pontificalem
888 3211 1127 3270 benedictionem
1140 3229 1159 3270 a
1174 3213 1308 3270 bardone
1323 3215 1508 3287 lfogontiaeo
1535 3221 1642 3274 metro·

138 3303 273 3378 politano
287 3303 411 3377 suisque
425 3302 623 3373 suffraganeis
644 3302 846 3374 Haliganstedi
864 3301 1029 3360 honorifice
1052 3302 1193 3376 percepit.
1223 3307 1387 3376 imperator
1414 3310 1483 3378 post
1509 3304 1641 3362 natalem

139 3392 258 3450 bomini
270 3392 302 3448 in
315 3391 437 3450 Salerno
449 3391 540 3465 opido
551 3392 721 3463 generalem
735 3395 917 3448 conventum
932 3390 970 3448 de
988 3407 1020 3448 re
1045 3390 1167 3464 publica
1192 3408 1263 3449 oum
1291 3393 1449 3467 cisalpinis
1471 3393 1641 3468 nostrisque

138 3481 322 3554 primoribus
334 3480 455 3549 hahuit;
471 3479 502 3536 in
514 3496 576 3554 quo
596 3479 824 3538 mediolanensis
848 3479 1092 3553 archiepiscopus
1114 3479 1287 3555 imperatori
1313 3481 1479 3539 contrarius
1503 3497 1638 3556 eompre-

138 3569 290 3638 henditur,
306 3575 334 3626 et
347 3567 481 3643 bopponi
495 3567 685 3641 Aqussegensi
696 3568 873 3642 patriarchae
886 3568 1052 3625 servandus
1065 3568 1277 3638 committitur3
1306 3585 1324 3626 a
1341 3585 1403 3644 quo
1427 3569 1499 3642 fuga
1521 3570 1637 3645 lapsus,

140 3657 243 3732 palam
266 3657 411 3715 rebellare
425 3656 510 3730 cepit.
526 3658 619 3722 Quem
634 3656 796 3730 imperator
810 3672 826 3713 e
841 3655 965 3726 vestigio
984 3673 1055 3714 cum
1080 3657 1212 3714 exercitu
1238 3657 1427 3732 insequutus,
1455 3658 1561 3716 urbem
1586 3675 1639 3734 per

140 3751 236 3804 totum
251 3746 483 3819 subsequentem
496 3760 611 3802 annum
626 3761 695 3801 oum
707 3744 803 3802 tocius
812 3743 945 3818 periculo
957 3744 1102 3802 exercitus
1116 3744 1242 3802 obsedit.
1274 3749 1371 3803 bruno
1386 3746 1547 3804 ltindensis
1562 3763 1637 3821 pras-

140 3835 187 3893 sul
201 3836 233 3894 in
245 3841 348 3894 saneto
361 3835 409 3892 die
422 3838 614 3909 pentecosten
626 3833 851 3909 epischopalem
867 3835 1040 3892 unctionem
1052 3835 1092 3892 ab
1108 3835 1287 3892 herimanno
1306 3835 1517 3910 Agrippinensi
1531 3840 1637 3892 metro

139 3925 274 4001 politano
287 3927 319 3983 in
334 3941 443 3999 campo
454 3925 540 3997 juxta
553 3924 762 3991 Mediolanum,
779 3925 948 3982 astantibus
969 3924 1149 3999 imperatore
1177 3929 1206 3981 et
1222 3939 1291 3996 rege
1317 3941 1387 3980 eum
1410 3923 1641 3996 quampluribus

139 4017 224 4088 regni
236 4014 428 4090 primoribus,
443 4014 590 4085 condigne
606 4014 744 4086 suscepit.
761 4014 874 4070 Eodem
887 4013 936 4070 die
949 4012 1023 4069 inihi
1038 4028 1151 4083 magna
1168 4013 1296 4068 tonitrus
1323 4011 1509 4084 fulgurisque
1538 4015 1639 4068 exorta

140 4103 253 4162 collisio
266 4105 342 4161 hora
355 4103 414 4160 diei
428 4106 521 4170 sexta,
535 4102 573 4159 de
585 4101 715 4159 exercitu
728 4100 916 4174 imperatoris
926 4117 987 4158 non
1001 4100 1101 4156 minus
1114 4104 1149 4157 60
1163 4100 1254 4168 viros,
1270 4102 1303 4156 ut
1315 4098 1432 4168 dieitur,
1449 4113 1519 4155 cum
1534 4097 1640 4155 inenu-

140 4193 276 4250 merabili
291 4208 439 4267 equorum
453 4195 720 4264 armentorumque
734 4189 925 4247 multitudiue
940 4189 1066 4263 peremit
1081 4206 1088 4257 ς
1105 4189 1160 4246 sed
1183 4193 1211 4244 et
1226 4187 1361 4261 sequenti
1376 4187 1424 4244 dia
1438 4187 1513 4246 hora
1534 4187 1642 4245 eadem

139 4281 231 4338 etiam
245 4280 363 4354 aliquos
377 4279 498 4337 ademit.
514 4278 661 4335 Plurimos
676 4277 800 4351 quidem
814 4277 914 4334 varios
927 4281 956 4334 et
968 4277 1059 4334 etiam
1079 4275 1214 4334 insolitos
1238 4274 1404 4332 difficilium
1429 4292 1530 4333 rerum
1550 4292 1639 4334 even·

139 4373 188 4426 tus
206 4385 261 4444 per
272 4370 351 4428 hanc
364 4373 498 4426 aestatem
513 4366 657 4424 exereitus
673 4370 774 4423 noster
788 4365 819 4423 in
833 4365 935 4422 multis
951 4364 1063 4422 ibidem
1079 4363 1228 4421 sustinuit.

175 4527 372 4599 Placentinus,
389 4525 606 4597 Cremonensis,
621 4525 825 4592 vercellensis,
841 4524 889 4582 alii
905 4524 996 4583 etiam
1011 4524 1154 4599 episcopi,
1169 4524 1294 4599 quidam
1308 4524 1472 4597 majestatis
1494 4526 1547 4594 rei,
1567 4525 1639 4600 quia

139 4633 210 4674 cum
225 4617 368 4691 praedicto
382 4615 607 4689 erohiepisropo
622 4618 651 4671 et
664 4613 787 4671 oudone
802 4617 931 4687 tyranno
946 4628 1025 4687 saepe
1039 4618 1207 4671 memorato
1221 4618 1325 4671 contra
1339 4611 1554 4687 imperatorem
1568 4629 1638 4670 con-

139 4709 306 4773 senserant,
322 4704 430 4778 captivi
445 4703 484 4762 ad
499 4719 555 4760 nos
571 4704 601 4760 in
616 4702 735 4759 diversa
746 4701 814 4759 loca
827 4701 937 4759 exiliati
953 4707 1032 4759 sunt.
1049 4701 1276 4759 prenominatus
1291 4717 1363 4772 ergo
1387 4701 1484 4770 oudo,
1507 4701 1637 4774 impera-

140 4798 204 4852 tore
218 4793 305 4851 ltalise
320 4798 421 4868 partes
436 4797 626 4868 procurante,
644 4791 867 4861 Luthuringiam
879 4789 965 4863 juxta
978 4806 1113 4847 mercam
1139 4790 1292 4848 Cazelonis
1322 4790 1408 4846 ducis
1433 4790 1559 4862 eiusque
1584 4787 1637 4844 filii

140 4881 291 4940 Codefridi
310 4881 453 4938 tirannice
466 4879 586 4947 invasit,
601 4883 630 4936 et
645 4878 803 4949 civitatem,
819 4895 886 4953 quae
903 4879 1059 4950 herstart)
1071 4878 1187 4946 dicitur,
1215 4879 1326 4950 iniuste
1344 4875 1577 4951 praesumptione
1590 4890 1639 4931 oe-

140 4970 260 5044 cupavit
273 4988 280 5039 ς
294 4971 381 5042 juxta
394 4985 487 5043 quam
502 4968 542 5025 ab
551 4966 671 5024 hisdem
682 4966 810 5024 ducibus
825 4970 1000 5040 occupatus,
1017 4971 1215 5040 consertoque
1243 4965 1346 5038 praelio
1367 4965 1444 5020 inter
1467 4965 1581 5034 primos
1595 4961 1639 5018 in·

139 5057 253 5132 glorius
267 5056 417 5124 occubuit,
428 5057 587 5130 iustasque
602 5054 707 5111 divine
720 5054 824 5111 ultioni
836 5057 905 5129 post
918 5053 1040 5112 effracta
1052 5055 1224 5126 juramenta
1238 5067 1355 5126 pennas
1365 5049 1498 5108 exsolvit.
1509 5047 1555 5104 nb
1564 5047 1638 5121 ipsis

140 5163 214 5206 sane
228 5146 391 5205 victoribus
404 5145 570 5217 ignoratus,
585 5143 793 5201 incrastinum
806 5143 883 5200 inter
893 5141 1003 5214 vulgus
1015 5142 1154 5199 inventus
1174 5145 1218 5198 est
1232 5140 1343 5209 nudus,
1366 5138 1458 5196 vitam
1482 5135 1592 5210 pariter
1611 5141 1640 5194 et

189 5503 255 5647 3673
272 5501 360 5560 Deest
373 5516 399 5558 c.
1063 5495 1137 5566 (³69)
1155 5493 1242 5550 Deest
1253 5495 1280 5550 2.
1295 5497 1321 5551 6.

189 5576 243 5632 368
273 5577 339 5630 bar.
