3984 6182
100 110 150 164 909
434 104 647 164 mentesanus
667 103 892 162 nannenten.
911 98 1073 156 asciseat
1094 103 1174 158 VlTlt
1193 105 1224 160 B.
1246 105 1462 164 aduentum.
1756 118 1811 171 970

99 235 162 286 tum
177 229 226 286 vix
242 227 394 286 sufficiunt
403 229 471 286 duae
487 245 618 287 carrucae
631 229 774 286 omnibus
787 224 927 298 tempori·
946 229 969 280 ll
984 224 1105 294 luimus,
1122 228 1152 282 et
1165 225 1264 296 sigillo
1278 232 1382 285 nostro
1404 229 1539 302 insigniri
1559 231 1762 308 praecipimus,
1776 238 1811 292 ut

97 318 156 375 bus
174 319 410 392 uniuscujusque
425 319 497 375 enni
513 319 657 375 excolere.
693 321 773 374 Duos
789 319 931 390 praeterea
983 312 1107 370 interius
1121 315 1265 389 scriptum
1281 323 1338 375 est.

97 407 928 480 mnnsoseidemalodioadjacentesconoedimus,unum
1019 405 1125 460 Actum
1134 404 1254 479 publice
1269 407 1446 476 Aurelianis,
1463 423 1545 465 anno
1559 407 1704 468 incarnati
1724 413 1812 472 Verbi

4 525 5 532 Ι
96 497 401 564 invillullohericurz‚
418 496 510 554 elium
525 495 635 554 invilla
649 498 768 552 Veneta.
785 495 928 550 Hoeoom-
982 491 1140 550 millesimo
1155 494 1297 552 vicesimo
1313 511 1406 566 nono,
1421 501 1566 570 regnante
1588 515 1658 571 rega
1672 501 1811 562 lietberto

96 588 150 644 nia
162 585 296 656 legaliter
310 587 391 656 (late,
407 590 436 642 et
444 587 511 657 J'ure
522 584 632 642 lorensi
643 589 672 641 et
685 583 824 658 praetorio
840 585 928 640 Com·
981 581 1214 654 quadragesimo
1225 585 1320 642 tertio.

97 675 255 749 pendiensi
270 675 401 732 ecclesie
412 675 530 744 tradita,
541 679 652 732 nostrae
661 673 844 731 auctoritatis
855 688 928 745 prae·
1018 673 1078 742 Ego
1086 671 1247 729 Balduinus
1256 675 1453 732 cancellarius
1463 675 1625 748 relegendo
1634 678 1810 756 subscripsi,

96 771 185 839 cepto
199 765 399 834 firmavimus
411 770 440 822 et
452 764 646 838 inposterum
660 764 782 820 firmata
794 778 860 819 esse
872 765 929 817 sta·
982 765 1011 817 et
1023 759 1240 818 subscribendo
1254 762 1345 834 relegi
1360 764 1427 837 (lb).

135 892 191 963 (20)
204 895 235 947 ln
250 891 307 947 boc
320 889 486 963 diplomata
505 890 566 946 duo
591 888 793 955 observanda,
819 903 928 960 nempe
981 889 1157 967 pum.2l‚et
1168 886 1252 958 quod
1261 888 1434 946 constantia
1444 889 1534 948 simul
1546 907 1661 948 cumeo
1673 891 1810 965 diploma

96 963 181 1035 quod
197 962 352 1018 Rotbcrtus
359 977 410 1017 rex
419 966 528 1031 utetur,
537 961 620 1017 initio
635 965 802 1026 contextus,
815 974 927 1032 prono·
981 958 1112 1038 inchoat,
1126 962 1233 1038 praeter
1247 974 1374 1029 morem,
1388 961 1532 1018 nimirum
1544 963 1618 1036 quia
1630 961 1695 1038 ipse
1710 963 1808 1022 done-

96 1033 180 1090 mine
194 1034 269 1105 Epo,
280 1032 317 1089 de
331 1049 393 1106 quo
407 1032 475 1088 vide
485 1031 552 1088 libri
564 1031 688 1089 secundi
695 1035 786 1104 caput
798 1032 926 1097 tertium,
981 1032 1093 1084 tionem
1109 1027 1179 1084 lacit
1194 1045 1231 1084 ex
1245 1029 1373 1102 propriis
1388 1047 1457 1087 oum
1478 1048 1557 1104 rege.

490 1149 1805 1190 *m

790 1303 859 1342 trite
876 1301 967 1341 ΑΝΜἸ
983 1301 1104 1340 ΙΙΧΙΙΧΙΙΙ.

610 1419 1298 1568 MEGINFREDUS

267 1674 766 1765 MAGDEBURGENSIS
818 1675 1100 1764 MAGISTER
1144 1674 1210 1762 ET
1260 1674 1637 1766 PRAEPOSITUS.

439 1935 744 2104 norrun
789 1863 1468 2082 murrensis,

482 2146 587 2222 (Apud
600 2149 684 2206 Canis
696 2147 799 2220 Antip.
815 2149 896 2206 Lect.
909 2148 978 2205 edit.
993 2150 1134 2220 Basneg„
1149 2151 1222 2205 tom.
1236 2147 1282 2219 ΙΙΙ,
1296 2149 1429 2220 pag.86.)

133 2404 331 2532 Heginlredus
350 2403 550 2478 antiquiorem
565 2406 737 2463 emendavit
750 2405 962 2480 renovavitque
973 2405 1187 2488 biographum
1202 2405 1254 2486 qui
1265 2405 1329 2486 jem
1345 2405 1559 2461 Emmerammi
1577 2404 1671 2462 Vitam
1696 2405 1808 2481 scripto

92 2493 168 2532 man
192 2479 303 2532 ovelut.
319 2477 377 2533 Seu
389 2474 426 2532 de
449 2481 554 2533 rarata
567 2476 685 2533 luerent
697 2476 775 2533 illius
786 2481 992 2541 monumenta,
1010 2493 1071 2533 sive
1087 2477 1188 2550 potius
1214 2479 1349 2549 tmperrte
1362 2474 1556 2549 barbaroque
1584 2476 1662 2549 stylo
1691 2476 1810 2536 lucrant

92 2547 218 2621 scripta,
234 2547 334 2604 denuo
349 2491 502 2603 nuiebitae
516 2547 682 2614 scribendas
698 2563 825 2606 menum
840 2549 1003 2605 admovere
1018 2553 1158 2604 coactum
1173 2562 1204 2603 se
1219 2547 1313 2603 sensit
1327 2545 1536 2616 meginfredus.
1566 2548 1648 2605 Prior
1659 2547 1708 2604 ille
1736 2549 1808 2606 scri·

91 2623 166 2693 plor
184 2635 224 2692 ap
247 2618 396 2675 allabatur
406 2619 533 2690 Cyrinus
549 2622 578 2674 et
592 2621 691 2675 lieres.

134 2635 314 2762 Meginbeuo
328 2688 451 2746 nomine
466 2692 585 2771 tantum
600 2695 689 2746 notus
705 2689 830 2771 videtur.
860 2689 957 2746 Credit
981 2689 1083 2770 surius
1111 2687 1196 2744 illum
1226 2687 1317 2770 tuisse
1342 2688 1519 2770 episcopum
1547 2687 1809 2770 Ralispcnenscm‚

94 2762 241 2834 deceptus
256 2761 358 2818 loeson
369 2759 642 2832 subscriptionibus
658 2760 775 2833 synodo
789 2761 1034 2832 Drngolvingensr
1050 2775 1131 2816 auno
1144 2763 1196 2817 ΙΙΙ
1211 2759 1346 2833 adjectis,
1361 2759 1402 2816 rbi
1416 2774 1497 2815 enlm
1510 2759 1807 2831 subsignavitHeres.

96 2833 158 2891 Sed
171 2849 233 2890 non
246 2832 300 2889 luit
312 2831 538 2904 Relisponensis
553 2831 685 2904 antistes,
703 2848 774 2888 eum
801 2847 868 2888 eam
885 2832 987 2888 sedem
1003 2836 1073 2888 tunc
1100 2831 1243 2905 temporis
1257 2835 1368 2889 teneret
1395 2831 1456 2888 Scri
1508 2835 1582 2888 rtus.
1612 2830 1723 2889 Deinde
1738 2847 1809 2888 vero

94 2902 404 3032 ttlttmtltltlffi
421 2902 1451 3032 lbllttutlltlttftleultfttttttl‘latta
1476 2901 1811 3032 ulutatus

96 3047 338 3129 Ratisponenses.
353 2991 498 3128 sicilvtsit
511 3043 558 3102 ille
571 3061 621 3126 an.
634 3049 696 3114 760,
710 3050 739 3128 et
752 2990 887 3102 chilion.
903 2990 971 3103 78³1.J
983 2990 1226 3128 emimonaohus
1241 3018 1462 3127 Benedictinus:
1476 2990 1547 3102 fleis
1557 3045 1663 3113 abbas,
1677 3045 1808 3120 denique

94 3123 224 3192 quartus
239 3133 340 3191 episco
366 3133 399 3171 us
428 3119 632 3187 Frtsmgensrs.
650 3115 954 3188 Megmlredusmulto
967 3121 1074 3184 notior,
1090 3116 1145 3172 furt
1159 3132 1239 3173 enlm
1255 3116 1331 3172 inter
1343 3132 1423 3172 viros
1445 3116 1492 3172 sui
1519 3117 1619 3173 saeculi
1634 3117 1782 3174 doctiores
1800 3135 1807 3186 ;

95 3189 266 3246 monachus
280 3187 331 3244 Ful
354 3185 434 3244 ensis
449 3186 570 3244 ineunte
583 3187 693 3244 saeculo
708 3187 826 3244 decimo
843 3207 850 3256 ς
866 3187 936 3244 dein
946 3187 986 3244 ad
1001 3187 1195 3244 parthenonis
1210 3189 1343 3258 regimen
1359 3191 1488 3256 evectus,
1500 3187 1561 3244 sive
1574 3187 1810 3258 negdeburgen-

96 3262 138 3317 sis
154 3260 331 3334 prepositus
346 3258 441 3314 lactus
454 3263 506 3316 est.
523 3259 584 3315 Hoc
598 3259 699 3333 ipsum
715 3259 884 3331 conjecerat
895 3259 967 3315 olim
981 3258 1127 3326 canisius,
1143 3259 1230 3330 cujus
1245 3259 1309 3314 haec
1325 3263 1395 3314 sunt
1405 3257 1495 3314 verba
1511 3275 1517 3313 :
1540 3257 1590 3314 An
1600 3258 1808 3330 Mepinfrcdus

96 3334 147 3389 bic
160 3339 201 3388 est
215 3347 300 3404 quen
314 3329 494 3386 Tritbcmtus
508 3331 540 3386 in
552 3331 664 3387 Cluen.
677 3331 890 3402 Hirsuupienst
900 3347 950 3388 an.
974 3331 1042 3386 loto
1055 3331 1235 3386 moncellum
1256 3330 1436 3386 bubleusem
1461 3328 1662 3401 celebremque
1684 3329 1809 3385 clerone

93 3405 259 3474 propitum,
275 3405 396 3472 ejusque
412 3401 561 3457 laboribus
573 3417 604 3459 se
638 3403 782 3458 lurtmum
794 3403 934 3472 nclJutum
946 3403 1052 3458 usserit
1064 3404 1078 3458 ‘l
1094 3401 1181 3458 Certe
1195 3416 1293 3459 annus
1307 3405 1376 3457 loto
1385 3401 1519 3458 eumdem
1530 3401 1647 3470 suadet,
1650 3401 1810 3472 potuitque

93 3476 166 3544 fieri
178 3473 320 3530 uerutus
332 3472 600 3554 Moqdeburpuma
629 3475 863 3554 preposituram
875 3475 1040 3554 eibuscibus.
1054 3473 1220 3545 scripserat
1234 3471 1449 3529 Chronicorum
1458 3471 1552 3528 libros
1564 3470 1668 3541 viginti
1700 3474 1810 3527 untuor

95 3545 288 3602 aThritemio
302 3559 341 3599 se
364 3559 411 3599 rus
424 3541 573 3601 laudatos.
591 3543 701 3601 Deinde
716 3544 755 3601 ad
771 3547 985 3602 Emmcramnn
1006 3545 1101 3600 Vitam
1116 3543 1343 3600 emendandam
1355 3559 1386 3600 se
1406 3542 1541 3600 contulit.
1558 3544 1657 3599 Brevis
1673 3542 1678 3554 '
1703 3542 1808 3599 ascri·

94 3616 170 3690 ptio,
183 3632 249 3689 ques
263 3615 314 3672 vix
359 3614 411 3671 iud
426 3615 576 3672 contineat
588 3620 695 3690 praeter
709 3621 865 3672 cruentam
880 3615 1095 3672 Emmerammi
1109 3619 1247 3683 mortem,
1262 3631 1281 3671 a
1295 3613 1456 3687 Lantperto
1471 3611 1511 3671 ob
1540 3613 1744 3742 susgioionem
1770 3611 1808 3671 de

96 3695 203 3762 stupro
217 3685 312 3744 sorori
326 3685 407 3743 illato
421 3685 608 3743 intentatam.
624 3686 701 3742 Vixit
709 3686 906 3758 Meginlredus
919 3685 1106 3759 temporibus
1122 3685 1235 3744 Ottonis
1250 3689 1272 3742 ll
1287 3688 1316 3742 et
1331 3686 1444 3742 Ottonis
1460 3689 1504 3756 ΙΙΙ,
1521 3684 1591 3742 dein
1614 3684 1734 3742 aetiam
1751 3682 1808 3741 sub

93 3774 191 3830 regno
205 3756 320 3816 ilenrici
334 3757 457 3814 secundi
469 3757 668 3830 imperatoris.

133 3833 374 3886 Emmerammus
389 3827 453 3897 tuit,
469 3832 502 3884 ut
515 3829 609 3898 aiunt,
625 3827 843 3885 Pictaviensisa
865 3827 908 3885 ud
923 3827 1021 3885 Gallos
1033 3827 1134 3900 episeo
1158 3843 1205 3892 us.
1217 3827 1271 3900 qui
1286 3827 1390 3884 sedem
1405 3825 1609 3899 episcopalem
1620 3841 1804 3897 gregemque

94 3901 154 3959 sibi
167 3901 364 3958 commissum
378 3899 568 3963 descensis
579 3899 766 3956 Pannoniam
780 3904 829 3955 ten
852 3916 901 3956 ere
911 3899 1055 3960 voluit.ut
1064 3898 1125 3954 ibii
1148 3896 1338 3955 ololalraead
1352 3897 1499 3954 Christum
1508 3894 1681 3951 adduceret.
1698 3899 1810 3952 Caetera

92 3974 194 4044 legere
208 3972 306 4046 possis
320 3970 404 4044 apud
418 3969 641 4098 Meqinlredum.
661 3969 845 4052 observasse
859 3969 988 4052 sufficiat
997 3969 1098 4042 ipsum
1111 3985 1192 4051 anno
1202 3967 1322 4049 697,εῲ
1332 3965 1491 4046 Theodone
1501 3966 1539 4048 ‘lv
1551 3964 1628 4020 duce
1639 3963 1809 4034 baioariam

92 4045 215 4119 petiisse
229 4061 236 4112 ;
249 4044 350 4117 itaque
363 4042 402 4100 eb
415 4057 451 4100 eo
501 4057 559 4112 nge
573 4040 761 4115 temporibus
774 4044 803 4097 et
815 4057 903 4099 annrs
916 4041 1070 4097 distabant
1080 4055 1132 4112 qur
1145 4041 1241 4096 Vitam
1256 4052 1352 4109 ipsius
1367 4037 1416 4091 luc
1435 4034 1524 4091 nobis
1540 4033 1736 4091 mandarunt.

504 4428 510 4438 .
671 4307 1250 4432 munimntum

405 4507 465 4624 ll
493 4505 601 4622 llll
624 4506 683 4623 ll
711 4501 993 4622 lllllttltls
1022 4499 1162 4619 llll!
1195 4497 1472 4618 tltllltlll

772 4741 944 4830 LIBER
988 4739 1146 4831 UNUS.

570 4925 665 4999 (Ciuis
680 4926 804 4982 Bessis.
819 4923 924 4994 Antip.
939 4923 1020 4980 Leet.
1036 4925 1109 4979 tom.
1125 4923 1171 4994 tlt,
1185 4935 1256 4996 pag.
1272 4920 1330 4993 87.)

130 5129 190 5197 ΑΙ)
216 5125 507 5199 Puovlsolutlt
533 5125 694 5194 SANCTI
718 5127 1011 5207 EMMERAMMI,
1038 5124 1147 5206 QUID
1173 5119 1351 5189 DEBEAT
1375 5115 1464 5186 1Ps1
1489 5115 1545 5184 ET
1572 5112 1771 5194 RATIONL

586 5215 626 5282 P.
652 5216 694 5282 A.
722 5215 1050 5302 [PURCHARDUM
1074 5209 1315 5296 tuentum]

130 5359 257 5417 Domino
271 5357 442 5417 Purchardo
452 5355 493 5414 ed
506 5355 622 5430 optima
632 5369 761 5429 queque
771 5356 855 5414 haud
868 5361 925 5415 tar-
942 5364 967 5416 Α
982 5355 1086 5425 rigena
1100 5349 1248 5425 probitate
1263 5348 1425 5420 diligendo,
1441 5345 1592 5403 ernoldus
1615 5345 1654 5418 (l)
1677 5344 1814 5418 adprime

92 5449 145 5520 do,
155 5465 211 5523 pro
218 5452 344 5524 paterne
350 5443 624 5522 quidemdignitate
630 5444 805 5515 reverendo,
815 5461 850 5502 sc
858 5445 923 5518 plu·
978 5443 1034 5501 sibi
1048 5445 1150 5517 utpote
1166 5439 1281 5511 abbati,
1297 5438 1366 5496 exin
1379 5437 1492 5495 caeteris
1506 5435 1613 5494 merito
1626 5434 1813 5508 suppositus,

130 5575 171 5647 (ll
185 5573 325 5633 Arnollus
336 5587 437 5631 comes
448 5569 486 5626 de
500 5569 594 5629 Cham
608 5573 636 5626 et
649 5567 819 5641 Vocbburg,
837 5569 1006 5629 monachus
1023 5571 1051 5628 S.
1068 5565 1292 5632 Emmerammi‚
1308 5562 1487 5638 prepositus
1499 5565 1529 5619 et
1546 5560 1700 5708 ιζαίᾳίεῑοτ,

346 5663 467 5717 Person.
488 5659 573 5717 cxtl.
