3998 6176
202 101 252 158 scr
729 88 762 149 s.
781 81 949 148 runenn'n
968 57 1209 146 cemorensis
1228 83 1396 146 crisconi.
1867 89 1924 145 aa

203 221 390 297 Apostolum,
403 216 592 275 thesaurizat.
608 215 686 272 Loco
698 220 799 273 eutem
817 217 851 272 lv
863 213 964 271 militis
979 207 1072 268 cae-d
1091 215 1209 270 vastare
1222 213 1361 282 dicimus,
1373 211 1471 281 nobis,
1484 211 1536 286 qul
1551 210 1681 282 religiosi
1696 211 1840 280 ridemur,
1855 227 1923 268 ma-

203 313 277 370 ritas
300 307 408 366 mentis
431 305 575 378 accipitur
587 309 607 360 ε’
620 304 692 378 quia
712 305 752 361 ad
771 317 911 362 normam
924 301 1034 359 divina
1089 315 1149 371 gna
1162 301 1294 375 protecto
1308 301 1474 373 ignominia
1485 301 1549 370 erit,
1563 301 1599 371 si,
1613 303 1681 374 post
1701 299 1861 357 transitum
1876 299 1922 356 vi-

203 397 386 458 rectitudinis
401 395 527 468 pertinet
541 398 574 451 ut
587 399 737 468 peccator,
753 393 806 467 qui
827 409 906 466 saepe
929 393 961 448 in
975 388 1036 447 cul.
1089 394 1124 448 tas
1147 391 1248 462 hujus,
1271 390 1328 447 illis
1354 389 1502 447 etiamad
1529 379 1734 463 spectaculum
1760 389 1923 446 derisionis

204 484 433 564 praeuidentia
462 489 491 541 et
516 484 738 541 contemnendo
764 485 977 558 praecipitatur,
1003 481 1035 537 in
1088 481 1293 553 producimur,
1315 479 1379 553 qrri,
1395 495 1449 553 per
1473 479 1534 535 lata
1548 478 1736 552 voluptatum
1757 479 1864 536 itinera
1878 479 1925 536 di-

203 593 271 634 eem
286 574 471 648 quandoque
484 573 575 630 etlam
589 584 651 630 non
669 571 773 630 utens
787 573 990 647 impingatur,
1005 573 1036 627 et
1089 576 1267 642 sourrentes,
1283 570 1376 626 vitam
1390 583 1477 625 suam
1492 568 1625 642 quotidie
1640 567 1832 642 populantur.

203 665 255 739 qui
286 680 341 739 per
372 679 425 720 cor
455 663 647 737 impoenitens
679 667 768 720 antee
796 661 926 736 perdidit
957 660 1034 717 bene
1124 663 1166 716 ut.
1187 660 1346 733 Sequitur:
1370 659 1531 716 EtPctras
1546 659 1664 729 quidem
1686 657 1867 715 servabatur
1887 660 1922 715 in

201 755 313 822 avere,
333 753 528 827 postmodnm
552 767 606 826 per
625 767 676 808 cor
695 752 836 809 divinitus
851 753 1033 807 excecatum
1089 761 1217 812 carcere,
1235 751 1331 806 cretio
1344 753 1444 805 autem
1457 747 1547 817 fiebat
1561 749 1625 804 atre
1645 747 1864 804 intermissione
1881 747 1922 805 ab

92 861 93 867 ¹
203 846 311 919 perdat
324 843 501 902 etiambene
516 842 600 900 scire.
614 845 687 899 Ecce
701 842 731 898 in
746 857 840 915 quam
854 855 1033 898 saevamcu-
1087 839 1221 894 Ecclesia
1236 840 1277 895 ad
1300 840 1394 895 Deum
1412 853 1469 907 pcc
1493 851 1535 894 eo.
1553 837 1626 892 Cum
1650 836 1675 892 is
1697 837 1794 910 quiin
1810 837 1924 912 captio-

204 935 334 991 stodiam
345 949 377 989 se
391 931 516 988 retrudit
528 931 690 1005 qul,hostis
702 930 948 1004 persuasionibus
961 943 1033 986 con·
1087 941 1157 983 nem
1170 926 1285 984 diaboli
1294 927 1452 990 detinetur,
1461 941 1514 1000 per
1529 941 1560 982 se
1575 926 1681 982 exinde
1696 925 1775 982 exire
1791 931 1843 982 aut
1858 943 1923 983 non

204 1023 345 1094 sentiens,
366 1021 554 1078 delectationi
578 1020 666 1077 noxie
692 1020 820 1076 molliter
852 1019 1031 1094 acquiescit!
1087 1012 1157 1072 velit
1171 1020 1222 1071 aut
1236 1031 1297 1071 non
1319 1015 1405 1086 valet,
1421 1015 1460 1071 ad
1483 1014 1601 1089 pietatis
1620 1017 1731 1070 sancta
1747 1012 1851 1070 matris
1867 1013 1923 1067 Ec-

206 1118 279 1170 Ecce
293 1127 387 1186 quam
401 1123 463 1168 non
478 1125 540 1166 sure
558 1109 712 1183 potestatis
730 1125 761 1165 se
775 1108 864 1166 efficit
885 1111 936 1184 qui
953 1101 1049 1167 Sata·'
1088 1105 1184 1161 clesiee
1196 1105 1324 1177 pertinet
1348 1106 1447 1162 sinum
1470 1109 1503 1161 ut
1526 1105 1587 1162 eia
1606 1103 1733 1160 Domino
1747 1102 1923 1174 egrediendi

205 1219 251 1261 nee
266 1201 403 1277 potestati
426 1199 582 1274 peccando
604 1213 637 1256 se
651 1199 759 1256 traditi
783 1203 856 1256 Ecce
870 1199 991 1272 quantis
1007 1205 1035 1256 et
1087 1194 1226 1269 imploret
1238 1193 1387 1252 effectum.
1413 1197 1575 1267 Utrumque
1589 1193 1704 1250 anima
1725 1192 1852 1249 Domino
1867 1207 1923 1247 ne-

202 1307 297 1366 quam
313 1291 400 1347 savis
414 1289 588 1346 custodibus
608 1289 763 1359 delegatur
781 1289 928 1362 quisquis,
944 1289 1035 1345 confl-
1088 1285 1219 1342 cessario
1232 1283 1493 1357 postulatur,quis
1506 1287 1657 1357 peccator,
1672 1281 1703 1338 in
1718 1297 1835 1338 carcere
1852 1295 1924 1354 pec-

204 1379 257 1438 tcii
280 1378 486 1448 dissimulem,
502 1379 534 1434 in
553 1393 613 1432 suae
635 1377 823 1433 conscicntia,²
846 1376 967 1434 latebris
987 1393 1035 1434 oc·
1088 1376 1145 1431 cati
1158 1374 1304 1444 reclusus,
1316 1377 1399 1430 tanta
1414 1371 1570 1446 aliquoties
1581 1371 1805 1428 insensibilitate
1821 1370 1923 1427 obdu·

204 1468 345 1526 euitaturt
370 1465 545 1523 cavendam
558 1467 660 1538 itaque
684 1481 875 1538 summopere
889 1466 977 1523 nobis
990 1470 1034 1524 est
1088 1462 1290 1535 remittentis
1305 1461 1435 1518 tenebris
1457 1460 1667 1532 obumbratur,
1683 1465 1716 1516 ut
1729 1475 1784 1516 nec
1798 1459 1922 1533 squalo-

203 1569 241 1610 ne
261 1568 397 1626 unquam
415 1550 571 1607 delectatio
589 1561 682 1623 prava
700 1550 731 1606 in
746 1563 928 1608 consensum
950 1555 1032 1608 tran
1050 1567 1070 1623 g
1088 1565 1151 1608 rem
1174 1551 1221 1608 sui
1244 1551 1370 1610 carceris
1396 1550 1513 1620 sentiat,
1528 1565 1584 1606 nec
1597 1548 1718 1605 vincula
1732 1547 1843 1622 quibus
1859 1547 1923 1603 alli-

205 1645 280 1712 seat,
289 1647 326 1709 et,
343 1655 439 1712 nsque
455 1639 495 1696 ad
508 1637 650 1695 affectum
664 1639 810 1712 peccandi
824 1640 1031 1712 progrediens,
1088 1645 1175 1711 gatus
1189 1647 1234 1697 est
1247 1640 1354 1698 videat.
1368 1639 1451 1696 Unde
1466 1637 1590 1712 quando
1605 1637 1705 1694 minus
1718 1635 1922 1693 calamitatem

205 1733 322 1790 Seiana
342 1745 399 1786 nos
411 1728 526 1802 laqueis
539 1728 603 1799 jam
618 1727 752 1800 captivos
768 1729 921 1800 astringat.
939 1729 967 1787 si
982 1747 1033 1787 au·
1086 1744 1148 1803 qua
1171 1729 1294 1802 punitur
1315 1728 1416 1796 sensit,
1432 1731 1515 1784 tanto
1537 1725 1638 1782 minus
1662 1726 1701 1782 ab
1721 1737 1756 1783 ea
1769 1725 1922 1782 desiderat

204 1827 264 1879 mm
276 1837 330 1894 per
344 1823 477 1876 nostram
492 1817 647 1874 mollitiem
658 1818 722 1889 J'am
736 1819 814 1893 capti
826 1825 971 1890 tenemur,
986 1839 1033 1878 ce·
1086 1819 1215 1877 liberari.
1229 1823 1454 1892 Nonnunquam
1466 1831 1538 1873 vero
1558 1820 1586 1873 et
1607 1815 1760 1872 miseriam
1775 1831 1866 1872 suam
1880 1815 1922 1870 vi·

203 1925 329 1966 mamus
345 1905 527 1965 omnimodis
538 1923 577 1963 ne
587 1907 618 1964 in
630 1921 750 1964 carcere
760 1910 950 1966 retrudamur
960 1929 967 1980 ;
979 1911 1032 1967 sed
1086 1909 1146 1974 det,
1161 1914 1190 1966 et
1203 1907 1267 1965 erui
1290 1908 1329 1965 ab
1343 1907 1395 1964 illa
1414 1909 1549 1982 exoptat3
1566 1905 1618 1962 sed
1630 1907 1710 1962 exire
1724 1919 1786 1963 non
1802 1919 1921 1978 preera-

203 1999 382 2074 quantocius
403 1997 509 2054 ardore
533 1998 712 2071 paenitentia
735 1999 879 2071 succensi,
900 2016 952 2057 eos
979 2001 1032 2074 qui
1085 1999 1134 2068 let,
1154 1999 1227 2072 quia
1250 1998 1300 2054 illa
1324 2014 1394 2054 eum
1413 1997 1571 2071 multiplex
1590 1995 1825 2071 quaternionum
1851 2013 1920 2052 cus-

203 2105 259 2145 nos
271 2088 441 2158 astringant
458 2090 575 2144 satanae
589 2087 713 2161 laqueos
728 2103 897 2146 exuemus:
918 2106 956 2147 ne
972 2091 1030 2147 for·
1085 2088 1168 2144 todia
1189 2087 1404 2144 circumvallat.
1429 2087 1497 2156 Sed,
1518 2086 1579 2142 sive
1604 2084 1706 2142 voleus
1727 2085 1789 2141 sive
1813 2083 1921 2142 nolens

204 2184 242 2248 te,
269 2179 293 2235 si
317 2178 421 2235 tandiu
442 2176 616 2244 differimus,
638 2182 720 2235 tanto
737 2179 885 2235 difficilior
904 2179 968 2252 jam
992 2181 1032 2237 ad
1086 2183 1220 2236 teneatur
1246 2177 1278 2234 in
1307 2193 1435 2246 carcere,
1457 2177 1586 2247 dignum
1609 2179 1656 2234 est
1679 2179 1713 2232 ut
1740 2177 1838 2232 mater
1868 2177 1920 2232 Ec·

203 2266 458 2342 progrediendum
482 2266 581 2323 aditus
601 2272 710 2340 pateat,
727 2273 840 2342 quanto
859 2284 916 2325 nos
933 2269 1031 2326 multi·
1085 2267 1174 2324 clesia
1202 2266 1298 2324 lilium
1333 2281 1425 2340 quem
1461 2269 1565 2338 genuit
1600 2269 1807 2336 recognoscat,
1839 2269 1869 2321 et
1895 2265 1920 2321 ei

203 2357 271 2432 ples
284 2355 567 2429 eustodiaundique
581 2355 796 2414 circumvallat.
819 2359 876 2416 Sed
891 2359 975 2415 Petro
988 2375 1032 2415 re
1085 2363 1228 2416 maternas
1265 2357 1381 2432 pietatis
1409 2357 1534 2424 viscera,
1560 2371 1617 2431 pro
1650 2371 1686 2412 eo
1722 2354 1849 2423 oranda,
1878 2355 1921 2410 in-

203 2449 288 2502 truso
302 2445 473 2512 incarcere,
496 2447 525 2502 et
549 2446 798 2518 quaternionibus
820 2446 973 2520 deputato,
989 2447 1031 2504 vi-
1085 2447 1197 2504 tendat.
1226 2447 1312 2513 Quod
1336 2461 1400 2519 qua
1421 2445 1562 2502 instantia
1593 2445 1632 2501 sit
1656 2445 1822 2516 agendum,
1851 2459 1920 2502 sen·

203 2536 329 2593 doamns
341 2535 415 2608 qnid
427 2533 570 2607 sequitur.
1085 2540 1176 2594 tenua
1197 2535 1372 2609 interposita
1398 2534 1579 2591 manifestat.
1608 2537 1682 2591 Nam
1709 2549 1780 2590 oum
1808 2533 1919 2592 dicere·

240 2627 305 2681 vtlt.
328 2625 432 2681 Voteus
440 2623 634 2694 postpcscba
648 2624 814 2694 producere
828 2639 894 2682 eum
905 2628 1028 2696 populo.
1085 2630 1142 2694 tur,
1168 2626 1270 2682 Oratio
1294 2629 1392 2680 autern
1415 2623 1515 2693 fiebat,
1543 2622 1752 2696 interpositum
1776 2627 1830 2686 est,
1857 2625 1920 2681 stete

202 2715 276 2770 Eece
297 2712 337 2769 ad
351 2713 423 2786 quid
440 2713 593 2786 eaptirrrm
617 2728 708 2768 suum
722 2713 862 2770 diabolus
876 2719 1031 2789 tantopere
1085 2715 1321 2785 interventricem
1346 2713 1418 2786 quia
1432 2712 1576 2769 nimirum
1599 2717 1669 2768 tunc
1688 2711 1772 2786 quod
1787 2712 1918 2785 petimus

203 2807 315 2871 servat3
330 2817 398 2858 ecoe
413 2817 467 2858 cnr
481 2815 550 2858 eam
569 2802 680 2858 carceri
699 2803 870 2876 mancipati
893 2807 965 2862 Ecca
978 2821 1032 2861 cur
1084 2805 1293 2878 impetramus,
1310 2817 1379 2860 cum
1398 2801 1482 2859 nulla
1495 2801 1677 2875 impetrandi
1689 2801 1863 2858 difficrdtate
1879 2801 1918 2858 ab

159 2899 162 2908 ⁴
202 2895 245 2949 tot
258 2897 287 2948 et
301 2891 389 2948 tantis
403 2905 474 2946 eum
487 2890 708 2964 apparitoribus
720 2891 857 2963 delegat!
875 2897 907 2950 ut
922 2894 1032 2951 scilicet
1046 2927 1066 2984 c
1085 2895 1218 2952 oratione
1243 2893 1401 2950 lassamur.
1430 2893 1523 2964 Unde,
1549 2893 1639 2948 etiam
1662 2893 1749 2964 juxta
1775 2891 1916 2960 litteram,

203 2997 272 3037 enm
282 2980 1028 3057 populoadspectandumpostpaschaprodncat.
1085 2987 1233 3057 quantum
1249 2982 1399 3039 orationes
1422 2980 1512 3038 beato
1527 2983 1612 3038 Petro
1632 2979 1803 3054 profuerint,
1819 2981 1918 3053 aperi·

203 3069 279 3136 Quia
293 3069 373 3126 anim
381 3070 497 3144 pascha
507 3075 652 3128 transitus
664 3070 781 3140 dicitur,
794 3087 855 3130 non
865 3073 1030 3146 incongrue
1084 3086 1142 3140 tur.
1159 3087 1229 3130 cum
1247 3072 1396 3128 subditur.

202 3159 505 3235 perhocvceabulum
518 3159 660 3216 transitus
675 3161 1030 3238 uniuscujusqnedehac
1119 3167 1150 3220 x.
1171 3164 1305 3234 Cumque
1317 3162 1522 3232 producturus
1536 3165 1609 3222 esset
1631 3173 1697 3216 cum
1721 3157 1867 3231 Herodes,
1883 3161 1915 3215 ic

202 3250 262 3307 vita
277 3250 421 3322 signatur.
435 3252 546 3308 Omnes
561 3250 674 3324 quippe
686 3251 843 3309 moriendo
854 3255 1028 3323 transimus;
1084 3254 1150 3323 ipsa
1165 3259 1251 3309 nocte
1272 3257 1338 3309 erat
1353 3253 1461 3307 Petrus
1476 3249 1627 3306 demicus
1651 3249 1730 3306 inter
1744 3249 1818 3306 duos
1836 3251 1915 3306 miti-

202 3339 254 3396 sed
265 3339 497 3396 -interestutrum
512 3350 566 3411 per
580 3342 708 3394 mortem
721 3340 760 3396 ad
774 3346 911 3410 mortem,
926 3357 965 3399 en
977 3358 1031 3418 per
1086 3347 1137 3413 tes,
1155 3343 1272 3398 vinctus
1298 3340 1410 3397 cotecis
1429 3339 1556 3396 duodus.
1574 3339 1603 3395 st
1624 3338 1711 3410 juxta
1731 3337 1860 3394 litteram
1874 3337 1917 3410 ip

201 3433 330 3484 mortem
345 3432 536 3484 transeamus
560 3427 600 3484 ad
618 3427 721 3485 vitem
741 3432 794 3485 Per
808 3435 934 3488 mortem
950 3434 1030 3490 enim
1086 3447 1155 3486 sum
1170 3429 1307 3486 ordinem
1333 3428 1503 3501 apostolicae
1528 3427 1711 3485 liberationis
1734 3427 1826 3502 paulo
1849 3427 1916 3484 dili-

202 3518 242 3574 ad
255 3521 382 3572 mortam
407 3520 572 3589 transeunt,
597 3517 720 3590 quibus,
734 3523 804 3592 post
825 3527 952 3579 mortem
965 3538 1029 3580 car·
1085 3519 1201 3591 gentius
1216 3517 1377 3586 intuemur,
1387 3518 1474 3589 juxta
1488 3517 1659 3574 interiorem
1671 3533 1807 3587 sensum,
1821 3533 1919 3590 quan·

200 3606 258 3674 nis,
273 3610 364 3662 restat
377 3609 506 3662 aramus
520 3606 656 3663 interitus
671 3609 786 3665 mortis.
798 3611 841 3666 Ad
856 3611 948 3669 vitam
958 3629 1030 3671 vero
1085 3613 1148 3664 tum
1162 3613 1302 3680 peccator
1316 3607 1424 3663 divinae
1439 3607 1651 3664 misericordia
1666 3605 1785 3674 debeat,
1796 3605 1918 3662 eviden-

200 3709 255 3769 par
268 3698 396 3751 mortem
411 3697 577 3766 transeunt,
599 3695 720 3769 quibus,
737 3703 805 3771 post
817 3699 1029 3760 resolutionem
1084 3703 1127 3755 ter
1139 3697 1322 3754 instruimur.
1344 3697 1422 3763 Quid
1436 3698 1517 3756 anim
1539 3697 1636 3754 innuit
1657 3695 1739 3771 quod
1761 3697 1915 3772 apostolus

200 3785 344 3860 corporis,
358 3784 469 3856 gaudia
483 3790 593 3844 aterna
612 3787 786 3846 succedunt.
798 3790 842 3846 Ad
858 3791 914 3849 hoc
928 3793 1030 3867 itaque
1084 3794 1155 3845 tunc
1169 3787 1293 3845 refertur
1303 3791 1404 3844 erutus
1418 3789 1456 3844 da
1471 3805 1599 3858 carcere,
1611 3804 1681 3844 cum
1692 3789 1758 3859 jam
1770 3789 1849 3842 esset
1860 3799 1914 3858 po

200 3875 354 3950 oapdvum
370 3889 461 3931 suum
476 3879 538 3932 tam
551 3875 708 3949 diligenter
721 3877 861 3935 diabolus
873 3887 981 3954 servat,
998 3886 1031 3941 ut
1083 3877 1156 3951 pulo
1170 3876 1210 3933 ad
1223 3875 1427 3950 spectaculum
1439 3877 1663 3951 producendus,
1675 3875 1732 3932 nisi
1744 3874 1827 3949 quod
1841 3873 1916 3929 diri·

200 3981 270 4022 cum
286 3965 398 4040 populo
411 3965 452 4022 ad
468 3967 674 4039 spectaculum
697 3971 766 4041 posi
788 3969 903 4041 pascha
920 3971 1031 4044 produ·
1082 3983 1123 4024 na
1134 3968 1229 4042 pietas
1240 3967 1417 4041 plerumque
1429 3973 1498 4024 tunc
1509 3967 1598 4024 etiam
1610 3973 1801 4041 peccatorem
1811 3965 1849 4022 de
1860 3981 1915 4021 sua

200 4060 257 4123 cat,
272 4055 344 4127 quia
357 4055 466 4111 adhoc
482 4061 669 4128 peccatorem
685 4073 783 4131 usque
802 4057 842 4115 ad
856 4065 985 4118 mortem
995 4063 1030 4120 in
1083 4058 1253 4131 captivitate
1267 4056 1383 4126 liberat,
1398 4073 1467 4114 cum
1476 4058 1541 4130 jam
1551 4057 1723 4130 proximum
1739 4060 1782 4112 est
1796 4060 1828 4111 ut
1844 4071 1914 4110 eum

199 4147 323 4216 peccato
335 4148 471 4214 retentat,
486 4149 519 4201 ut
532 4145 615 4202 illum
630 4146 668 4203 de
682 4147 739 4204 hac
751 4146 811 4205 vita
826 4152 1029 4210 transeuntem
1083 4147 1222 4204 diabolus
1234 4147 1375 4204 eductum
1389 4147 1427 4204 de
1441 4162 1566 4220 corpore
1579 4147 1619 4205 ad
1634 4151 1778 4204 aeternam
1802 4143 1914 4200 irrisio-

199 4231 237 4288 de
253 4245 371 4287 careae
384 4231 414 4288 in
430 4245 580 4289 carcerem
594 4234 710 4292 mittat:
734 4235 772 4293 de
787 4251 904 4295 carcere
919 4239 1030 4298 scilicet
1082 4253 1153 4292 nem
1172 4236 1341 4309 perducat?
1364 4238 1401 4293 Ia
1414 4238 1480 4307 ipsa
1493 4243 1587 4308 nocte,
1604 4235 1710 4310 inquii,
1724 4239 1791 4292 era!
1804 4233 1915 4290 Petrus

200 4319 366 4376 tenebrosa
379 4321 565 4378 couscientia
576 4323 606 4380 in
619 4339 768 4382 carcerem
782 4327 910 4400 poenalis
921 4331 1029 4400 geben·
1082 4327 1241 4383 comicus.
1259 4325 1498 4398 comprehensus
1522 4329 1624 4383 Petrus
1643 4327 1674 4382 in
1687 4329 1775 4382 nocte
1791 4322 1913 4394 dormit,

199 4425 257 4466 nae.
273 4408 304 4466 Si
322 4411 423 4466 sutem
437 4410 607 4484 captionem
626 4412 715 4470 istam
741 4415 782 4471 ad
796 4431 866 4472 eum
879 4418 942 4491 qni,
961 4423 1029 4493 post
1082 4415 1206 4489 quando
1220 4415 1266 4473 vir
1289 4415 1383 4484 fortis,
1407 4416 1438 4472 in
1462 4419 1620 4489 peccatum
1644 4413 1815 4488 prolapsus,
1832 4428 1914 4470 aco-

200 4501 374 4573 susceptum
397 4498 549 4570 religionis
568 4499 715 4571 habitum,
730 4503 760 4560 in
784 4504 897 4562 carnea
921 4505 1028 4566 lethale
1083 4505 1236 4576 gnitionne
1252 4503 1297 4560 sai
1312 4504 1420 4560 mentis
1441 4503 1544 4561 oculos
1564 4503 1684 4560 claudit.
1707 4505 1771 4558 Nox
1786 4499 1868 4557 enim
1883 4499 1913 4554 in

199 4587 319 4656 corruit,
333 4587 454 4661 proprie
467 4587 642 4662 referamus,
659 4590 716 4647 hoe
731 4591 815 4665 quod
829 4593 888 4649 ait:
908 4595 1027 4652 Prode
1081 4611 1143 4668 qua
1157 4594 1277 4662 dormit,
1303 4593 1472 4666 ignorantia
1487 4598 1547 4651 est:
1570 4593 1628 4651 nisi
1642 4591 1723 4650 enim
1737 4591 1871 4665 seipsum
1886 4593 1915 4645 et

199 4694 265 4738 cere
278 4693 345 4737 eum
358 4681 482 4750 popuii),
492 4694 554 4736 non
569 4679 663 4737 otiose
676 4681 812 4739 additum
827 4683 1026 4745 advertemus.
1082 4699 1149 4758 quae
1166 4684 1244 4741 circa
1258 4701 1328 4741 eum
1352 4690 1494 4755 aguntur,
1509 4683 1670 4756 ignorarat,
1685 4682 1716 4738 in
1740 4681 1786 4738 sui
1810 4679 1913 4753 utique

197 4769 281 4826 certe
295 4767 376 4826 onim
391 4768 431 4824 ad
454 4766 528 4826 illud
543 4773 710 4827 extremum
732 4771 879 4844 judicium
902 4789 965 4832 non
981 4793 1028 4835 so·
1081 4773 1353 4831 considerationem
1378 4773 1482 4831 oculos
1510 4774 1656 4847 aperiret;
1687 4771 1835 4846 aperiens,
1863 4786 1914 4844 pe·

197 4854 262 4914 lum
283 4857 432 4926 homines,
446 4857 502 4914 sed
525 4861 553 4915 et
577 4858 649 4915 boni
673 4862 701 4916 et
724 4859 797 4916 mali
819 4863 918 4932 angeli
932 4863 1026 4922 dedu·
1080 4865 1209 4922 riculum
1234 4879 1324 4921 suum
1352 4863 1476 4936 videret,
1492 4863 1597 4920 vidam
1624 4861 1754 4932 sentiret,
1780 4859 1912 4916 sentiens

199 4951 311 5002 centur.
328 4951 403 5006 Cum
417 4963 490 5019 ergo
509 4947 550 5025 iiii
564 4951 697 5005 esberno
709 4949 823 5022 judicio
846 4955 875 5009 et
887 4954 1026 5012 homines
1081 4953 1203 5021 doleret,
1223 4953 1328 5010 dolens
1349 4952 1567 5024 ingemisceret,
1583 4951 1784 5024 ingemiscens
1810 4953 1913 5005 autem

199 5036 364 5106 stangelos
377 5037 476 5094 bonos
500 5041 529 5094 et
552 5037 648 5094 malos
666 5038 822 5096 adiuturos
843 5044 1025 5113 noverimus,
1081 5044 1205 5101 evadere
1241 5043 1402 5112 festinaret.
1444 5042 1501 5100 Sed
1538 5042 1773 5116 comprehensus
1808 5039 1914 5095 Petrus

199 5136 252 5176 our
278 5123 434 5194 religiosus
462 5126 493 5184 in
522 5131 692 5201 perpetrato
719 5128 841 5186 crimine
863 5147 958 5206 usque
987 5135 1027 5192 ad
1080 5133 1200 5201 dormit,
1227 5133 1299 5206 quia
1327 5132 1401 5206 quid
1438 5131 1494 5189 sibi
1532 5131 1688 5188 immineat
1721 5143 1784 5186 non
1815 5133 1912 5184 attan

198 5207 291 5266 finem
312 5212 489 5284 perdurans,
503 5215 558 5272 soli
571 5216 685 5291 populo
706 5217 834 5290 produci
860 5220 899 5276 ad
915 5225 1028 5294 specte·
1080 5222 1131 5280 dit.
1162 5221 1275 5278 Dormit
1295 5221 1371 5278 inter
1397 5220 1473 5278 duos
1504 5221 1624 5293 milites,
1652 5219 1770 5276 anctus
1798 5217 1913 5274 catenis

198 5297 300 5356 culum
312 5300 642 5373 perhibeturividetur
660 5305 760 5380 itaque
775 5308 814 5365 ad
828 5308 1027 5381 ignominiam
1079 5311 1210 5368 duabus.
1250 5315 1359 5368 lterum
1393 5310 1530 5382 cogimur
1564 5307 1743 5379 investigare
1785 5307 1913 5381 quinam

197 5391 342 5457 nosuam,
375 5405 428 5462 qur
462 5392 571 5449 seculo
606 5395 854 5468 renuntiavimus,
889 5399 1025 5457 additum
1080 5403 1149 5456 sunt
1171 5399 1218 5455 isti
1245 5397 1306 5456 duo
1330 5399 1438 5457 milites
1458 5399 1511 5474 qui
1531 5397 1707 5456 dormientis
1736 5395 1811 5452 Petri
1832 5395 1912 5451 latus

198 5493 264 5534 esee
287 5477 372 5552 quod
394 5478 501 5537 dicitur
528 5483 698 5542 Producerc
724 5489 1025 5558 comportatorum
1078 5492 1239 5563 utrumque
1268 5489 1416 5555 ambiunt,
1443 5489 1491 5546 vel
1516 5497 1583 5562 qua
1614 5488 1671 5544 sint
1699 5491 1812 5542 catenae
1841 5499 1911 5557 quse

196 5566 303 5643 quise
315 5567 636 5645 populandopopulus
645 5571 909 5650 dieitru,poprdari
923 5581 1024 5635 autem
1078 5591 1189 5639 manus
1209 5577 1276 5638 illas
1299 5579 1480 5650 astringunt.
1506 5579 1604 5652 Supra
1632 5573 1802 5634 audimus
1826 5572 1912 5648 quod
