3998 6182
245 157 300 224 tls
850 143 1034 212 saianans
1050 139 1120 206 biii
1138 141 1360 207 Muenna.
1905 151 1941 208 aa

247 275 621 352 alebatoiradragesimall
634 281 812 352 tempestate
825 275 963 334 ducentis
978 272 1076 350 quoti·
1091 273 1115 328 Α
1133 292 1148 324 ι
1169 287 1227 328 mu
1241 284 1360 328 summo
1374 267 1515 344 pontillce
1528 269 1653 328 missam
1662 269 1940 340 'celebranlatanct

248 377 295 436 die
308 389 429 452 panem,
444 369 541 446 pisces
559 367 714 426 aurinum
741 363 962 424 subministrari
990 379 1076 422 cura·
1134 363 1252 418 «Petro
1266 360 1297 418 in
1311 359 1407 431 altari
1424 359 1570 417 offertorii
1585 363 1732 436 tempore,
1764 375 1840 417 cum
1861 379 1956 432 magus

246 465 308 524 bat.
323 467 356 522 ln
371 465 463 521 coeua
477 457 596 518 Domini
610 455 749 516 trecentis
763 457 886 532 propria
913 467 1007 512 uranu
1025 469 1077 529 ps·
1132 471 1147 499 ιι
1167 449 1327 506 devotione
1340 447 1464 518 obtullt3
1493 453 1680 506 accurrentes
1711 452 1827 506 autem
1848 449 1939 510 minist:

246 568 326 623 nem,
341 549 506 624 legumina,
520 549 618 623 pisces
631 562 667 605 ac
681 545 822 604 denarios
835 544 921 603 llexis
937 541 1076 616 genibus,
1131 559 1146 588 ιι
1166 537 1267 596 altaris
1281 537 1415 596 arbitrati
1428 542 1498 595 sunt
1508 537 1613 611 magni
1626 539 1754 613 pondus
1770 539 1839 595 auri
1853 539 1940 598 obuli

245 641 421 702 boramrtia
445 638 556 697 virltm
581 635 790 694 distribuebat.
815 633 934 694 selectis
957 638 1077 691 centum
1132 649 1146 678 ι
1167 642 1199 684 se
1222 626 1346 684 divitem
1370 641 1497 698 regem3
1528 627 1581 684 ⁵01¹
1594 627 1780 686 ³0h0d111ffl²¹
1793 631 1939 702 repertun

245 731 432 808 pauperibus
448 725 560 786 clericis
586 725 756 782 uberiorem
774 725 850 783 hora
877 729 961 781 senta
976 738 1078 795 eruga-
1131 735 1147 767 ιι
1167 717 1310 790 scriptam
1323 721 1352 774 et
1365 721 1501 774 notatam
1515 716 1762 789 admirabantur,
1777 716 1939 789 ingcnluns

246 820 301 879 bat
313 819 548 891 eleemosynam.
566 817 640 872 cum
655 829 791 870 amensa
806 811 1076 886 surrexissetposi·
1131 828 1146 858 ι
1167 806 1357 864 devotionem
1372 805 1515 882 principis
1539 805 1762 865 colaudantcs.
1795 808 1868 864 ilinc
1889 823 1939 883 pepe

246 907 284 966 tis
294 905 447 979 regalibus
461 901 657 972 vestimentis,
679 899 773 958 cilicio
796 901 931 970 indutus,
961 915 1076 976 paupe·
1132 919 1146 950 ι
1166 897 1297 955 decrerit
1311 898 1351 954 ob
1364 898 1545 955 memoriam
1556 897 1742 955 sanctissimi
1757 897 1852 970 regis,
1865 915 1939 969 rogen

247 1015 316 1056 rum
329 996 422 1072 pedes
437 994 545 1069 pietate
560 997 588 1051 ct
602 991 768 1048 humilitate
782 990 953 1048 admirabili
972 989 1076 1048 ablue·
1132 1007 1147 1036 ιι
1166 985 1247 1044 tibus
1262 985 1384 1056 clericis,
1401 989 1433 1044 ut
1445 987 1505 1044 hoc
1519 985 1754 1061 responsorium
1768 987 1804 1044 in
1827 987 1939 1043 honorae

246 1087 309 1146 bat.
327 1087 433 1145 Sauras
449 1083 528 1141 mdes
543 1087 571 1139 et
591 1081 777 1138 monasteria
791 1079 905 1151 ingenti
919 1095 1076 1138 numerca
1131 1097 1145 1125 ι
1167 1076 1262 1132 sancti
1276 1076 1351 1132 Petri
1364 1073 1507 1150 deinceps
1520 1077 1710 1134 cantaremr.
1727 1095 1743 1127 ιι
1778 1077 1848 1133 llaec
1872 1093 1938 1150 qnae

247 1171 450 1234 laudamentis
465 1170 565 1240 erexit,
581 1169 618 1226 de
634 1167 745 1242 quibus
772 1167 930 1240 legendus,
957 1167 1076 1240 Helgal-
1129 1179 1223 1242 quam
1237 1165 1331 1238 paulo
1345 1164 1492 1236 longiora,
1506 1165 1607 1239 reipsa
1624 1169 1731 1223 minen
1757 1163 1862 1222 brevia
1886 1173 1937 1227 sunt

139 1271 143 1278 '
246 1261 304 1318 dus
322 1260 354 1317 in
368 1261 459 1333 hujus
472 1260 546 1318 Vita.
564 1263 595 1316 ln
610 1257 814 1316 lleilaudibus
836 1259 899 1315 erat
923 1257 1075 1314 assiduus.
1131 1253 1155 1311 si
1170 1255 1210 1313 ad
1224 1254 1297 1312 tanti
1312 1254 1455 1330 principis
1470 1253 1597 1326 gloriam
1613 1255 1848 1313 transferantur.

246 1349 290 1406 Ex
303 1347 477 1408 Constantia
488 1363 581 1406 more
596 1347 812 1422 quatuorlilios
823 1345 955 1422 suscepit
969 1347 1077 1404 liober·
1167 1345 1312 1402 Caetcrum
1338 1359 1390 1400 rex
1417 1343 1573 1413 liobertus,
1598 1343 1684 1420 quod
1707 1344 1805 1402 nimis
1832 1343 1937 1402 aunem

246 1439 304 1509 tus,
320 1441 476 1512 lingonem
500 1439 669 1505 ilenricum,
697 1437 833 1495 Odonem
852 1442 880 1494 et
902 1435 1074 1507 liebertum,
1129 1437 1209 1490 esset
1222 1433 1333 1504 litteris,
1357 1433 1713 1492 anonnullisbiusamm
1734 1434 1879 1502 sacerdos,
1903 1450 1935 1489 sen

246 1545 302 1588 nec
329 1545 392 1587 non
419 1535 448 1587 et
471 1529 577 1598 illlam,
603 1528 727 1585 nomine
753 1527 937 1584 adelaidem.
977 1529 1075 1599 lingo,
1128 1521 1292 1580 Messenius
1305 1521 1481 1580 dicebatur:
1498 1539 1557 1581 una
1571 1525 1649 1582 enim
1665 1525 1728 1582 t‘sto
1745 1524 1937 1596 nostr-alnam

247 1635 338 1694 quem
350 1620 381 1678 in
395 1619 480 1692 regni
494 1618 678 1676 consortium
701 1617 856 1682 asciverat,
881 1617 993 1691 quique
1006 1634 1076 1691 spes
1092 1631 1112 1688 g
1132 1611 1248 1669 buleus
1263 1614 1311 1684 (i),
1327 1613 1564 1670 Gallullomana
1579 1615 1686 1687 Massa,
1697 1629 1763 1687 praa
1777 1615 1864 1671 olisna
1873 1615 1935 1684 abui

248 1707 442 1766 tantasdese
457 1707 607 1765 excitabat
622 1711 654 1762 ut
665 1706 731 1779 J‘am
755 1707 885 1778 Magnus
914 1705 1078 1781 appellare-
1130 1698 1266 1772 fleamus,
1289 1704 1398 1772 procul
1413 1703 1503 1760 dubio
1529 1705 1663 1761 amosis
1688 1704 1823 1761 &ducta
1837 1705 1934 1776 est,·qu

247 1803 305 1870 tur,
318 1797 392 1855 obiit
404 1810 485 1855 anno
505 1799 573 1854 lats
588 1799 617 1852 et
629 1795 805 1869 compendii
821 1795 860 1852 ad
886 1795 984 1854 Sancti
1006 1799 1077 1855 Cor·
1131 1791 1212 1847 enim
1227 1805 1260 1847 sa
1274 1791 1371 1848 musis
1385 1791 1548 1866 applicant,
1564 1791 1659 1850 otium
1671 1797 1702 1850 et
1716 1805 1866 1850 secessum
1878 1807 1932 1865 qus

246 1887 278 1946 lii
293 1886 427 1962 sepultus
442 1891 497 1944 est.
511 1889 621 1957 Regem
637 1899 672 1941 ac
685 1883 822 1955 reginam
845 1885 1022 1957 gravissimo
1037 1886 1077 1944 ob
1131 1883 1212 1951 runi,
1225 1895 1323 1954 neque
1337 1881 1465 1953 negotiis
1476 1895 1509 1938 se
1523 1879 1701 1957 implicant:
1729 1881 1833 1957 ltaque
1853 1881 1891 1938 ilie
1906 1877 1933 1935 ir·

248 1977 313 2052 ejus
327 1981 456 2034 mortem
468 1990 596 2032 moerore
609 1973 760 2030 conlectos
775 1975 947 2031 consolatus
974 1980 1018 2033 esi
1031 1975 1078 2034 his
1133 1984 1230 2025 nuens
1246 1968 1366 2026 difficile
1388 1987 1452 2028 esse
1481 1971 1623 2028 omnibus
1648 1971 1786 2047 placere,
1811 1967 1933 2046 respondet

248 2065 349 2123 verbis
363 2069 484 2122 sanctus
496 2067 596 2121 noster
610 2061 785 2118 wilhelmus
796 2059 893 2120 abbas
905 2066 932 2120 S.
943 2064 1077 2136 Benigni,
1132 2059 1314 2116 Adalberoni
1341 2059 1373 2117 in
1399 2059 1532 2118 earmina
1554 2060 1638 2135 quod
1662 2061 1687 2118 si
1706 2062 1782 2136 quis
1794 2075 1883 2118 musas
1892 2075 1932 2114 tn·

248 2155 393 2212 referente
408 2154 516 2214 Glabro
531 2152 690 2226 Rodulpho
703 2151 734 2208 in
746 2152 811 2224 ejus
824 2152 887 2210 Vita
904 2171 912 2208 ι
927 2155 995 2212 Non
1004 2155 1079 2224 infe
1132 2147 1288 2222 mactabis,
1304 2150 1405 2206 statim
1418 2149 1458 2208 ab
1473 2150 1580 2224 ineptis
1601 2155 1629 2208 et
1651 2149 1788 2208 indoctis
1809 2147 1932 2208 nunno

251 2245 321 2302 tices
347 2260 397 2302 uos
423 2249 534 2316 putare
557 2241 667 2299 debetis
693 2241 773 2314 quod
799 2243 891 2299 talem
914 2245 1054 2300 amisistis
1068 2260 1079 2300 .·
1132 2241 1276 2294 vocetur:

189 2399 196 2410 ι
251 2334 329 2403 Quin
338 2334 438 2403 potius
450 2333 554 2404 felices
564 2331 661 2400 ualde,
677 2346 750 2404 quea
764 2332 855 2390 tatem
882 2331 991 2390 babere
1018 2347 1078 2392 me
1168 2327 1205 2384 Si
1216 2342 1317 2386 musas
1330 2328 1468 2398 celebres,
1496 2329 1631 2388 clamant
1643 2330 1800 2389 Uesaeuus
1814 2329 1929 2386 simus

252 2423 366 2479 rantis
393 2422 458 2493 ligo
481 2433 520 2480 ea
545 2421 610 2480 allo
634 2419 788 2480 museum
816 2419 916 2491 gradu
943 2437 1003 2480 non
1018 2427 1079 2480 tam
1170 2415 1248 2474 Obiit
1263 2415 1419 2476 sanctitate
1432 2421 1462 2474 et
1472 2415 1631 2491 mipscutis
1643 2415 1749 2478 ᾰιιιιιιι
1763 2417 1889 2476 liobertus
1897 2431 1929 2470 n-

246 2509 444 2582 pnucissimos
455 2511 556 2568 talbot
565 2509 687 2580 saturos
700 2509 910 2579 anianensi
921 2513 949 2566 et
963 2517 1078 2579 rapum.
1133 2516 1174 2562 no
1188 2504 1297 2569 Christi
1311 2505 1468 2566 millesimo
1480 2505 1634 2577 maerim
1648 2495 1762 2582 primo.
1789 2511 1820 2564 ln
1838 2507 1889 2578 ejus
1898 2503 1928 2559 lu·

252 2599 308 2666 Oui
322 2615 391 2656 cum
405 2595 523 2656 attoniti
534 2597 750 2672 “mineat
763 2611 775 2654 .·
789 2597 853 2656 Gur
862 2595 918 2654 boc
931 2598 1082 2666 cimal‘a·
1133 2607 1204 2649 aera
1218 2609 1237 2650 a
1252 2591 1381 2651 subditis
1395 2595 1595 2652 aeslamalnm
1604 2617 1612 2634 ·
1622 2595 1671 2653 est
1688 2611 1696 2652 t
1722 2597 1846 2654 lieberto
1866 2596 1928 2664 alpe

252 2689 486 2763 terirespondit
499 2703 510 2745 .·
524 2689 593 2744 Non
607 2687 745 2754 audura,
764 2702 849 2744 sacer
875 2687 979 2744 Canon
1004 2702 1078 2759 quo·
1134 2689 1223 2740 rante
1236 2689 1396 2756 eirenente
1410 2687 1509 2742 securi
1527 2687 1665 2754 ominus,
1695 2688 1837 2744 neminem
1859 2683 1928 2740 linai

251 2778 338 2836 modo
352 2778 457 2849 refert,
472 2777 525 2834 oric
544 2782 604 2834 tres
631 2777 668 2833 de
693 2778 819 2848 triptota
843 2776 963 2848 regibus
992 2776 1080 2832 bonos
1133 2788 1209 2830 mus.
1225 2774 1315 2830 Patri
1325 2775 1392 2842 Pio,
1406 2775 1497 2832 Patri
1507 2782 1638 2844 senatus,
1654 2777 1751 2833 Patri
1768 2777 1880 2833 omnim
1895 2772 1926 2827 bc

252 2869 421 2926 exstitisse?
441 2867 558 2924 Idcirco
578 2871 697 2938 cessate,
714 2881 822 2938 queso,
839 2867 920 2926 bunc
936 2867 1079 2936 juvenem
1134 2878 1253 2932 norum,
1266 2863 1347 2938 seba
1361 2865 1464 2924 mima
1490 2870 1519 2922 et
1546 2866 1639 2937 salus,
1664 2867 1747 2936 felin
1767 2866 1806 2922 ad
1828 2875 1926 2934 asperat

250 2958 324 3027 fiere
335 2963 496 3028 mortuum,
510 2955 562 3013 sed
577 2955 678 3026 potins
697 2953 955 3027 congratulamini
980 2955 1018 3024 ei,
1043 2955 1081 3010 sb
1096 2995 1116 3050 Γ
1134 2951 1377 3024 assentantem
1390 2965 1459 3011 cum
1474 2954 1594 3013 Christo
1607 2956 1686 3026 Rege
1711 2971 1809 3027 regum
1827 2969 1874 3024 per
1890 2965 1925 3006 se

253 3049 316 3105 cuti
327 3048 454 3122 requieti
463 3045 568 3102 datum
582 3049 610 3102 et
624 3060 644 3102 a
657 3045 745 3102 malis
761 3045 930 3102 iteratum.
1109 3032 1117 3053 ¹
1136 3041 1206 3097 cula
1216 3040 1408 3099 cohabitatio.
1424 3045 1484 3098 lloc
1506 3042 1607 3117 ipsum
1631 3041 1730 3116 elogio
1754 3047 1862 3100 exornat
1883 3035 1926 3092 ilci

288 3141 353 3196 Nan
367 3135 467 3194 minor
479 3135 597 3194 lioberti
610 3135 688 3208 ragis
700 3135 838 3194 docuina
851 3141 940 3209 atque
954 3133 1080 3192 eruditio
1134 3125 1251 3200 galdus.
1267 3125 1308 3186 ln
1321 3131 1525 3189 indesinenter
1538 3131 1668 3190 aibant
1681 3133 1883 3198 eccasnsncn,
1905 3131 1925 3182 et

252 3243 347 3303 quam
362 3225 458 3299 pietas
473 3224 537 3296 luit,
552 3225 590 3282 de
605 3242 667 3299 qna
681 3225 856 3282 trithemius
884 3225 915 3281 in
938 3225 1080 3296 catalogo
1134 3219 1192 3277 sibi
1204 3235 1319 3290 mmper
1330 3221 1470 3278 amabiles
1483 3223 1667 3279 monasticus
1682 3222 1788 3279 Ordo...
1810 3215 1925 3277 sonon-

253 3316 434 3388 scriptornm
459 3313 728 3372 ecclesiasticorum
756 3313 794 3386 (il
822 3313 992 3371 audiendus
1025 3318 1078 3371 est.
1134 3324 1211 3367 nans
1226 3309 1292 3382 qun
1307 3325 1374 3367 cam
1389 3325 1421 3367 eo
1434 3326 1494 3366 non
1509 3315 1552 3368 est
1577 3311 1743 3382 letificabis
1762 3308 1860 3382 couno
1879 3319 1925 3360 na·

253 3425 269 3454 ιι
287 3403 543 3475 Rupertusildem
558 3402 733 3460 Germanuie
757 3402 841 3476 quod
863 3401 1082 3460 Gallis-liuben-
1134 3401 1219 3471 gno?
1232 3399 1421 3473 Peretnouis
1447 3400 1632 3470 deminans,
1660 3403 1690 3459 tn
1714 3403 1773 3471 clm
1794 3399 1924 3466 mamili

253 3511 268 3543 ιι
288 3493 347 3564 tus)
359 3507 411 3548 rex
424 3490 553 3548 mancia
566 3489 686 3558 nobilis,
698 3487 792 3557 iuriis,
806 3489 916 3561 justus,
932 3489 1038 3546 doctus
1053 3495 1086 3550 et
1134 3503 1196 3544 non
1212 3487 1371 3562 abborruit
1387 3490 1493 3546 bam?
1511 3482 1925 3560 Vunusvsulpmmttcnnmi·

252 3593 269 3630 ιι
287 3568 548 3650 religiosus,'inter
559 3576 775 3633 ecdcslaetioos
796 3577 955 3651 scriptores
980 3577 1081 3635 locum
1135 3577 1224 3644 ciens,
1241 3579 1308 3649 qun
1321 3591 1382 3634 non
1401 3583 1444 3636 est
1457 3577 1566 3635 oblitus
1581 3571 1921 3638 nominenominee

165 3713 175 3730 ,
254 3685 270 3716 ιι
288 3664 395 3721 merito
408 3663 538 3737 recepit;
553 3663 666 3737 quippo
680 3664 732 3737 qui
745 3669 851 3721 cantus
875 3669 903 3720 ct
923 3679 1082 3739 responso
1135 3663 1201 3736 qun
1214 3667 1429 3724 monachorum
1443 3681 1503 3724 non
1519 3666 1625 3726 babuit
1637 3667 1764 3740 recum,
1784 3666 1870 3720 anon
1886 3659 1921 3714 til

252 3773 269 3806 ιι
287 3753 333 3810 ria
346 3752 609 3824 dnlcietregnlari
634 3752 841 3810 modulamine
867 3753 907 3810 ad
935 3753 1081 3811 honorem
1135 3761 1262 3822 mutus,
1276 3755 1413 3825 dilectus,
1429 3757 1654 3814 etveneratusi
1678 3757 1748 3829 stus
1768 3747 1924 3810 amdam

254 3865 270 3896 ιι
289 3843 426 3902 Ecclesia
441 3843 593 3902 catholicas
603 3844 782 3918 composuit.
798 3847 830 3902 ln
853 3843 956 3901 litteris
976 3843 1082 3902 huma·
1135 3843 1414 3918 admonitioneque
1429 3847 1607 3904 ctemcorum
1630 3862 1692 3903 aon
1710 3845 1766 3918 fati
1778 3843 1879 3899 onom
1889 3849 1924 3892 tt·

254 3956 269 3988 ιι
288 3929 401 4006 nitatis,
411 3933 578 4009 praesertim
592 3933 624 3991 in
638 3934 754 3991 musica
781 3933 974 3991 doctissimus
1002 3931 1057 3990 luit
1073 3953 1080 4004 ;
1135 3935 1281 3991 alimonia
1300 3937 1315 3992 t
1341 3937 1439 4007 Ipsius
1456 3937 1629 3994 amicabilia
1649 3935 1748 4004 verbu,
1770 3929 1861 4007 pilai
1880 3939 1924 3980 tlt

253 4045 269 4077 ιι
289 4029 380 4083 tantae
393 4029 494 4084 samm
508 4023 669 4096 religionis,
695 4027 727 4080 ut
752 4023 843 4080 horas
866 4023 1027 4080 canonicas
1050 4022 1082 4079 in
1133 4021 1261 4092 nicrum
1274 4024 1474 4082 medicamina
1488 4025 1747 4096 inspectantes,
1770 4019 1862 4095 ᾳιιίὸιιι
1880 4027 1923 4070 aba

253 4133 269 4165 ιι
289 4111 416 4172 ecelesia
427 4111 600 4170 decantaret
613 4127 683 4170 cnm
695 4111 821 4181 clericis,
840 4112 912 4169 ioris
943 4111 1026 4186 apud
1048 4127 1082 4168 se
1132 4111 1251 4183 moluit
1265 4114 1474 4184 insipientibus
1493 4121 1526 4172 ut
1550 4115 1666 4187 uirga?
1689 4113 1793 4171 Oculos
1817 4112 1869 4181 ειίιι
1886 4103 1924 4159 lt·

254 4221 270 4252 ιι
289 4201 399 4271 legeret
413 4217 483 4258 cum
498 4202 578 4270 suis;
593 4206 681 4258 lantso
699 4201 817 4274 pietatis
842 4205 871 4257 et
884 4201 1082 4258 miserationis
1134 4201 1220 4258 miles
1234 4204 1300 4275 quis
1313 4205 1470 4277 aspiciens,
1494 4219 1555 4262 non
1570 4209 1613 4263 est
1633 4203 1790 4262 ereditatem
1803 4193 1924 4258 camini

253 4307 271 4340 ιι
289 4289 401 4346 exstitit
410 4289 441 4346 in
456 4303 617 4363 pauperes,
632 4293 666 4344 ut
680 4289 742 4345 suis
754 4305 785 4346 se
801 4289 966 4367 aliquando
991 4291 1081 4347 vesti·
1134 4291 1258 4363 Pauper
1270 4299 1298 4351 et
1310 4295 1442 4352 esuriens
1455 4295 1595 4368 quianon
1617 4295 1748 4352 canuno
1771 4291 1806 4350 ab
1826 4292 1877 4360 aar
1892 4297 1924 4338 rt

253 4397 270 4429 ιι
290 4377 397 4435 mentis
411 4377 544 4452 spolians
555 4391 660 4436 eorum
673 4377 821 4435 nuditates
844 4379 945 4436 multis
967 4379 1082 4437 vicibus
1098 4353 1120 4408 Β
1135 4383 1221 4438 cessit
1243 4390 1368 4442 mensa?
1394 4385 1497 4442 Vidua
1521 4391 1548 4443 et
1570 4401 1719 4457 pauperes
1741 4383 1781 4442 ad
1796 4375 1924 4446 emmim

254 4485 272 4522 ι
290 4467 418 4542 openret
432 4485 439 4525 :
454 4467 492 4524 de
503 4469 569 4540 ejus
584 4467 724 4525 manibus
737 4467 812 4526 liber
828 4485 986 4543 nunquam
1001 4483 1081 4526 rece-
1136 4468 1219 4527 bona
1232 4471 1379 4530 Dorcudis
1394 4489 1454 4530 non
1470 4473 1509 4530 ab
1533 4489 1566 4531 eo
1593 4475 1681 4532 datas
1710 4469 1884 4531 ostenderunt
1895 4475 1925 4518 tt

255 4579 270 4611 ιι
291 4553 473 4632 damianae
490 4562 586 4633 utpro
601 4557 743 4616 tubunali
758 4557 1084 4630 sedensiuterJudicio-
1135 4565 1212 4618 stes?
1226 4561 1327 4620 &nnis
1337 4562 1513 4622 miserorum
1524 4565 1687 4622 multitudo
1696 4579 1758 4622 non
1770 4577 1831 4621 eum
1840 4561 1924 4632 rim

255 4669 270 4698 ιι
289 4660 359 4705 rum
372 4651 402 4706 et
414 4663 576 4706 causarum
591 4647 730 4722 strepitis
745 4647 777 4704 ln
796 4647 864 4704 sinu
879 4649 1015 4720 apertum
1030 4646 1083 4702 ha·
1135 4653 1333 4710 elnutritium
1350 4654 1550 4712 inclamauit?
1562 4654 1632 4712 Non
1646 4653 1707 4712 nia
1730 4655 1760 4712 et
1780 4643 1925 4715 sinilitl⁰⁸²

254 4759 269 4790 ι
288 4737 372 4796 beret
386 4737 569 4796 Psaltennm.
584 4737 708 4796 ilndeet
721 4741 791 4812 post
805 4739 933 4795 mortem
956 4736 1084 4794 miracu·
1135 4745 1273 4799 sanctum
1284 4743 1689 4816 Dauiddecnnctisrepibzu
1707 4730 1925 4803 terrainsmtb't

255 4849 271 4880 ιι
289 4827 512 4886 nsaocusoasse
525 4829 642 4900 legium.
667 4827 738 4902 liius
751 4831 796 4886 est
809 4827 860 4884 illa
886 4826 1010 4900 vulgata
1039 4843 1084 4885 ae·
1136 4831 1306 4902 uirtutibus,
1338 4833 1517 4904 bumilitate,
1545 4833 1765 4907 misericordia,
1785 4831 1888 4904 patna
1908 4819 1926 4874 ‘¹

255 4938 271 4969 ιι
289 4919 413 4992 quenda
439 4933 508 4992 qnae
532 4921 670 4975 cantatur
696 4915 804 4974 diebus
831 4917 1018 4974 lentemstes
1046 4919 1083 4975 de
1138 4923 1388 4995 ctoritate:quio
1401 4939 1518 4996 semper
1529 4922 1927 4994 mnostrumuo,nuonu

254 5029 271 5060 ιι
291 5014 396 5066 sancto
410 5007 542 5082 Spiritu:
565 5009 644 5078 Veni,
656 5013 759 5064 sancte
767 5007 897 5079 Spiritus
904 5020 1081 5080 ;responso
1138 5013 1222 5069 ceant
1236 5027 1254 5069 a
1269 5013 1421 5071 mandatis
1442 5018 1506 5088 ejus
1525 5013 1613 5072 corde
1637 5015 1782 5086 perfecto.
1807 5005 1924 5066 liutberllt

255 5119 271 5150 ιι
289 5098 368 5156 rium
382 5098 421 5155 de
440 5103 545 5155 sancto
559 5099 653 5166 Petro,
680 5095 838 5154 Comelius
861 5101 995 5156 centurio
1007 5113 1018 5172 ;
1046 5099 1084 5157 de
1138 5103 1326 5160 tarnatensis
1341 5103 1502 5178 episcopus
1516 5104 1641 5179 epistola
1669 5107 1704 5162 st
1735 5103 1880 5161 noberunt
1898 5101 1925 5144 lt

257 5209 269 5244 ι
290 5188 445 5248 liedvitate
458 5187 585 5258 bomini,
600 5187 706 5245 iudea
720 5195 749 5246 et
761 5189 930 5248 rensuum
942 5202 955 5264 ;
968 5193 997 5247 et
1010 5187 1085 5247 illud
1137 5207 1205 5265 gem
1217 5199 1354 5250 sanctum
1368 5193 1513 5266 Patrem·
1524 5191 1666 5251 eumdem
1681 5191 1848 5260 Willelmus,
1866 5173 1925 5252 lili

200 5337 207 5346 ‚
255 5299 272 5331 ιι
291 5277 589 5350 adeluiallripeme
602 5277 639 5338 de
652 5277 830 5350 mintriunt
843 5277 1083 5355 aliamultaquss
1136 5281 1224 5338 taulus
1251 5279 1325 5355 dux,
1351 5280 1383 5339 in
1411 5281 1515 5340 charta
1541 5295 1597 5356 pro
1623 5279 1762 5340 caenobio
1780 5267 1926 5348 Burnfflffl

256 5389 272 5420 ιι
290 5367 403 5426 nescio.
419 5367 653 5442 ltespousoriam
674 5369 833 5430 cornelius
854 5372 1000 5443 centurio,
1026 5369 1084 5428 llo-
1137 5369 1341 5442 nuncapium
1356 5369 1497 5448 appellat.
1719 5379 1727 5386 ·

288 5641 332 5716 tl)
348 5635 423 5700 ilde
436 5633 528 5697 mam
537 5635 674 5711 medem
687 5637 818 5697 males
830 5637 905 5699 ltlra
920 5649 971 5698 an.
983 5637 1047 5695 itt.
1170 5638 1210 5712 (t)
1230 5633 1301 5698 litat.
1318 5635 1403 5698 linis.
1419 5637 1523 5710 rans,
1535 5639 1557 5698 t.
1570 5635 1594 5712 i,
1609 5651 1641 5713 p.
1654 5639 1718 5698 bil.
