3998 6176
193 176 247 231 aar
725 157 1379 232 111111111111111111111111111111
1858 174 1914 234 aaa
1976 259 1980 267 ¹

195 299 381 364 numeratur,
397 310 458 352 non
473 295 593 370 proprie
609 297 764 370 gaudium,
777 297 830 354 sed
847 295 948 371 potius
960 301 1062 368 ges-l
1081 295 1190 355 tivavit.
1209 298 1266 356 Sed
1277 297 1513 372 comprehensus
1520 297 1660 370 peccator
1673 295 1784 354 carceri
1796 297 1914 354 manci-

197 393 244 446 tus
258 386 384 460 quidam
398 383 609 442 irrationabilis
624 391 668 444 est
683 386 896 460 accipiendns;
926 401 979 460 qur
998 390 1027 442 et
1081 385 1916 462 1111111111111111111111111111111111111111·

197 478 328 534 mentem
340 489 395 549 per
411 473 644 533 immoderatam
667 476 798 533 laetitiam
826 492 845 532 a
872 473 1026 545 gravitatis
1081 476 1195 534 cientioe
1209 476 1331 535 latebris
1341 476 1516 534 occultatur.
1533 479 1591 533 Nec
1604 479 1706 534 111111
1721 473 1832 534 suflicit
1846 493 1917 534 cru·

196 564 329 639 pondere
351 561 473 634 levigat,
499 567 527 620 et
549 565 629 621 hanc
645 566 784 622 eamdem
810 565 960 622 levitatem
974 577 1029 636 per
1082 565 1141 623 deli
1155 567 1328 625 adversario
1343 582 1399 624 suo
1413 565 1497 642 quod
1511 565 1663 640 captivum
1676 581 1768 623 suum
1784 565 1917 623 tenebris

196 654 284 724 signa
302 652 448 709 exteriora
466 652 662 711 demonstrat.
674 655 766 725 Unde,
782 654 854 728 quia
866 669 920 727 per
932 652 1029 709 111111-
1083 655 1282 714 carcelaribus
1295 655 1422 713 damnat
1437 674 1445 726 ;
1461 654 1586 730 insuper
1608 653 1698 712 ctiam
1720 654 1862 712 custodes
1875 653 1917 712 illi

196 742 341 799 tutionem
363 741 538 799 exteriorem
551 743 787 801 demonstratam
798 743 902 800 levitas
912 742 1029 798 interna
1083 743 1216 818 adhibet,
1235 761 1273 802 ne
1287 744 1405 803 evadat.
1433 747 1508 802 Nam
1519 747 1670 818 peccator,
1689 759 1780 818 quem
1800 743 1918 816 perad-

196 831 354 903 detegitur,
383 847 445 888 non
483 832 647 903 incongrue
674 833 742 906 ipsa
779 831 935 890 dissolutio
959 829 1030 888 huic
1083 831 1212 890 missum
1224 833 1341 892 facinus
1351 832 1490 891 diabolus
1506 831 1676 906 captivarit,
1690 847 1917 906 nonnunquam

197 925 306 996 quarto
330 920 520 994 quaternioni
543 937 599 995 pro
623 922 721 996 primo
746 921 838 979 milite
858 921 1028 994 deputatur.
1083 920 1199 994 deejus
1214 923 1352 996 captione
1378 937 1432 996 per
1459 921 1654 979 confessionis
1679 919 1817 978 foramen
1836 923 1918 978 exire

197 1012 273 1067 Cum
288 1009 368 1066 enim
382 1025 469 1066 mens
484 1015 663 1084 conceptam
687 1011 767 1068 intus
782 1009 915 1068 laetitiam
931 1006 1030 1080 gravi·
1084 1009 1216 1085 disponit
1228 1030 1235 1082 ;
1248 1012 1300 1070 sed
1313 1011 1452 1069 custodes
1467 1009 1594 1069 adhibiti
1608 1009 1759 1068 volentem
1774 1009 1855 1068 exire
1870 1026 1918 1067 re·

199 1101 266 1158 tatis
278 1098 362 1156 freno
383 1099 508 1156 retinere
536 1116 597 1156 non
618 1104 712 1169 curat,
734 1099 833 1174 qualis
850 1097 933 1172 apud
946 1097 1031 1155 seiu-
1084 1099 1748 1175 1111111111(1111111111111111111111111111
1760 1099 1917 1173 supponit,

199 1189 344 1246 trinsecus
372 1186 464 1244 lateat
491 1189 591 1246 motus
611 1188 738 1246 exterior
763 1187 943 1259 manifestat,
970 1201 1033 1260 qua
1083 1188 1215 1247 illumne
1230 1190 1325 1264 possit
1339 1191 1419 1248 exire
1432 1188 1797 1260 retardamsuvaltaque
1811 1189 1921 1248 111111·

200 1276 311 1334 scilicet
323 1275 563 1334 manifestatione
588 1292 650 1334 non
670 1276 831 1334 minimum
857 1275 1031 1350 illidispen-
1083 1281 1111 1334 te
1121 1277 1476 1352 historias,quaterniones
1486 1279 1597 1353 quibus
1609 1280 1710 1336 Petrus
1720 1275 1841 1334 clausus
1856 1293 1921 1335 car·

199 1367 284 1424 dium
297 1367 466 1436 irrogatur;
483 1366 565 1440 quia,
580 1384 650 1424 cum
676 1372 776 1423 motus
796 1366 973 1426 exteriorah
986 1366 1032 1422 in-
1085 1383 1151 1424 cere
1163 1367 1339 1441 custoditur,
1355 1369 1422 1443 ipsa
1436 1372 1506 1425 sunt
1528 1366 1739 1426 difficultatum
1749 1366 1919 1438 obstacula,

199 1461 291 1515 ternae
307 1455 520 1529 superfluitatis
534 1456 667 1513 fontibus
688 1456 808 1514 hauriat
834 1454 983 1530 quidquid
1001 1455 1033 1512 in
1085 1455 1206 1530 quibus,
1222 1461 1346 1531 peccata
1358 1457 1492 1514 confiteri
1504 1455 1684 1525 deliberans,
1697 1472 1715 1514 1
1730 1455 1919 1514 confessione

200 1545 330 1603 externis
345 1544 499 1602 obtutibus
527 1545 599 1602 loris
614 1548 746 1616 maneat,
772 1549 856 1602 tanto
869 1545 934 1617 jam
948 1557 1033 1600 mens
1085 1543 1361 1618 prepeditur.Quos
1373 1545 1516 1602 nimirum
1529 1543 1743 1618 quaterniones
1753 1549 1786 1600 ut
1795 1545 1918 1602 eviden-

199 1636 287 1692 vilior
299 1635 339 1692 ab
354 1635 495 1691 omnibns
506 1635 678 1700 aestimatur,
694 1639 808 1708 quanto
829 1634 947 1691 interno
969 1634 1033 1706 eius
1051 1656 1072 1712 B
1086 1633 1144 1690 tius
1158 1633 1489 1705 ostendamus,necessc
1503 1637 1550 1690 est
1561 1649 1613 1690 eos
1625 1632 1806 1691 nominatim
1819 1633 1918 1707 expri-
1977 1629 1981 1636 '

201 1724 417 1798 gazophylacio
446 1724 575 1797 pretium
603 1725 756 1797 gravitatis
783 1739 846 1781 non
865 1723 962 1780 inesse
981 1723 1034 1779 de·
1086 1723 1258 1790 mere,cteis
1267 1721 1400 1794 singulos
1411 1736 1482 1779 suos
1491 1721 1833 1794 militesassignarc.Sed
1841 1727 1875 1779 ut
1883 1721 1920 1780 dc

200 1813 406 1888 prehenditur.
425 1815 579 1871 Secundus
594 1814 625 1870 in
641 1815 698 1871 hac
710 1819 844 1870 extrema
859 1813 923 1870 acia
933 1812 1033 1885 miles,
1086 1811 1162 1877 aliis,
1179 1811 1254 1868 sicut
1268 1810 1343 1868 ordo
1354 1810 1657 1884 processitndlmus,
1668 1827 1750 1868 nunc
1759 1815 1854 1869 restat
1863 1811 1922 1885 pri·

200 1904 345 1977 iactantia
359 1903 534 1960 nominatur
554 1922 560 1970 ς
577 1904 650 1977 quia
663 1903 792 1961 nimium
812 1919 882 1960 oum
896 1902 1035 1959 membra
1086 1918 1155 1959 mus
1165 1916 1227 1975 quo
1235 1903 1392 1958 censeatur
1408 1900 1532 1958 nomine
1545 1905 1573 1958 et
1586 1916 1649 1975 quo
1664 1901 1789 1974 stipetm
1800 1901 1921 1972 agmina

202 1997 366 2068 permotus
378 1993 547 2050 inconditos
563 1993 777 2061 dissolvuntur,
789 1993 893 2065 lingua
901 2007 1032 2066 quoque.

203 2082 299 2156 ruptis
314 2082 440 2139 habenis
464 2082 582 2154 silentii,
600 2097 654 2155 per
669 2082 762 2139 verba
774 2081 925 2155 iactantia
938 2081 1036 2138 diffre-

202 2175 302 2228 natur.
313 2173 367 2227 Pro
383 2171 466 2228 tertio
483 2170 581 2226 adhuc
598 2170 688 2226 milite
703 2169 895 2226 mendacium
911 2185 1035 2246 compu-

203 2265 292 2331 tatur,
303 2259 375 2334 quia
389 2259 440 2332 qui
456 2259 551 2316 multa
561 2259 599 2316 dc
615 2275 646 2315 se
658 2260 806 2331 jactanter
817 2259 959 2332 loquitur,
971 2258 1035 2315 fieri

203 2366 266 2407 non
279 2352 377 2423 potest
389 2353 422 2404 ut
436 2364 498 2404 non
513 2348 603 2405 etiam
618 2348 759 2422 quadam
785 2349 942 2406 interserat
955 2348 1036 2404 unde

203 2437 374 2494 mentiatur.
387 2436 538 2493 Mendacio
554 2441 655 2493 autem
681 2435 824 2509 superbia
843 2436 1035 2507 subrogatur,

203 2543 273 2599 quae
288 2525 467 2600 supradictis
489 2524 631 2580 omnibus
647 2525 804 2582 materiam
820 2524 1035 2594 subministret,

204 2621 233 2673 et
243 2616 346 2673 ultima
357 2619 523 2688 superatur.
537 2618 622 2682 Nam,
646 2614 722 2671 sicut
736 2615 881 2688 scriptum
895 2619 941 2671 est
957 2632 964 2670 :
978 2617 1037 2672 Ru·

1087 1990 1301 2049 videamus.Sit
1310 1990 1411 2064 itaque
1421 1989 1578 2065 quaternio
1588 1989 1844 2065 primus,atfcctus
1853 2006 1921 2066 pec·

1088 2081 1178 2138 candi
1191 2099 1197 2136 :
1209 2085 1238 2138 et
1251 2080 1363 2138 habeat
1374 2081 1432 2137 suh
1446 2097 1478 2137 se
1498 2079 1606 2138 milites
1619 2096 1701 2152 suos,
1717 2095 1849 2154 quorum
1858 2080 1922 2154 pri-

1088 2187 1157 2228 mus
1164 2175 1288 2227 vocetur
1299 2169 1467 2227 recordatio
1474 2169 1631 2244 praeteritae
1640 2167 1923 2243 voluptatis,sccun·

1088 2260 1146 2318 dus
1161 2259 1313 2318 excusatio
1323 2258 1500 2329 fragilitates,
1510 2258 1612 2317 terh'us
1620 2258 1746 2317 imitatio
1753 2257 1920 2333 pravitatis,

1088 2347 1404 2423 quartusratiocinalio
1415 2347 1806 2406 conditionisltcctoautem
1817 2347 1922 2405 ordine

1088 2439 1119 2496 in
1132 2438 1366 2512 quaternionum
1381 2453 1508 2494 numero
1522 2437 1639 2511 primus
1649 2435 1787 2494 omnium
1796 2435 1922 2494 affectus

1089 2526 1235 2604 peccandi
1249 2526 1364 2585 locatur
1381 2525 1475 2602 ;quia
1487 2525 1631 2582 nimirum
1649 2524 1742 2598 isqui
1759 2525 1791 2582 in
1805 2539 1923 2582 carcerc

1089 2623 1132 2674 est
1146 2616 1271 2674 luxuriae
1285 2621 1430 2686 retrusus,
1445 2615 1530 2673 citius
1550 2615 1658 2672 exinde
1678 2613 1821 2688 progredi
1845 2613 1923 2671 iesti-

204 2706 402 2763 1111111111
425 2706 575 2762 malorum
603 2704 762 2775 cupiditas.
780 2703 821 2760 ita
840 2705 931 2761 etiam
946 2703 1038 2777 scrip
1089 2709 1184 2774 naret,
1208 2703 1266 2761 nisi
1291 2720 1361 2761 eum
1383 2719 1508 2779 peccare
1534 2703 1643 2760 iterum
1662 2701 1824 2761 delectaret
1837 2720 1844 2773 ;
1858 2701 1922 2774 sed,

204 2799 268 2852 tum
279 2795 404 2864 legitur:
421 2796 547 2851 Initium
561 2796 657 2850 omnis
664 2796 783 2864 peccati
796 2794 947 2865 superbio.
965 2796 1036 2860 Qua
1090 2795 1163 2869 quia
1174 2793 1273 2851 adhuc
1282 2809 1406 2868 peccare
1421 2792 1550 2862 affectat,
1562 2808 1624 2850 non
1634 2795 1743 2867 potest,
1752 2791 1925 2850 confitendo

204 2891 339 2956 utraeque
359 2883 511 2940 sententiae
525 2882 611 2939 valde
624 2882 663 2939 ah
678 2883 807 2941 invicem
821 2882 1035 2956 discreparent,
1091 2887 1259 2958 peccatum,
1272 2882 1452 2956 impugnare
1471 2881 1555 2956 quod
1567 2885 1660 2939 amat.
1675 2879 1737 2940 Sub
1750 2881 1808 2938 hoc
1821 2883 1925 2937 aulem

204 2973 263 3029 nisi
275 2971 477 3045 aliquomodo
489 2987 583 3027 unum
596 2975 715 3040 essent;
732 2971 795 3037 sed,
804 2971 876 3044 quia
887 2987 948 3028 una
961 2987 1038 3028 sem·
1057 3013 1078 3070 C
1092 2974 1191 3048 primo
1205 2972 1413 3048 quaternione,
1433 2972 1550 3047 primus
1564 2971 1651 3028 miles
1664 2975 1718 3040 est,
1733 2974 1766 3028 ut
1778 2967 1925 3038 diximus,

204 3079 258 3138 per
272 3061 363 3118 111111
375 3061 472 3133 gradu
485 3061 641 3118 individuo
666 3063 835 3130 comitatur,
855 3068 933 3120 recte
948 3067 1038 3121 etro·
1092 3062 1261 3120 recordatio
1281 3061 1436 3136 praeteritae
1449 3059 1630 3134 voluptatis;
1645 3075 1712 3134 quaa
1734 3057 1927 3132 quaternioni

206 3154 261 3210 1111
275 3152 407 3209 omnium
421 3152 570 3209 motorum
586 3153 747 3224 cupiditas,
761 3157 789 3209 et
798 3153 917 3210 initium
942 3153 1038 3210 omnis

203 3243 324 3315 peccati
335 3241 476 3312 superbia
495 3241 699 3314 perhibentur.
728 3241 803 3308 Quia
827 3241 885 3299 nisi
909 3242 1039 3316 cupidus

205 3344 259 3402 per
274 3329 447 3402 superbiam
470 3330 688 3398 intumesceret,
716 3344 912 3403 nequaquam
922 3328 1039 3385 divitia-

205 3433 274 3474 rum
289 3418 376 3490 copia
386 3433 536 3474 excaecare
550 3421 672 3474 caeteros
689 3416 841 3474 festinaret
856 3436 863 3485 ;
878 3421 908 3473 et
919 3415 978 3472 nisi
994 3433 1041 3472 su·

205 3504 318 3577 perhus
332 3503 502 3577 cupiditatis
523 3503 649 3560 stimulis
663 3506 827 3574 urgeretur,
859 3518 921 3560 non
936 3503 1040 3578 utique

207 3591 247 3648 ad
259 3591 377 3662 apicem
388 3591 550 3661 singularis
579 3591 719 3664 potentiae
747 3595 830 3649 tanto
846 3608 935 3665 opere
956 3608 1041 3666 rape·

206 3684 299 3736 111111.

242 3770 298 3824 vll.
314 3768 371 3825 Sed
383 3766 454 3841 quia
468 3769 535 3837 hoc,
561 3769 645 3843 quod
664 3769 826 3844 apostolus
843 3771 1040 3845 comprehcn-

207 3873 259 3914 sus
271 3860 301 3913 et
313 3856 562 3931 quaternionibus
586 3856 713 3914 nuditus
729 3856 846 3931 dicitur,
873 3875 933 3916 uno
948 3860 1041 3918 modo

206 3945 413 4017 tractavimus,
432 3945 506 4003 libet
516 3947 573 4004 hoc
584 3946 684 4020 ipsum
701 3947 759 4004 suh
775 3946 834 4005 alia
849 3948 1040 4020 significatio-

205 4052 245 4093 ne
255 4050 414 4111 exponere,
437 4040 467 4092 et
480 4035 674 4108 ejus‘judicio
695 4036 748 4109 qni
762 4036 826 4093 brac
855 4037 1041 4095 [1111111111-

207 4141 277 4196 gere
292 4125 474 4196 dignabitur,
490 4129 650 4200 utramque
664 4127 880 4201 expositionem
891 4127 1041 4202 relinque·

1092 3169 1148 3210 suo
1158 3153 1270 3210 loedere
1289 3151 1458 3225 copulatur,
1468 3154 1503 3208 ut
1518 3155 1546 3207 11
1560 3166 1632 3207 oum
1651 3149 1702 3206 illo
1712 3147 1926 3222 adpeccatoris

1093 3239 1263 3298 custodiam
1278 3237 1551 3312 excubel,eteidem
1563 3237 1671 3296 iterum
1679 3236 1827 3313 peccandi
1833 3241 1926 3295 mate·

1092 3330 1169 3387 riam
1189 3327 1404 3385 subministret.
1420 3329 1489 3396 Quae
1505 3326 1650 3384 nimirum
1662 3325 1828 3384 recordatio
1843 3328 1926 3382 tanto

1092 3421 1282 3494 peccatorem
1293 3415 1448 3474 utiterum
1459 3420 1563 3490 peccet
1574 3413 1732 3473 violentius
1740 3415 1927 3488 1131111111-

1093 3512 1124 3564 to
1136 3507 1176 3563 illi
1189 3506 1362 3582 expressius
1376 3509 1571 3580 representat
1582 3505 1750 3579 voluptates
1764 3517 1926 3576 suas,quas

1094 3599 1234 3668 expertus
1249 3599 1294 3653 est
1307 3595 1380 3652 dum
1405 3593 1551 3667 peccavit.
1567 3593 1625 3651 Sed
1640 3593 1734 3667 siper
1747 3589 1928 3649 recordatio·

1093 3700 1165 3742 nem
1179 3684 1334 3758 praeteritae
1345 3682 1507 3757 voluptatis
1516 3688 1657 3757 peccator
1675 3682 1715 3739 ad
1729 3680 1926 3756 repetendum

1093 3778 1253 3847 peccatum
1269 3778 1401 3846 urgetur,
1415 3787 1466 3828 cur
1481 3786 1544 3829 non
1554 3771 1621 3846 ipsa
1634 3771 1666 3828 in
1677 3770 1736 3828 hoc
1749 3770 1870 3842 agmine
1883 3767 1927 3827 ai-

1094 3863 1183 3921 iectui
1192 3862 1339 3938 peccandi
1352 3860 1560 3937 preponitur?
1571 3859 1601 3918 si
1612 3859 1694 3917 enim
1708 3860 1766 3917 ista
1779 3857 1822 3916 illi
1835 3863 1929 3916 mate·

1094 3954 1171 4010 riam
1189 3951 1345 4023 existendi,
1370 3951 1447 4008 sicut
1466 3949 1679 4024 praemisimus,
1708 3948 1927 4018 subministrat,

1094 4043 1163 4116 plus
1174 4042 1276 4117 utique
1287 4040 1403 4098 videtur
1415 4054 1586 4114 essequam
1601 4038 1674 4113 ipsc.
1699 4037 1758 4097 Sed
1771 4038 1928 4096 11111111

1094 4132 1183 4189 nobis
1202 4136 1249 4188 cst
1258 4131 1328 4205 plus
1343 4143 1407 4187 esse
1417 4127 1542 4203 aliquid,
1557 4127 1703 4202 peccandi
1717 4127 1828 4185 habere
1840 4127 1929 4186 attec-

208 4229 250 4270 11.
267 4216 341 4270 Nam
356 4213 483 4286 quijam
503 4231 557 4287 per
580 4215 714 4272 divinam
729 4216 857 4286 gratiam
883 4218 1042 4276 illuminati
1095 4225 1170 4289 tum,
1184 4235 1278 4293 quam
1287 4217 1527 4292 peccatihabere
1541 4215 1793 4274 recordationem.
1806 4216 1857 4273 tlle
1872 4221 1930 4273 cte

209 4318 325 4368 sumus,
338 4318 400 4359 non
414 4303 503 4359 nobis
519 4303 620 4377 utique
629 4305 694 4376 jam
705 4307 841 4377 congruit
856 4307 938 4380 quod
956 4309 1042 4364 Dicit
1096 4309 1159 4366 nim
1172 4307 1214 4364 sic
1228 4311 1275 4364 est
1285 4306 1392 4363 vitium
1407 4310 1441 4363 ut
1453 4305 1547 4362 111111
1561 4321 1626 4362 esse
1641 4305 1766 4362 omnino
1781 4320 1843 4364 non
1857 4321 1930 4378 pos·

208 4391 351 4461 insipiens
363 4392 394 4447 in
408 4393 563 4449 cordetuo
577 4407 590 4449 .·
603 4393 671 4449 Non
687 4398 730 4449 est
740 4396 828 4451 Deus.
857 4397 891 4451 Et
900 4396 972 4468 quia
987 4412 1041 4452 sas·
1096 4397 1143 4466 sit,
1155 4397 1220 4452 haec
1246 4397 1347 4452 autem
1364 4393 1405 4451 sic
1420 4410 1502 4452 nunc
1516 4395 1593 4452 inter
1605 4393 1677 4452 vitia
1690 4397 1878 4465 numeratur,
1898 4398 1931 4451 ul

209 4479 311 4536 culum
324 4495 414 4536 omne
429 4481 749 4554 contempsimus,jam
761 4481 898 4540 fortassis
913 4500 1041 4542 nonnos
1096 4499 1319 4558 nonnunquam
1334 4483 1424 4540 etiam
1438 4484 1469 4541 in
1489 4483 1634 4541 virtutum
1652 4497 1780 4541 numero
1800 4499 1929 4558 compu-

208 4567 356 4643 cupiditas
368 4569 500 4626 habendi
519 4569 697 4638 inflammat,
715 4587 777 4628 non
794 4576 890 4629 metus
902 4575 1041 4631 amitten·
1096 4579 1174 4632 tetur
1185 4591 1192 4644 ;
1209 4589 1281 4630 nam
1294 4589 1362 4647 quaa
1376 4575 1565 4646 peccatorem
1573 4587 1698 4648 peccare
1710 4573 1861 4630 volentem
1874 4571 1929 4629 ad·

208 4656 239 4714 di
252 4657 398 4725 sollicitat,
419 4673 479 4714 non
495 4658 582 4715 dolor
609 4659 712 4716 amissi
738 4660 859 4724 addicit,
875 4677 937 4719 non
966 4679 1041 4734 gau·
1097 4667 1200 4720 monet
1213 4667 1247 4719 ut
1259 4663 1368 4720 iterum
1382 4667 1494 4737 peccet,
1509 4661 1772 4738 ipsapeccatorem
1783 4677 1930 4737 peccasse

207 4744 293 4803 dium
307 4745 602 4820 recuperatiextollit.
620 4747 694 4804 Sunt
707 4751 809 4805 autem
820 4747 879 4805 alia
891 4749 1041 4824 vitiaque
1097 4750 1249 4808 dolentem
1262 4749 1407 4809 admonet
1428 4755 1461 4807 ut
1482 4749 1614 4824 amplius
1639 4751 1745 4826 ploret.
1773 4750 1824 4808 Vel
1850 4754 1931 4808 certe

207 4850 264 4891 nos
278 4835 370 4893 etiam
382 4833 529 4905 fugientes
539 4832 576 4890 de
592 4833 701 4891 saeculo
715 4843 950 4911 prosequuntur,
960 4854 1042 4913 qnae·
1095 4839 1166 4896 ideo
1179 4838 1298 4896 affectui
1312 4838 1458 4913 peccandi
1471 4839 1662 4913 postponitur
1673 4837 1841 4897 recordatio
1854 4854 1931 4914 praa-
1957 4838 1959 4846 ’

208 4940 268 4997 que
282 4925 371 4982 nobis
385 4928 469 4983 tanto
483 4924 684 4997 importunius
698 4925 847 4996 insistunt,
874 4933 991 5001 quanto
1010 4928 1041 4985 in
1098 4929 1189 4986 teritoe
1210 4928 1476 5002 voluptatisque
1503 4927 1655 4986 recordari
1680 4943 1786 4986 eorum
1809 4929 1932 5004 proprie

208 5012 383 5086 nobisipsis
402 5012 560 5070 materiam
579 5011 811 5085 importunitatis
823 5015 987 5074 inveniunt.
1000 5020 1043 5074 Ex
1095 5017 1226 5075 dicimur
1240 5018 1440 5092 quapridem
1454 5016 1556 5091 aliquo
1570 5017 1662 5074 modo
1675 5017 1788 5092 experti
1799 5033 1906 5074 sumus
1923 5035 1931 5074 2

208 5099 255 5155 his
266 5099 369 5173 itaque
380 5116 473 5157 unum
489 5117 694 5170 assumamus,
717 5107 755 5170 et,
781 5105 950 5162 secundum
976 5107 1041 5178 ejus
1096 5105 1238 5164 affectare
1248 5111 1349 5164 autem
1364 5121 1400 5163 ea
1414 5105 1504 5163 etiam
1516 5121 1679 5180 possumus
1691 5105 1729 5164 de
1743 5105 1933 5181 quibusuul-

210 5186 471 5261 aigniticationem,
484 5190 521 5246 de
549 5190 613 5247 istis
640 5191 890 5264 quaternionibus
911 5199 1042 5270 pertrac-
1095 5195 1160 5251 lum
1176 5195 1277 5252 adhuc
1292 5195 1531 5269 experimentum
1560 5199 1706 5254 tenemus.
1721 5195 1807 5253 Unde
1831 5211 1934 5253 recor·

210 5277 316 5332 umus.
1095 5279 1180 5342 datio
1199 5301 1306 5342 corum
1320 5285 1409 5344 nohis
1422 5301 1505 5343 nunc
1518 5289 1712 5360 peccatorum
1720 5285 1935 5344 delectationes

245 5367 396 5421 Ponamus
407 5363 508 5439 itaque
538 5367 669 5442 aliquem
686 5371 739 5444 qui
757 5369 821 5447 'per
836 5373 1041 5433 delectationis
1094 5379 1371 5450 repraesentatque
1386 5375 1521 5446 lecimus,
1534 5373 1659 5434 11111111
1673 5380 1774 5434 autem
1784 5375 1935 5450 peccandi

209 5467 271 5510 auae
286 5451 485 5511 mollitiemin
499 5471 620 5513 coeuum
646 5457 772 5518 luxuriae
787 5462 943 5520 ceciderit:
959 5463 1040 5521 hunc
1095 5463 1137 5522 ad
1148 5462 1200 5520 illa
1225 5463 1315 5522 etiam
1343 5481 1399 5522 nos
1410 5465 1556 5540 pertrahit
1575 5482 1643 5540 quas
1666 5481 1721 5540 per
1744 5481 1937 5524 1111111111-

209 5543 274 5600 sine
288 5541 382 5601 dubio
395 5543 534 5601 diabolus
563 5548 771 5623 apprehendit,
796 5551 868 5625 quia
900 5567 980 5622 eum,
1006 5553 1041 5610 li·
1095 5552 1249 5628 perientiae
1274 5553 1460 5625 ignoramus.
1488 5555 1545 5623 oui
1568 5570 1639 5628 argo
1666 5555 1736 5630 plus
1757 5554 1858 5613 valere
1884 5571 1936 5612 co·

206 5631 321 5692 berteto
335 5633 478 5694 castitatis
493 5631 605 5704 ablata,
618 5634 650 5692 in
665 5639 804 5698 servitute
815 5640 947 5698 libidinis
969 5657 1039 5717 cap
1096 5640 1261 5716 1111111111,
1287 5641 1414 5714 dignum
1436 5643 1491 5703 tuit
1505 5647 1537 5702 ut
1548 5643 1665 5718 primus
1690 5643 1722 5702 in
1735 5644 1794 5703 hoc
1808 5644 1935 5718 agmine
