4002 6174
108 185 160 239 tu
525 149 527 154 ’
708 173 857 236 meme
874 171 921 229 na
938 167 1068 228 1euor0
1088 139 1213 230 muru.
1759 179 1813 236 aa

110 309 137 363 3.
151 307 191 362 De
203 301 412 372 consonantia,
428 317 481 360 seu
494 301 596 359 minus
606 299 816 360 convenientia
826 311 936 356 vocum
951 298 976 351 Α
989 293 1078 351 mulis
1092 293 1240 354 similibus
1262 295 1428 368 elevantur,
1457 313 1493 358 ac
1518 314 1581 358 una
1605 299 1814 375 deponuntur:

144 393 329 452 earumdem,
989 383 1069 440 unde
1081 388 1111 442 et
1122 389 1249 462 utraque
1261 391 1348 461 proto
1363 387 1586 448 adscribuntur.
1597 390 1691 448 Tertia
1703 393 1816 448 verost

106 486 134 540 4,
150 483 190 539 120
205 479 401 539 affinitatibus
414 479 601 539 diversarum
615 495 737 538 vocum,
753 482 795 537 ne
813 475 936 552 proprio
990 473 1118 546 septima
1126 477 1226 534 ternas
1240 477 1422 537 elevationes
1436 494 1472 537 ac
1500 478 1590 538 binas
1615 479 1815 554 depositiones

143 569 191 628 vel
203 569 350 638 adiectivo
365 568 512 626 accidenti
526 568 698 643 unicuique.
989 561 1112 633 habent,
1128 565 1297 642 similesque
1311 569 1426 626 deuteri
1440 569 1525 628 modi
1534 573 1662 628 exstant.
1677 571 1752 628 Nam
1772 585 1816 627 er

105 657 321 716 Demodorum
333 663 463 731 quatuor
476 657 645 730 generibus,
658 671 824 731 eorumque
843 652 935 729 parti-
990 658 1145 726 goquarta
1159 672 1228 713 cum
1251 662 1359 717 octava
1382 659 1483 716 minus
1507 659 1538 716 in
1562 676 1624 718 una
1652 658 1817 716 elevatione
1858 651 1864 658 ’

143 748 307 805 tionecnm
319 746 526 804 differentibus
540 745 791 804 distinctionibus.
991 743 1181 802 conveniunt.
1197 747 1437 824 Notandumque,
1462 749 1535 824 quia
1557 748 1648 808 unius
1676 749 1724 806 has
1752 763 1817 806 esse

105 840 148 895 [ιε
160 836 297 895 termulis
311 835 556 907 differentiarum,
572 840 601 893 et
622 851 726 894 earum
748 831 937 910 proprietati·
990 830 1128 890 dicantur
1141 835 1234 906 modi,
1245 853 1313 911 quar
1329 838 1491 898 elevatione
1505 840 1604 912 magis
1620 839 1815 898 conveniunt.

141 926 210 984 bus,
991 921 1063 987 Qum
1077 925 1215 997 quamvis
1229 927 1318 984 unius
1332 929 1545 989 essedioantur
1558 929 1652 1001 modi,
1668 930 1815 988 habentes

143 1018 163 1071 l.
179 1016 242 1072 Vox
254 1017 299 1071 est
310 1028 362 1071 aer
374 1011 451 1070 ictus
475 1012 579 1070 auditu
604 1012 761 1081 sensibilis,
787 1015 936 1085 quantum
992 1009 1105 1068 similes
1133 1013 1314 1072 elevationes
1337 1021 1366 1074 et
1389 1017 1602 1092 depositiones,
1642 1017 1815 1076 nullatenus

103 1102 214 1177 inipso
228 1105 282 1160 est.
304 1101 408 1161 Omnis
433 1106 534 1159 autem
552 1118 613 1160 vox
635 1105 688 1159 aut
711 1105 757 1159 est
782 1100 934 1167 continua,
989 1104 1091 1160 tamen
1104 1101 1207 1177 aliqua
1221 1119 1258 1160 ex
1272 1104 1401 1164 hiscum
1417 1106 1519 1182 aliqua
1545 1108 1602 1166 sibi
1628 1107 1814 1182 depositione

103 1197 160 1251 aut
172 1191 278 1250 divisa.
295 1191 443 1250 Continuo
457 1195 511 1260 est,
525 1190 578 1247 ubi
592 1190 634 1248 sic
649 1207 682 1247 se
714 1205 824 1248 vocum
839 1186 935 1262 sequi·
989 1191 1184 1248 concordanti
1197 1193 1364 1252 elevatione
1378 1196 1550 1268 concordat,
1561 1201 1614 1255 aut
1627 1193 1815 1254 convenienti

103 1287 154 1340 tur
168 1277 300 1354 ordo,ut
323 1281 414 1338 unius
436 1279 516 1351 finis,
545 1279 727 1353 alteriusque
754 1277 934 1353 principium
988 1279 1020 1337 in
1033 1280 1195 1340 elevatione
1205 1283 1385 1358 depositioni
1395 1287 1566 1344 concordet.

102 1369 235 1428 discerni
246 1369 331 1428 lacils
344 1385 406 1426 non
418 1368 513 1444 possit
528 1367 624 1438 ;sieut
636 1367 670 1425 fit
683 1383 754 1425 cum
764 1367 796 1424 in
823 1365 934 1422 ooelesti
1024 1370 1068 1426 lv.
1086 1373 1279 1446 Unaquaeque
1294 1388 1363 1431 vero
1376 1391 1488 1432 vocum
1502 1375 1593 1433 habet
1607 1374 1720 1449 aliquid
1746 1390 1816 1448 pro·

103 1476 178 1518 arcu
197 1460 333 1518 colorum
352 1457 545 1516 habitudines
573 1461 753 1532 spectamus.
781 1455 827 1514 Sic
853 1455 934 1512 enim
988 1458 1100 1533 prium,
1115 1460 1190 1518 dum
1205 1478 1311 1519 earum
1324 1463 1528 1522 aitinitasnon
1540 1481 1577 1522 ex
1589 1468 1650 1524 toto
1678 1464 1816 1522 acumine

102 1549 218 1607 rubens
228 1549 367 1619 cernitur,
380 1553 414 1605 ut
440 1551 542 1604 amen
568 1548 634 1620 ejus
655 1546 771 1603 initium
798 1544 845 1603 vel
865 1544 934 1600 linis
987 1547 1035 1604 vel
1045 1549 1188 1618 gravitate
1203 1551 1398 1624 concordant,
1414 1558 1442 1610 et
1456 1553 1559 1629 aliqua
1568 1569 1689 1628 semper
1714 1551 1816 1610 simili·

102 1640 320 1715 comprehendi
335 1655 396 1697 non
405 1638 513 1696 valeat.
530 1639 575 1698 Sic
590 1643 636 1696 est
647 1637 678 1694 in
689 1635 821 1710 reliquis.
834 1635 935 1694 Divisa
952 1649 972 1703 Β
988 1637 1091 1695 tudine
1106 1655 1176 1695 cum
1188 1641 1337 1699 extraneis
1363 1643 1577 1714 admiscentur,
1603 1643 1636 1701 id
1665 1646 1718 1712 est,
1747 1658 1816 1698 cum

101 1745 186 1798 vero,
202 1745 270 1803 quae
284 1727 458 1799 singillatim
473 1727 630 1801 profertur.
643 1725 728 1785 Nulla
739 1739 876 1782 verovox
888 1723 933 1794 fit,
962 1735 968 1744 ·
988 1727 1042 1796 eis,
1062 1728 1245 1803 quialterius
1258 1732 1342 1790 modi
1357 1738 1436 1802 sunt,
1453 1737 1555 1808 utpote
1581 1735 1614 1790 D.
1635 1738 1664 1790 ει
1691 1738 1725 1790 Α.
1747 1747 1816 1806 quea

101 1817 274 1875 utsimotus
287 1817 447 1892 pracedat.
470 1816 657 1874 Procedente
672 1819 773 1872 autem
787 1819 881 1882 motu,
909 1811 933 1868 si
988 1817 1189 1893 affinessunt‚
1205 1823 1303 1892 idest,
1325 1823 1415 1880 unius
1442 1823 1525 1882 modi
1547 1839 1610 1882 non
1639 1827 1709 1880 sunt
1728 1827 1816 1899 proto

101 1906 303 1978 fueritvelcx,
316 1905 471 1979 spissiores
486 1911 514 1963 et
534 1907 681 1964 acutiores
707 1903 806 1962 reddit
831 1918 932 1974 voces,
987 1912 1051 1966 tum
1073 1911 1194 1983 similes,
1209 1912 1261 1970 sed
1274 1912 1446 1984 singillatim
1461 1913 1599 1988 proprias
1606 1913 1735 1971 retinent
1741 1929 1814 1987 qun-

99 1995 130 2052 si
147 2001 249 2053 autem
263 2011 359 2064 rarus,
375 2011 480 2066 gravm
494 1999 523 2053 et
537 1995 710 2067 grossiores.
986 1998 1093 2071 litotes,
1106 2001 1181 2059 dum
1197 2005 1229 2059 ll.
1245 2001 1405 2076 deponitur
1415 2009 1498 2076 tono,
1513 2003 1681 2072 semitonio,
1706 2007 1735 2061 et
1760 2003 1814 2062 ite·

137 2085 252 2142 ltusica
263 2102 323 2143 vox
338 2085 372 2142 fit
384 2085 527 2154 motione,
540 2083 634 2142 motio
655 2088 756 2142 autem
782 2083 874 2142 habet
900 2083 932 2140 in
986 2105 1054 2147 rum
1069 2089 1201 2148 elevatur
1215 2095 1297 2164 tono,
1311 2093 1469 2151 semitonio
1483 2093 1601 2162 tritono,
1616 2097 1646 2150 et
1671 2092 1814 2151 simidito·

101 2189 133 2230 se
146 2177 292 2232 tenorem.
308 2173 394 2238 Quod
417 2173 615 2260 quantitatem
636 2173 777 2232 motionis
793 2173 932 2247 exsequi·
986 2193 1027 2234 no
1042 2181 1191 2253 usquead
1212 2179 1335 2238 eliudd.
1365 2186 1498 2240 acutum.
1515 2186 1647 2256 itemque
1661 2186 1695 2238 Α.
1708 2181 1812 2239 ditono

101 2266 149 2319 tur
162 2281 170 2332 ;
184 2262 226 2320 ita
240 2260 425 2320 utsimotus
438 2261 648 2332 fueritbrevis,
678 2279 844 2338 perparvus
868 2262 930 2319 exi·
985 2266 1145 2340 deponitur
1157 2272 1186 2326 et
1200 2269 1388 2342 semiditono,
1412 2270 1544 2328 elevetur
1565 2274 1666 2328 autem
1690 2286 1745 2345 per
1767 2273 1812 2328 to-

102 2356 199 2410 statet
211 2356 314 2409 bnon:
332 2351 358 2408 si
370 2351 480 2421 maior,
495 2352 675 2426 ampliorem
696 2353 820 2412 habebit
845 2358 930 2410 teno-
985 2371 1070 2423 num,
1084 2359 1275 2416 semitonium
1287 2363 1315 2416 et
1329 2358 1467 2418 ditonum
1487 2376 1585 2435 usque
1606 2359 1647 2418 ad
1674 2359 1756 2418 eliud
1782 2376 1810 2418 a.

100 2457 175 2498 rem.
191 2441 318 2499 llusicus
327 2445 428 2499 autem
440 2445 541 2500 motus
553 2441 588 2500 fit
599 2459 651 2500 sex
663 2442 857 2500 solummodo
867 2459 931 2500 mo-
985 2451 1117 2504 acutum.
1136 2447 1193 2505 Sed
1208 2448 1279 2504 satis
1291 2464 1373 2505 nunc
1388 2453 1612 2506 ostensamesse
1627 2449 1811 2507 dissimilitu-

100 2529 157 2600 dis,
172 2530 268 2599 idest,
284 2535 366 2600 tono,
380 2531 549 2600 semitonio,
563 2532 754 2604 semiditono,
771 2532 820 2590 vel
842 2531 932 2588 trihe-
984 2533 1086 2592 dinem
1100 2536 1177 2593 inter
1192 2535 1298 2594 affines
1314 2553 1402 2594 voces
1416 2535 1553 2595 arbitror.

99 2617 237 2689 milonio,
250 2617 365 2686 ditono,
378 2619 567 2678 diatessaron
588 2625 618 2679 et
644 2619 795 2696 diapente.
820 2620 928 2677 intueri
1020 2627 1103 2682 Nunc
1118 2628 1148 2682 et
1160 2624 1302 2682 similium
1316 2641 1427 2682 vocum
1453 2625 1617 2684 edisseram
1642 2625 1810 2685 similitudi·

100 2721 174 2778 ergo
196 2706 277 2775 libet,
306 2711 340 2765 ut
366 2709 534 2766 secundum
559 2709 642 2784 quod
667 2710 791 2767 creverit
817 2713 928 2780 motus,
984 2727 1076 2770 nem:
1092 2713 1166 2770 dum
1181 2713 1262 2771 enim
1277 2717 1311 2771 ll.
1327 2714 1364 2770 sit
1395 2719 1509 2788 protus,
1536 2719 1565 2772 et
1591 2717 1622 2772 G.
1652 2715 1810 2786 tetrardus,

99 2799 215 2853 mescat
228 2799 376 2867 ettenor3
403 2797 488 2856 verbi
505 2799 624 2870 gratim
653 2798 777 2856 Ditonus
801 2798 930 2873 duplum
984 2804 1111 2876 utraque
1125 2808 1227 2860 nmen
1242 2801 1401 2860 semitonio
1429 2806 1458 2860 et
1479 2802 1583 2861 ditono
1607 2803 1811 2878 deponuntur,

97 2889 217 2954 buum,
231 2890 390 2960 propterea
401 2890 431 2944 et
442 2887 571 2960 duplum
583 2885 707 2944 babebit
720 2890 863 2944 tenorem.
879 2890 929 2945 le
985 2895 1014 2948 st
1024 2908 1061 2951 ea
1074 2893 1267 2966 symphonia,
1277 2909 1346 2967 quae
1363 2896 1395 2950 ι).
1412 2893 1589 2964 continetur,
1602 2893 1626 2950 si
1642 2893 1680 2951 sit
1692 2893 1810 2968 deposi-

97 2989 156 3031 nor
168 2978 270 3032 autem
285 2979 329 3032 est
341 2992 428 3033 mora
442 2976 680 3050 uniuscujusque
689 2975 780 3048 vocis,
791 2992 883 3050 quem
896 2981 965 3056 ute
984 2981 1052 3050 tiva,
1069 2986 1132 3039 tum
1147 2983 1277 3040 modoet
1289 2984 1321 3040 G.
1337 2983 1405 3040 cani
1419 2987 1534 3057 potest;
1562 2984 1645 3059 quod
1672 2982 1810 3057 exemplo

97 3067 218 3138 tempus
233 3064 421 3138 grammatici
435 3065 467 3122 in
482 3063 608 3138 syllabis
619 3063 763 3122 brevibus
774 3069 803 3122 et
815 3063 929 3136 longio-
983 3071 1103 3143 patetin
1118 3071 1283 3145 antiphona
1296 3072 1364 3130 hac.

99 3153 186 3209 ribus
198 3153 434 3228 superscribunt.
1108 3176 1125 3218 c

135 3245 168 3298 ll.
181 3242 414 3315 Exsupradictis
442 3247 544 3300 cutem
568 3242 701 3302 motibus
730 3242 780 3301 alii
799 3241 929 3301 existunt
1107 3251 1240 3320 Spiritus
1259 3251 1339 3308 nime
1351 3251 1525 3308 illustrator
1542 3253 1684 3310 emnium.

96 3330 217 3402 integri,
232 3331 328 3403 idest,
344 3332 397 3407 qui
410 3332 653 3390 monochordum
666 3332 841 3403 regulariter
860 3348 928 3406 par-
1017 3339 1049 3394 V.
1062 3339 1136 3395 Sunt
1145 3343 1246 3395 auum
1258 3338 1341 3396 modi
1354 3355 1465 3396 vocum
1479 3345 1619 3413 quatuor,
1634 3339 1666 3396 id
1678 3343 1731 3408 est,
1742 3355 1811 3412 pro-

96 3421 222 3490 tiuntur,
234 3425 266 3478 ut
285 3425 383 3491 tonus,
399 3426 428 3479 et
441 3421 548 3496 reliqui
563 3441 570 3478 :
587 3421 637 3478 alii
657 3427 758 3478 autem
784 3421 824 3478 ab
851 3421 926 3478 inte-
982 3429 1040 3498 tus,
1052 3425 1204 3496 deuterus,
1217 3427 1311 3497 tritus,
1328 3429 1485 3494 tehardus,
1501 3429 1593 3504 quiet
1604 3428 1728 3487 totidem
1743 3427 1812 3486 sub

95 3509 204 3580 gritate
217 3510 369 3582 deficiunt,
382 3513 434 3587 qui
448 3513 690 3570 monochordum
702 3513 797 3586 aequis
810 3512 926 3586 ponde·
979 3515 1097 3586 iugales
1109 3516 1236 3586 habent;
1258 3521 1286 3574 ει
1311 3518 1492 3592 principales
1506 3519 1629 3593 quidem
1651 3520 1810 3578 authentos
1897 3555 1902 3560 ·

94 3599 180 3656 ribus
195 3599 289 3658 dividi
302 3607 467 3677 nequeunt,
481 3607 513 3660 ut
526 3601 732 3659 semiditonus.
748 3605 926 3674 Tonusergo
981 3605 1120 3675 dicimus,
1151 3607 1324 3680 subiugales
1353 3613 1454 3666 autem
1478 3609 1575 3682 plagis
1602 3610 1807 3668 nominamus.

94 3687 213 3760 integra
225 3689 375 3749 dimensio
390 3697 445 3762 est,
459 3691 531 3766 quia
542 3691 844 3765 persesquioctavam
857 3707 926 3766 pro·
981 3697 1090 3752 Eorum
1107 3696 1274 3755 differentia
1284 3697 1350 3754 talis
1367 3703 1420 3754 est.
1451 3701 1526 3757 Cum
1550 3699 1676 3773 quilibet
1702 3705 1808 3758 cantus

92 3777 266 3850 portionem
279 3779 426 3850 regularis
442 3779 640 3837 monochordi
650 3779 819 3853 partionem
845 3796 927 3837 asse·
980 3788 1048 3842 coto
1061 3786 1187 3843 vocibus
1201 3786 1355 3857 ascendat,
1378 3785 1542 3844 descendat
1567 3803 1640 3844 vero
1662 3787 1807 3862 quinque,

93 3867 199 3940 quitur
213 3887 221 3937 ;
235 3868 422 3927 diatessaron
435 3885 505 3928 vero
516 3885 569 3943 per
591 3867 810 3943 sesquitertiam
827 3888 833 3938 ;
860 3870 925 3928 dia-
980 3878 1071 3948 atque
1082 3873 1159 3932 inter
1173 3890 1279 3932 omnes
1295 3875 1355 3931 sint
1368 3878 1423 3931 illi.
1438 3889 1500 3930 unc
1511 3890 1548 3930 ex
1562 3875 1610 3930 bis
1635 3874 1682 3931 bis
1710 3890 1808 3932 annu-

92 3961 184 4029 pente
200 3962 301 4015 autem
313 3974 368 4032 per
382 3959 620 4034 sesquialteram.
635 3959 823 4032 Quapropter
835 3963 923 4016 tonus
980 3967 1095 4019 mercia
1105 3976 1213 4033 graves
1224 3977 1329 4018 omnes
1342 3977 1411 4017 cum
1426 3960 1528 4034 aliqua
1542 3965 1626 4034 parte
1651 3965 1809 4018 acutarum

92 4046 196 4103 omnis
209 4047 243 4103 lit
255 4047 380 4105 novenis
394 4047 546 4122 passibus,
559 4047 746 4106 diatessaron
760 4048 923 4123 quaternis,
979 4048 1076 4123 plagis
1089 4049 1263 4106 attribuunt.
1279 4051 1370 4105 Porro
1398 4047 1548 4105 authentis
1574 4051 1689 4106 cuncter
1715 4051 1809 4105 acutae

92 4133 235 4209 diapente
251 4151 322 4194 vero
337 4136 438 4195 ternis.
454 4134 607 4211 biapas‘on
621 4141 723 4194 autem
750 4135 864 4210 ubique
891 4135 925 4194 fit
980 4152 1050 4194 cum
1063 4136 1223 4211 aliquantis
1248 4135 1385 4208 gravium
1411 4135 1600 4194 conveniunt.
1631 4138 1806 4212 Notatoque,

92 4223 216 4282 duobus
230 4225 382 4299 passibus,
396 4233 505 4284 cumei
519 4226 652 4284 vicissim
677 4226 732 4284 sibi
762 4227 794 4283 in
819 4243 924 4284 conso-
979 4227 1062 4302 quod
1076 4227 1135 4284 sint
1148 4230 1208 4283 tres
1223 4225 1344 4284 ordines
1359 4242 1478 4296 vocum,
1493 4225 1590 4299 idest,
1606 4242 1724 4299 graves,
1746 4244 1807 4286 me-

91 4315 266 4372 nantiarum
276 4315 411 4391 partibus
423 4315 597 4374 succedunt.
938 4355 961 4410 D
979 4315 1037 4373 dia
1051 4319 1080 4373 et
1092 4317 1247 4373 acutam
1265 4312 1497 4388 quibusmodis
1512 4331 1630 4390 semper
1640 4322 1805 4376 annectun-

128 4406 176 4461 lll.
191 4404 294 4462 Omnis
309 4410 409 4462 autem
422 4403 571 4463 cantilena
584 4407 699 4478 septem
725 4402 922 4462 dissimilibus
979 4410 1026 4463 tur
1039 4405 1184 4480 utrisque,
1195 4408 1291 4462 acutae
1316 4409 1418 4462 aulem
1443 4407 1625 4465 conveniunt
1643 4407 1804 4478 authentis,

91 4493 221 4551 vocibus
232 4493 394 4567 perficitur,
414 4511 451 4552 ex
469 4493 580 4569 quibus
595 4493 660 4552 aba
675 4497 745 4552 sunt
769 4509 921 4567 consonae,
978 4501 1122 4569 etgraves
1137 4493 1286 4569 plagibus.
1303 4497 1337 4552 Et
1351 4493 1392 4553 sic
1408 4511 1526 4570 semper
1551 4501 1610 4555 tres
1639 4513 1676 4554 ex
1703 4497 1807 4554 amba·

91 4581 158 4638 aline
171 4597 246 4640 vero
264 4583 404 4641 dissonas.
431 4583 530 4640 Pnima
552 4583 652 4657 itaque
677 4587 706 4640 et
730 4587 839 4657 quarta
863 4599 922 4642 vox
977 4585 1035 4643 bus
1049 4584 1185 4659 partibus
1200 4589 1335 4642 utrorum
1350 4589 1421 4643 sunt
1432 4587 1571 4660 propria.

90 4675 195 4728 ternas
208 4671 240 4729 in
256 4672 453 4748 depositione,
471 4689 506 4732 ao
519 4672 607 4730 binas
632 4673 663 4730 in
691 4671 855 4731 elevatione
885 4674 923 4732 si·
1011 4677 1056 4732 Vl.
1073 4673 1312 4732 Differentiarum
1324 4677 1425 4732 autem
1438 4675 1547 4731 horum
1568 4671 1730 4729 modorum
1745 4670 1804 4728 ior-

89 4760 362 4821 millimashabent
375 4762 530 4821 formulas.
545 4763 583 4819 et
603 4762 737 4820 secunda
763 4767 793 4820 ει
816 4764 922 4837 quinta
976 4763 1066 4821 mulae
1095 4763 1262 4822 secundum
1290 4763 1438 4838 principia
1471 4765 1616 4820 cantuum
1651 4762 1804 4835 dispositae

89 4850 270 4925 quatuor-in
297 4852 495 4927 depositione,
518 4856 546 4909 et
569 4866 664 4908 unam
686 4851 718 4909 in
745 4852 919 4910 elevatione.
976 4859 1055 4912 sunt.
1070 4857 1105 4911 Et
1116 4852 1378 4928 quemadmodum
1391 4850 1563 4908 finalisvox
1586 4850 1718 4923 aliquem
1732 4866 1803 4924 pro-

88 4941 184 4996 Porro
197 4939 283 4998 tertia
296 4943 326 4998 et
350 4945 434 4998 sexta
455 4945 585 5014 quatuor
604 4940 644 4997 ab
670 4939 860 4998 interioribus
884 4939 922 4997 si·
976 4943 1076 5017 prium
1090 4942 1218 5002 modum
1227 4943 1357 5011 metitur,
1372 4941 1414 4998 sic
1429 4943 1458 4997 et
1466 4937 1681 4997 rationabiliter
1694 4940 1802 5013 prinoi-

88 5027 180 5085 miles
192 5027 307 5087 habent
320 5028 475 5099 formulas,
488 5045 507 5088 a
521 5028 725 5103 superioribus
744 5045 800 5087 nec
814 5045 918 5086 unam.
975 5031 1026 5105 pia
1045 5032 1221 5090 eorumdem
1246 5035 1390 5088 cantuum
1418 5027 1547 5102 aptiores
1573 5026 1630 5083 sibi
1653 5026 1801 5086 formulas

88 5121 160 5176 Post
172 5119 230 5176 has
253 5123 399 5194 quartae
421 5119 550 5194 septima
573 5113 753 5178 dissociatur
776 5118 919 5194 amplius,
975 5124 1123 5195 coaptent,
1139 5123 1289 5195 quatenus
1305 5119 1342 5176 sit
1355 5117 1482 5192 pulchra
1494 5116 1641 5174 connexio
1667 5133 1736 5191 quae
1759 5136 1802 5177 se-

88 5225 146 5266 nec
159 5207 255 5266 ullam
268 5209 630 5284 retinentproportionum
641 5209 872 5268 consonantiam
880 5210 919 5267 ad
974 5209 1110 5268 cundum
1131 5207 1270 5282 proprios
1294 5207 1326 5262 in
1352 5221 1537 5279 unaquaque
1563 5205 1709 5278 dirigatur
1734 5224 1799 5266 mo-

88 5315 121 5355 se
136 5297 277 5357 invicem.
295 5303 428 5374 itemque
441 5299 541 5374 prima
552 5305 581 5358 et
595 5300 734 5374 quintae
761 5299 921 5374 superiori·
974 5303 1033 5355 tus.

87 5385 148 5444 bus
163 5387 276 5446 similes
290 5388 404 5448 habent
412 5388 568 5459 formulas,
580 5405 599 5446 a
612 5387 801 5463 depositione
816 5392 918 5445 autem
1010 5387 1092 5453 Quos
1104 5387 1204 5441 motus
1217 5399 1327 5458 nempe
1341 5383 1473 5442 diximus
1487 5384 1550 5442 iore
1563 5401 1625 5456 sex,
1653 5403 1705 5461 qm
1730 5402 1800 5444 oum

87 5475 255 5534 neminem.
271 5477 410 5536 Secunda
423 5491 540 5536 veroac
568 5479 653 5534 sexta
678 5475 832 5550 quaternis
860 5475 918 5532 lon
973 5471 1534 5547 hibusapplicanturadherectionibus
1550 5473 1801 5550 (30),inunoquo

125 5655 186 5728 (³⁰)
197 5657 228 5714 ι’.
243 5657 490 5716 ndeecticaibar.
