3996 6178
204 132 299 190 erar.
833 169 834 178 ι
882 119 1028 182 coluris
1045 107 1100 180 in
1118 123 1226 182 rurs.

201 254 321 314 videtur
329 257 522 314 portuensem
543 249 709 320 ecclesiam,
739 249 768 308 S.
792 251 940 307 loannem
953 247 1074 306 intera
1124 249 1308 307 crescentius
1319 248 1477 310 baconus.

201 343 279 404 duos
294 346 410 419 pontes,
422 339 615 414 presbyteros
630 353 702 395 vero
716 340 746 395 et
760 337 894 408 clericos,
909 335 961 410 qui
973 352 1029 410 pro
1121 338 1252 397 ioannes
1272 339 1486 400 subdiaconus.

201 438 335 508 tempore
350 431 381 488 in
395 429 503 487 eadem
521 427 647 486 ecclesia
665 429 693 485 S.
710 427 873 497 Adalberti,
903 425 1028 496 Paulini,
1120 428 1249 486 loannes
1261 429 1344 488 card.
1362 430 1404 488 tit.
1418 433 1446 489 S.
1462 430 1560 489 llarci.

200 529 230 582 et
242 519 391 579 Benedicti
405 518 524 590 luerint,
537 518 580 576 ita
601 518 752 592 subjectos
766 517 850 577 robis
870 532 936 574 esse
947 515 1029 574 volu-
1119 519 1249 576 ioannes
1264 520 1381 578 bomini
1393 519 1490 592 gratia
1503 519 1662 580 diaconus.

199 628 267 669 mus
278 614 310 667 ut
321 609 460 684 proprios
474 608 552 667 lilios
566 606 698 666 ecclcsiae
712 611 825 677 vestra,
840 611 869 665 et
890 606 930 664 ab
945 605 1029 663 omni
1118 606 1250 664 ioannes
1263 607 1470 667 subdiaconus
1484 609 1521 666 de
1535 609 1615 668 llira.

196 701 263 772 jure
276 698 344 756 illos
355 699 572 768 subtrahimus,
586 702 645 756 tute
659 697 831 773 paternitati
845 701 947 754 minen
974 711 1026 753 eos
1116 699 1247 754 loannes
1260 698 1418 774 presbyter
1431 699 1473 757 tit.
1491 702 1519 757 S.
1551 698 1665 757 callixti
1686 701 1721 758 in
1749 701 1905 762 Tradstibe·

197 788 427 861 committentes,
451 792 484 847 ut
509 787 701 846 solummodo
724 791 858 845 vestrum
879 785 1027 858 judicium
1081 783 1149 844 rim.

196 881 378 952 exspectent,
391 881 490 934 vestro
504 875 639 934 dominio
646 875 839 946 famulentur,
854 878 885 932 et
895 891 949 949 per
960 890 1026 944 om:
1117 875 1303 934 crescentius
1315 877 1471 935 diaconus.

195 967 248 1026 nia
258 966 364 1025 vestris
377 965 574 1024 rationalibus
587 964 797 1023 obsecundent
807 962 969 1034 mendatis,
982 968 1023 1032 ut,
1114 965 1291 1040 Rodulpbus
1306 965 1449 1039 indignus
1463 968 1630 1042 presbyter,
1641 973 1669 1026 et
1683 969 1787 1028 abbas
1800 988 1837 1029 ex
1847 988 1902 1030 mo

195 1057 352 1134 ᾳιιοηιοᾱο
367 1056 454 1116 vobis
475 1055 583 1130 placet,
606 1071 658 1114 cos
682 1055 832 1125 ordinare,
857 1052 1025 1114 seeundum
1079 1055 1219 1128 naslerio,
1235 1057 1264 1114 S.
1279 1057 1438 1130 Laurentii,
1453 1057 1506 1132 qui
1515 1059 1638 1134 ponitur
1650 1059 1681 1117 in
1697 1059 1854 1121 clausura.

195 1148 291 1217 decet,
303 1161 417 1219 regare,
430 1145 592 1204 informare
607 1149 636 1203 et
647 1145 810 1203 emandare
823 1147 926 1203 nostra
939 1159 1025 1218 apos·
1113 1146 1243 1202 ioannes
1255 1144 1412 1220 presbyter
1426 1145 1508 1206 card.
1523 1147 1565 1205 tit.
1584 1149 1612 1206 S.
1634 1148 1805 1222 Grisogoni.

194 1237 284 1298 tolica
299 1236 473 1295 auctoritate
488 1236 519 1293 in
544 1239 723 1310 perpetuum
750 1235 847 1305 liceat,
874 1233 1024 1310 predictis
1114 1233 1230 1292 Franco
1245 1233 1403 1307 diaconus,

193 1343 264 1386 vero
276 1326 419 1386 omnibus
428 1325 511 1396 locis,
524 1325 679 1384 etiamiliis
689 1325 908 1384 cumomnibus
918 1339 1024 1382 eorum
1113 1323 1282 1398 Raynerius
1296 1322 1453 1384 diaconus.

193 1414 422 1494 pcrtinentibus,
438 1415 515 1472 sicut
528 1415 665 1490 superius
678 1414 772 1472 missa
798 1419 877 1483 suut,
905 1429 924 1472 a
947 1429 1023 1487 prae-
1114 1413 1223 1470 ilatum
1236 1429 1287 1470 xvi
1301 1412 1369 1472 Kal.
1386 1413 1528 1486 ianuarii,
1543 1431 1597 1490 per
1619 1432 1733 1476 manus
1763 1417 1896 1478 Benedicti

194 1505 393 1566 sentidecima
406 1504 579 1576 indictione,
595 1504 658 1576 tibi,
670 1504 788 1578 tuisque
799 1503 1022 1561 successoribus
1078 1501 1210 1578 episcopi
1223 1503 1402 1567 portuensis.
1417 1509 1447 1562 et
1470 1504 1536 1562 rice
1561 1505 1712 1578 Peregrini
1744 1507 1894 1578 coloniens,

192 1598 226 1656 in
241 1597 349 1656 eodem
361 1594 523 1652 venerabili
537 1593 689 1668 episcopio
707 1593 738 1650 in
765 1597 945 1667 perpetuum
971 1590 1023 1648 do
1044 1609 1064 1665 g
1077 1589 1297 1665 archiepiscopi
1305 1590 1895 1669 bibliothecariiS.apostolicaesedis,annc

192 1701 315 1755 namus,
336 1683 493 1754 largimur,
523 1681 720 1740 concedimus
743 1685 773 1739 et
793 1681 1022 1751 confirmamus,
1076 1677 1616 1754 pontificatusdomininostritoannis
1624 1683 1741 1742 summi
1752 1685 1892 1760 ponticis,

191 1780 283 1850 atque
298 1771 467 1832 stabilimus
477 1771 647 1846 perenniter
659 1770 690 1828 in
704 1786 795 1827 usum
819 1773 848 1827 et
866 1769 1022 1827 utilitatem
1077 1772 1106 1826 et
1115 1768 1291 1827 universalis
1307 1772 1362 1828 lllll
1373 1787 1459 1845 papae
1469 1771 1716 1832 insacratissima
1734 1775 1804 1832 sede
1813 1778 1840 1832 Β.
1853 1778 1892 1832 Pe

189 1865 287 1940 ipsius
301 1861 480 1922 venerabilis
489 1860 678 1936 episcopii,et
691 1859 960 1936 episcoporumqui
970 1875 1023 1934 per
1076 1857 1112 1916 tri
1123 1857 1261 1932 apostoli,
1277 1859 1360 1918 tertio
1373 1876 1478 1918 mense
1494 1861 1817 1932 Decemb.,indictione
1827 1883 1852 1924 x.

190 1959 329 2029 tempora
353 1953 501 2010 tenuerint
527 1951 625 2025 ipsam
647 1950 814 2008 ecclesiam.
854 1951 1021 2007 statuentes
1111 1949 1303 2007 Decernimus
1317 1967 1389 2023 ergo
1404 1951 1519 2009 utnulli
1534 1953 1658 2011 omnino
1686 1954 1841 2013 hominum
1865 1955 1889 2010 li·

190 2044 304 2119 quippe
318 2040 483 2115 apostolica
497 2053 636 2111 censura,
652 2038 710 2097 sub
720 2039 813 2096 divini
838 2039 944 2112 Judicii
970 2038 1022 2095 ob
1075 2043 1140 2096 ceat
1152 2038 1330 2113 predictam
1344 2039 1506 2099 Ecclesiam
1516 2047 1629 2101 temere
1642 2043 1826 2118 perturbare,
1847 2049 1887 2101 aut

190 2133 345 2192 testatione
359 2134 387 2188 et
397 2129 598 2188 anathematis
618 2128 786 2201 interdicto,
806 2132 839 2185 ut
863 2125 937 2185 nulli
962 2144 1019 2185 un·
1074 2129 1139 2201 ejus
1170 2129 1378 2202 possessiones
1402 2131 1529 2202 auferre,
1553 2133 1602 2190 vel
1627 2133 1747 2192 ablatas
1770 2135 1885 2198 retinere,

190 2239 284 2299 quam
298 2225 470 2281 nostrorum
486 2235 696 2277 successorum
706 2217 894 2292 pontificum,
909 2216 958 2274 vel
968 2216 1020 2290 qui
1073 2216 1220 2288 minuere,
1233 2218 1282 2276 vel
1294 2219 1413 2292 injustis
1421 2221 1630 2280 vexationibus
1640 2221 1778 2296 fatigare,
1793 2223 1883 2281 sedicet

188 2312 326 2387 publicas
340 2307 433 2367 iuneti
443 2307 552 2366 luerint
564 2308 707 2378 actiones,
724 2307 772 2364 vel
793 2307 852 2366 alia
879 2305 1019 2380 qualibet
1073 2301 1177 2359 omnia
1192 2301 1308 2375 integra
1323 2311 1538 2364 conserventur
1564 2323 1669 2365 eorum
1696 2325 1753 2383 pro
1775 2324 1883 2383 quorun

189 2417 314 2474 magna,
328 2414 484 2475 parvaque
495 2413 626 2474 persona
648 2397 759 2456 audeat
783 2395 831 2454 vel
855 2399 1019 2471 praesumat
1072 2390 1168 2462 guber
1178 2391 1290 2449 tatione
1300 2409 1335 2450 ac
1350 2394 1565 2453 sustentatione
1579 2411 1728 2456 concessa
1743 2401 1816 2464 sunt,
1840 2395 1882 2452 usi-

189 2489 305 2565 aliquid
318 2489 356 2547 de
366 2489 509 2546 omnibus
521 2503 588 2562 quoe
603 2502 695 2562 supra
705 2485 904 2554 eontinentur,
914 2490 1018 2542 contra
1070 2479 1131 2539 bus
1144 2482 1327 2540 omnimodis
1339 2485 1507 2557 protutura,
1521 2484 1606 2544 salva
1620 2487 1704 2544 sedis
1732 2485 1880 2562 apostolica

187 2579 246 2640 boc
269 2582 407 2637 nostrum
429 2576 601 2653 pontificale
623 2575 811 2651 privilegium
835 2589 934 2647 agere,
972 2573 1018 2632 rel
1071 2573 1255 2630 auctoritate.
1273 2572 1302 2630 Si
1314 2589 1383 2647 quae
1397 2573 1487 2646 igitur
1497 2575 1529 2632 in
1542 2575 1677 2635 futurum
1693 2577 1878 2642 ecclesiastes,

189 2669 319 2730 alienme
328 2675 381 2730 aut
390 2669 517 2740 auterre,
528 2666 747 2741 scilicetpotius
759 2664 847 2722 firma
857 2668 947 2737 atque
959 2666 1018 2719 sta·
1071 2661 1233 2732 accideris,
1252 2661 1301 2720 rel
1315 2662 1373 2720 elia
1388 2680 1527 2738 persona,
1543 2666 1623 2724 hanc
1638 2671 1752 2726 nostre
1764 2665 1879 2724 constitu·

186 2759 259 2820 bilia
272 2759 423 2834 perpetuis
437 2757 635 2832 temporibus,
650 2755 734 2813 sicuti
750 2771 769 2812 a
792 2754 880 2812 nobis
906 2756 1017 2810 statuta
1070 2750 1159 2808 tionis
1172 2752 1329 2826 paginam,
1345 2753 1443 2810 sciens
1458 2760 1562 2813 eontra
1576 2771 1646 2812 cam
1663 2761 1773 2814 temere
1797 2754 1876 2812 venire

187 2850 409 2910 etconlirmata
423 2852 503 2918 sunt,
525 2845 715 2905 decernimus
738 2844 956 2920 permanenda.
987 2842 1016 2900 Si
1070 2841 1234 2913 tentaverit,
1251 2842 1383 2900 secundo
1396 2843 1517 2901 tertiove
1540 2847 1737 2918 commonita,
1761 2845 1811 2903 nisi
1828 2859 1876 2901 rea-

186 2940 255 3016 quis
269 2943 382 3008 autam,
395 2937 480 3012 quod
491 2952 554 2994 non
579 2940 730 3010 optamus,
755 2932 913 2992 temerario
938 2947 1016 2990 ausu
1034 2963 1055 3020 G
1070 2933 1134 2988 lum
1150 2947 1240 2988 suum
1254 2947 1390 3004 congrua
1404 2933 1605 2992 satisfactione
1625 2937 1790 3004 correxerit,
1811 2939 1875 3009 pote

187 3031 291 3086 contra
304 3027 362 3084 boc
388 3030 528 3084 nostrum
553 3023 753 3098 apostolicum
771 3021 961 3097 privilegium
983 3020 1014 3077 in
1069 3019 1152 3078 siais
1165 3020 1349 3096 honorisque
1364 3022 1411 3080 sui
1425 3023 1690 3098 careatdignitate,
1706 3040 1832 3099 reamque
1849 3038 1873 3078 se

186 3133 344 3194 quoquam
371 3121 574 3187 transgressor
601 3129 668 3172 esse
705 3111 934 3188 presumpserit
968 3110 1015 3168 vel
1069 3109 1171 3168 divino
1184 3110 1285 3184 judice
1300 3112 1423 3170 existere
1438 3111 1475 3170 de
1489 3117 1661 3190 perpetrata
1675 3115 1816 3191 iniquitate
1831 3128 1871 3168 co

185 3209 322 3280 baugere
336 3221 428 3266 ausus
440 3204 538 3273 luerit,
555 3208 584 3262 et
597 3204 628 3262 in
644 3203 786 3262 omnibus
810 3201 955 3260 obediens
986 3205 1015 3258 et
1068 3204 1205 3271 gnoscat,
1219 3204 1280 3258 eta
1308 3201 1510 3260 sacratissimo
1539 3220 1665 3279 corpore
1691 3221 1726 3264 ac
1748 3202 1869 3274 sangnine

184 3295 358 3356 observator
371 3310 438 3353 esse
459 3293 597 3363 noluerit,
615 3292 690 3351 sciat
709 3308 740 3350 sc
765 3290 941 3349 auctoritate
963 3289 1014 3348 llei
1066 3290 1118 3347 Dei
1133 3294 1162 3347 et
1175 3291 1294 3361 Domini
1307 3291 1697 3366 Redemptorisnostritesu
1709 3291 1869 3352 chartulis

184 3385 397 3460 omnipotentis
412 3387 440 3443 et
453 3381 570 3441 domini
579 3382 674 3442 nostri
685 3380 892 3457 apostolorum
903 3378 1012 3453 princi-
1066 3394 1107 3436 na
1120 3377 1183 3451 fiat,
1199 3385 1289 3454 atque
1301 3379 1332 3436 in
1343 3385 1477 3438 extremo
1489 3383 1628 3441 examine
1643 3384 1761 3444 districte
1782 3379 1864 3451 subia-

182 3476 232 3550 pis
246 3475 331 3544 Petri,
344 3475 441 3545 cujus,
456 3471 524 3530 licet
548 3469 698 3536 immeriti,
715 3470 766 3526 Dei
781 3474 883 3526 tamen
909 3467 1014 3538 digna·
1066 3471 1131 3526 ceat
1145 3468 1261 3527 ultioni.
1277 3469 1396 3528 Cunctis
1411 3474 1512 3529 autem
1540 3472 1638 3530 eidem
1658 3473 1718 3530 ioco
1739 3486 1785 3526 sua
1799 3470 1858 3539 jura

184 3565 263 3622 ioue
276 3563 406 3635 gerimus
420 3561 512 3631 vices,
528 3559 729 3618 anathematis
740 3558 859 3616 vinculo
887 3557 1013 3616 innoda-
1066 3558 1265 3630 serventibus,
1290 3558 1409 3633 sitipax
1436 3560 1553 3618 Domini
1580 3561 1667 3620 nostri
1684 3563 1744 3618 iesu
1756 3555 1850 3622 Christi.

182 3656 334 3722 tum,eta
355 3666 447 3723 regno
473 3649 525 3707 Dei
551 3648 695 3718 alienum,
724 3653 815 3722 atque
838 3663 909 3706 cum
935 3648 1013 3705 tuda
1065 3650 1225 3719 quatenus,
1241 3647 1325 3705 ethic
1339 3648 1470 3706 trucium
1481 3650 1571 3710 bonae
1580 3651 1697 3710 actioms
1707 3646 1851 3725 peretot

181 3739 324 3801 traditore
334 3738 452 3798 Domini
472 3737 567 3797 nostri
593 3739 662 3796 iesu
690 3735 796 3796 Christi
819 3739 849 3794 et
870 3735 1012 3794 omnibus
1064 3739 1093 3792 et
1107 3737 1190 3811 apud
1204 3735 1371 3795 districtum
1384 3739 1521 3798 iudicem
1536 3743 1661 3816 praemia
1673 3747 1773 3800 cluna
1787 3733 1856 3812 pacit

181 3830 282 3907 impiis
296 3829 394 3889 socius
405 3829 442 3887 sit
453 3827 484 3888 in
494 3826 622 3885 inlerno.
638 3825 694 3894 uui
721 3841 791 3884 vcro
818 3841 875 3901 pro
903 3825 1011 3884 intuitu
1065 3824 1229 3884 inveniant.
1246 3829 1352 3885 Amen.

181 3923 282 3980 custos
295 3923 324 3978 et
335 3917 512 3977 observator
524 3915 616 3988 hujus
630 3914 724 3973 nostri
739 3913 896 3990 apostolici
921 3915 1011 3989 privi-
1457 3920 1500 3976 V.

179 4004 786 4110 ¹⁰⁸fiastiterit’inffrffis“queprfflibffi
813 4004 1011 4079 B·P²triflp⁰'
1061 4041 1193 4100 Joooues
1213 4042 1290 4099 XIX
1298 4043 1329 4100 in
1340 4044 1466 4102 concilio
1476 4045 1600 4103 Petrum
1621 4048 1781 4119 episcopam
1791 4043 1864 4101 Siloa

180 4100 326 4158 ⁸2010l11ffl
340 4114 493 4172 Pllss⁰¹P¹⁸2
507 4101 536 4154 θῐ
562 4098 611 4155 SS·
638 4100 809 4170 militium
836 4093 953 4152 ΜΝ)
981 4100 1010 4153 et
1100 4113 1391 4185 caecitatemm
1405 4117 1501 4188 virgo,
1517 4091 1796 4178 (taediosissime
1816 4131 1865 4171 om·

179 4189 325 4248 Secunda
336 4188 513 4246 incathereis
528 4187 648 4246 arcibus
665 4186 801 4262 prremia,
830 4191 860 4244 et
883 4185 1007 4244 benedi·
1098 4185 1181 4241 iiiam
1197 4186 1390 4243 ecclesiarum
1403 4187 1534 4246 Galerio
1545 4192 1674 4248 investit.

179 4277 285 4336 ationis
314 4276 442 4350 gratiam
468 4281 559 4351 atque
601 4275 848 4344 miscricordiam,
881 4291 900 4333 a
925 4275 1049 4376 juston
1379 4276 1476 4347 (Anno
1492 4279 1580 4352 loti.)

176 4367 278 4441 jndice
300 4366 427 4427 Domino
451 4368 512 4424 ileo
539 4369 653 4435 nostro,
675 4365 768 4423 vitam
784 4368 928 4422 aeternam
942 4381 1007 4440 per·
1275 4363 1419 4437 [Uenetia
1436 4365 1520 4436 ibid,
1535 4381 1606 4440 pag.
1620 4369 1677 4442 aa]

178 4457 277 4532 cipere
290 4461 320 4516 et
330 4455 462 4514 invenire
474 4459 624 4514 mereatur
637 4455 668 4512 in
691 4453 801 4513 saecula
815 4454 1005 4514 saeculorum.
1097 4450 1128 4507 111
1141 4451 1263 4508 nomine
1279 4457 1389 4510 sancioe
1404 4457 1433 4511 el
1446 4454 1609 4514 individuae
1622 4457 1776 4530 'ffissssfflb
1791 4453 1867 4516 Pallii

177 4551 283 4608 Amen,
1060 4545 1089 4598 et
1101 4539 1216 4608 Filii,ct
1239 4540 1363 4615 Spiritus
1379 4544 1484 4602 sancti.
1497 4549 1603 4606 tmen.

213 4638 362 4714 Scriptum
376 4649 567 4711 permanum
580 4635 696 4707 Georgii
710 4635 820 4694 notarii
845 4635 1005 4710 regionarii
1095 4633 1156 4702 Ego
1178 4633 1299 4689 ioannes
1326 4631 1626 4708 divinaprovidentia
1651 4641 1707 4697 xix
1734 4652 1808 4714 papa
1825 4637 1870 4694 tic
1952 4645 1953 4701 l

176 4730 267 4802 atque
280 4724 432 4800 scriptoris
447 4727 475 4782 S.
489 4728 521 4782 ll.
538 4723 674 4782 Ecclesia
697 4724 728 4781 in
756 4739 859 4787 mense
886 4727 1005 4784 liccem·
1058 4735 1179 4790 manus,
1205 4719 1302 4777 sciens
1329 4736 1406 4794 pens
1442 4730 1550 4783 cuncta
1578 4726 1723 4786 oblivioni
1755 4725 1814 4785 dari
1835 4721 1867 4779 ob

175 4816 249 4889 bris,
264 4819 293 4873 et
307 4813 468 4873 indictione
482 4828 575 4887 supra
588 4813 699 4886 scripta
712 4829 741 4872 x.
1058 4807 1184 4868 nimiam
1210 4810 1400 4882 fragilitatem
1422 4813 1602 4889 humanam,
1633 4833 1702 4891 quoe
1729 4817 1767 4876 ad
1789 4816 1867 4874 hono

211 4903 381 4963 Thebaldus
393 4902 465 4961 Bell.
480 4907 555 4970 tren,
572 4900 710 4958 Ecclesia
725 4899 896 4976 episcopus.
1056 4915 1121 4958 rem
1147 4903 1177 4957 et
1198 4899 1354 4958 utilitatem
1383 4903 1431 4960 SS.
1460 4902 1576 4963 Rufina
1600 4909 1629 4964 et
1651 4907 1791 4964 Secundae
1803 4917 1867 4960 mar·

210 4991 694 5068 Theobaldusepiscopussanctoe
723 4990 832 5049 Alban.
856 4989 1001 5052 Ecclesiae.
1056 4993 1157 5063 tyrum
1185 4989 1371 5064 temporibus
1399 4997 1481 5064 gesta
1507 4999 1586 5064 sunt,
1625 4994 1728 5054 litteris
1751 4993 1866 5072 panden·

209 5082 383 5144 Dominicus
400 5084 428 5140 S.
444 5080 582 5142 Lavican.
595 5079 671 5139 Eccl.
686 5079 776 5154 episc.
1044 5079 1097 5137 ·da
1135 5079 1360 5152 mandavimus,
1385 5085 1418 5138 ut
1448 5083 1561 5156 posteri
1585 5084 1775 5144 devotionem
1808 5095 1866 5152 erga

168 5199 176 5211 ·
208 5176 312 5233 Petrus
324 5175 462 5231 Proenesl.
479 5171 555 5230 Eccl.
571 5171 662 5246 episc.
1055 5173 1158 5230 nostra
1183 5168 1251 5227 loca
1276 5175 1471 5244 cognoscant,
1496 5177 1525 5230 et
1546 5173 1637 5250 siqui
1671 5175 1793 5234 rebelles
1817 5171 1866 5228 lue

185 5307 189 5316 .
208 5265 312 5322 Petrus
326 5261 421 5337 episc.
438 5262 467 5320 S.
482 5260 609 5320 Ostiens.
624 5259 771 5319 Ecclesiae.
1054 5257 1123 5332 rint,
1149 5258 1365 5321 contabescant
1389 5264 1418 5318 et
1436 5261 1626 5321 erubescant.
1657 5263 1797 5324 Defuncto
1820 5257 1866 5332 iri·

210 5356 379 5428 Stephanus
392 5351 550 5427 presbyter
559 5349 634 5408 tituli
650 5353 761 5411 sancte
776 5348 910 5408 Caeciliae.
1057 5351 1103 5406 tur
1128 5347 1268 5420 Gregorio
1292 5349 1434 5425 episcopo
1463 5351 1703 5425 supradictarum
1716 5355 1866 5424 martyrum

207 5442 383 5502 Benedictus
398 5439 637 5500 archidiaconus.
1053 5435 1169 5494 Rufina
1208 5442 1237 5496 ct
1272 5438 1441 5510 Secundae,
1478 5441 1598 5500 Petrum
1640 5439 1864 5502 consecravimus

207 5535 272 5605 Ugo
285 5532 440 5593 diaconus.
1053 5526 1240 5603 episcopum,
1277 5533 1347 5602 post
1381 5529 1467 5602 anus
1501 5532 1766 5605 consecrationem,
1802 5543 1865 5588 non·
1949 5537 1950 5560 ι

186 5620 463 5718 2i{ctruaca1d.tit.
482 5621 511 5682 S.
527 5618 658 5685 Damasi.
1052 5615 1127 5680 dum
1166 5617 1322 5682 trmsectis
1362 5617 1458 5685 tribus
1494 5621 1581 5712 annis
1620 5621 1783 5704 presbyteri
1827 5619 1859 5678 S.
