4002 6174
205 101 254 156 eri
392 59 393 64 Ν
906 83 1071 144 cuiuorus
1089 89 1238 147 suarius.
1853 104 1905 162 ῃ,

201 220 330 288 nentina,
345 217 410 274 roci
421 229 489 287 qua
498 225 642 268 neumam
652 207 792 266 terminat
804 205 925 282 reliqua
937 224 1027 266 voces
1045 223 1069 274 Α
1084 231 1158 273 rere.
1170 217 1319 293 Excipitur
1329 217 1443 298 ,muas
1457 219 1615 276 miraculis
1628 232 1639 290 ,·
1653 220 1736 294 quia,
1761 237 1831 282 cum
1839 241 1906 282 can-

201 307 384 370 concordare
397 302 517 360 debent.
529 298 598 356 Voci
620 314 691 356 vero
709 314 778 372 quas
791 302 914 355 cantum
929 299 1028 354 termi-
1084 313 1130 365 tus
1144 308 1175 364 in
1191 311 1221 365 E.
1238 306 1377 364 terminat
1390 322 1469 381 saepe
1479 307 1510 364 in
1520 323 1546 364 c.
1558 309 1611 382 qui
1626 309 1666 366 ab
1680 327 1716 369 ea
1730 311 1866 388 diapenta
1877 320 1908 372 et

200 403 263 466 nat,
278 393 479 470 principatum
499 388 575 460 ejus,
600 391 837 460 cunctarumque
864 385 1027 442 disfinclio·
1082 395 1273 454 semitonium
1300 394 1399 463 distat,
1427 395 1607 469 principium
1632 397 1702 458 iacit
1715 399 1746 456 in
1765 401 1821 460 hac
1835 402 1907 460 anti·

199 503 273 546 num
292 483 366 540 lines
392 477 441 536 vel
468 477 558 536 etiam
582 476 739 551 principia,
760 490 837 549 opus
851 480 897 533 est
924 474 1026 532 adbee-
1080 489 1206 564 phona:

196 1435 200 1444 .
299 1390 398 1445 lertio
410 1385 472 1443 dics
484 1390 536 1452 est,
552 1383 633 1456 qaod
646 1383 710 1440 loc
726 1381 812 1450 sacta
831 1384 911 1436 suot.
1039 1380 1059 1434 Β
1077 1377 1336 1450 comparationem
1345 1375 1414 1433 finis
1428 1380 1493 1434 tum
1506 1376 1566 1435 sint
1580 1392 1685 1450 gravae
1696 1377 1827 1452 etplani,
1837 1382 1901 1436 tum

226 1484 368 1538 Praeterea
391 1490 463 1532 oum
491 1473 622 1546 aliquem
649 1472 769 1528 cantare
793 1467 944 1538 audimus,
960 1465 1018 1539 pri·
1073 1467 1151 1523 acuti
1166 1471 1195 1522 et
1206 1466 1267 1535 alti,
1284 1483 1388 1524 versus
1401 1469 1430 1524 et
1455 1467 1576 1540 psalmi,
1591 1467 1660 1524 etsi
1681 1467 1766 1542 quid,
1779 1473 1813 1526 ut
1826 1469 1902 1525 dixi-

190 1587 273 1628 mem
288 1566 353 1640 ejus
367 1579 484 1635 rocem,
496 1559 667 1633 cujusmodi
679 1558 910 1628 sit‚ignoramus
925 1574 932 1624 ;
946 1555 1019 1629 quia
1072 1572 1150 1626 mus,
1167 1555 1219 1612 fini
1234 1555 1402 1629 aptandum
1429 1559 1503 1628 erat,
1524 1572 1586 1613 uno
1611 1555 1780 1630 eodemque
1808 1558 1900 1614 modo

189 1664 291 1716 utrum
305 1652 367 1711 toni
375 1651 424 1710 vei
432 1651 589 1708 semitonia
600 1647 759 1721 reliquave
767 1643 880 1719 species
888 1659 1017 1717 sequan—
1070 1645 1221 1719 prolatum
1235 1645 1361 1702 diversis
1375 1645 1471 1719 aptari
1486 1660 1548 1702 non
1558 1649 1683 1720 poterat.
1706 1645 1793 1714 Quod
1820 1647 1899 1704 enim

188 1754 247 1816 tur,
284 1741 445 1802 nescimus
473 1739 564 1796 Finito
586 1753 657 1794 vero
686 1739 775 1792 cantu
803 1733 912 1791 ultima
935 1733 1017 1790 vocis
1072 1733 1323 1808 subjungebatur,
1334 1733 1359 1790 si
1371 1738 1435 1791 erat
1446 1750 1631 1806 grava-cum
1644 1735 1739 1793 acutis
1755 1751 1818 1792 non
1832 1753 1899 1794 con·

188 1835 314 1895 modum
324 1849 362 1890 ex
376 1828 529 1904 preteritis
544 1831 644 1901 aperte
666 1823 869 1895 agnoscimus.
897 1826 1016 1897 incepto
1070 1824 1220 1892 veniebat,
1236 1823 1260 1882 si
1279 1827 1342 1880 erat
1356 1827 1490 1892 acutum,
1506 1839 1524 1880 a
1538 1824 1681 1895 gravibus
1695 1823 1897 1882 discordabat.

188 1925 267 1986 enim
282 1926 384 1990 cantu,
397 1916 471 1994 quid
481 1919 634 1992 sequatur,
651 1914 782 1985 ignoras,
797 1911 882 1969 finito
903 1916 1014 1980 autem,
1070 1913 1232 1972 Consilium
1247 1912 1348 1988 itaque
1362 1912 1426 1982 tuit,
1445 1916 1476 1969 ut
1495 1913 1623 1987 quisque
1652 1912 1762 1971 modus
1777 1914 1899 1988 partire·

187 2015 260 2091 quid
288 2009 483 2086 precesserit,
510 2006 602 2062 vides.
633 2009 734 2078 ltaque
757 2001 855 2059 finalis
886 2017 946 2058 vox
961 2005 1014 2069 est,
1070 2001 1159 2058 turin
1173 2001 1262 2070 duos,
1278 1999 1307 2058 id
1331 2004 1384 2080 est,
1414 2004 1537 2059 acutum
1563 2000 1897 2073 etgravem,d1stribu-

186 2119 281 2179 quam
294 2099 400 2158 melius
425 2097 585 2154 intuemur.
610 2092 721 2151 Deinde
744 2090 768 2147 si
790 2090 888 2148 eidem
914 2090 1014 2148 cantui
1069 2089 1165 2162 iisque
1178 2088 1288 2161 regulis
1302 2093 1390 2146 acuta
1417 2089 1604 2162 cumacutiS,
1620 2094 1649 2147 et
1663 2091 1766 2163 gravia
1791 2107 1898 2148 conve·

186 2208 305 2252 versum
321 2193 374 2246 aut
386 2187 549 2261 psalmum,
571 2186 622 2241 aut
649 2180 762 2255 aliquid
787 2179 860 2238 velis
891 2179 1015 2253 subjun·
1068 2179 1165 2236 nirent
1179 2177 1332 2251 gravibus,
1344 2182 1372 2236 et
1386 2183 1492 2236 acutus
1519 2178 1649 2254 quisque
1663 2180 1771 2238 modus
1784 2180 1897 2238 dicere-

185 2297 265 2355 gere,
279 2277 319 2336 ad
330 2275 453 2334 finalem
465 2288 570 2330 vocem
582 2268 768 2344 permaxime
782 2283 859 2342 opus
870 2272 915 2324 est
926 2283 1015 2342 coap
1067 2273 1116 2326 tur
1134 2268 1310 2338 autenticus,
1326 2268 1425 2342 idest,
1441 2269 1600 2327 auctoralis
1612 2275 1641 2328 et
1651 2269 1790 2345 princeps
1804 2288 1812 2340 ;
1829 2286 1897 2342 gra·

184 2377 258 2440 tare,
270 2383 332 2426 non
341 2365 380 2422 ad
394 2363 499 2438 primae
511 2359 556 2418 rel
570 2359 696 2417 aliarum
710 2357 786 2414 adeo
795 2356 1014 2430 inspectionem
1067 2357 1112 2415 ris
1127 2363 1229 2416 autem
1240 2357 1332 2432 plaga
1346 2362 1512 2432 vocaretur,
1526 2358 1625 2432 idest,
1653 2359 1783 2418 lateralis
1797 2363 1827 2418 et
1840 2360 1897 2418 mi·

183 2458 290 2518 „dim
1066 2463 1132 2504 nor.
1146 2447 1224 2515 Quid
1238 2447 1319 2504 enim
1331 2445 1438 2504 dicitur
1453 2452 1531 2506 stare
1557 2447 1597 2505 ad
1611 2448 1688 2506 latus
1714 2465 1829 2519 meum,
1844 2451 1899 2508 mi-

219 2545 345 2605 Additur
356 2557 479 2616 quoque
494 2543 522 2596 et
546 2537 629 2606 illud,
654 2534 738 2610 quod
753 2534 885 2592 accurati
906 2539 1012 2593 cantus
1065 2551 1180 2592 norme
1194 2539 1248 2603 est,
1261 2538 1401 2593 craterum
1415 2534 1440 2592 ai
1451 2539 1531 2593 esset
1544 2537 1652 2608 major,
1666 2552 1724 2608 ego
1737 2538 1838 2612 aptius
1853 2538 1897 2595 di-

183 2639 214 2696 in
228 2635 352 2694 finalem
372 2647 476 2689 rocem
504 2628 635 2685 maxime
663 2623 867 2682 distinctiones
882 2625 1010 2682 mittant.
1065 2640 1148 2681 cerer
1162 2628 1239 2682 sture
1252 2623 1383 2682 adlatus
1410 2624 1487 2695 ejus.
1513 2625 1588 2682 Cum
1612 2641 1683 2698 ergo
1704 2625 1823 2685 dicetur
1841 2643 1896 2685 au-

183 2731 240 2785 Neo
253 2725 363 2781 mirum
375 2725 420 2777 est
445 2717 564 2788 regulas
580 2714 725 2772 musicam
750 2727 902 2770 sumeres
925 2713 1012 2771 finali
1030 2717 1164 2786 cientus
1179 2717 1284 2787 protus
1300 2717 1330 2770 et
1339 2712 1436 2786 plagis
1450 2713 1538 2787 proti,
1553 2714 1686 2772 similiter
1708 2715 1747 2774 de
1761 2716 1895 2791 reliquis,

182 2831 266 2882 voce,
283 2815 391 2870 cumet
405 2808 436 2865 in
461 2804 668 2865 Grammatico
691 2802 827 2876 partibus
849 2803 1009 2878 artispene
1063 2799 1116 2872 qui
1129 2797 1304 2856 neutraliter
1317 2797 1349 2855 in
1372 2797 1497 2855 vocibus
1521 2803 1723 2874 erantquator
1736 2800 1835 2870 dirisi,
1864 2802 1896 2859 in

181 2905 295 2978 ubique
309 2901 371 2958 vim
386 2913 491 2955 sensus
519 2896 550 2951 in
578 2891 689 2950 ultimis
712 2890 815 2948 litteris
829 2891 877 2946 vel
887 2890 1010 2963 syllabis
1063 2887 1202 2944 cantibus
1220 2886 1290 2945 lacti
1311 2891 1381 2944 sunt
1401 2890 1479 2944 octo.
1512 2887 1624 2947 abusio
1650 2895 1752 2948 autem
1775 2890 1898 2948 tradidit

181 3006 347 3069 percarus,
374 3002 527 3053 numeros,
543 2997 701 3058 personas,
731 2985 927 3054 temporaque
952 2981 1009 3038 dis·
1061 2976 1161 3034 latinis
1174 2975 1293 3033 dicere:
1320 2991 1376 3050 pro
1404 2980 1525 3034 autento
1550 2981 1636 3052 proto
1654 2983 1684 3036 et
1712 2979 1810 3054 plagis
1823 2996 1896 3055 pro·

181 3083 341 3142 cernimus.
359 3077 448 3149 lgitur
466 3075 538 3148 quia
560 3077 588 3130 et
600 3069 699 3128 omnis
713 3069 780 3128 laus
808 3069 838 3126 in
855 3069 915 3128 tine
929 3071 1009 3128 cani-
1062 3066 1092 3134 ti,
1120 3065 1237 3139 primus
1262 3071 1291 3124 et
1318 3066 1464 3126 secundas
1480 3085 1487 3136 ;
1501 3084 1557 3141 pro
1579 3073 1700 3128 autento
1727 3070 1853 3128 deutero
1866 3075 1896 3128 et

179 3174 237 3241 tur,
250 3161 548 3243 juredicimusquod
565 3159 664 3218 omnis
678 3161 787 3230 cantus
806 3156 833 3214 ei
856 3155 893 3214 sit
915 3158 1008 3216 modo
1062 3154 1159 3229 plagis
1182 3154 1306 3224 deuteri,
1336 3155 1438 3213 artius
1463 3160 1493 3212 et
1513 3162 1663 3230 quartus;
1689 3174 1744 3233 pro
1770 3164 1895 3218 autento

178 3260 343 3331 subJectus,
365 3255 491 3314 etabeo
502 3250 596 3308 modo
604 3247 741 3320 regulam
758 3250 868 3317 sumat,
896 3247 949 3320 qui
963 3247 1008 3304 ul·
1062 3245 1130 3302 trito
1153 3249 1182 3302 et
1206 3243 1303 3317 plagis
1329 3245 1398 3316 triti,
1422 3245 1545 3319 quintus
1569 3251 1598 3304 et
1611 3253 1734 3318 sextus;
1762 3265 1818 3324 pro
1841 3267 1896 3308 au-

178 3346 416 3407 timueramus
437 3339 523 3398 finali
543 3339 644 3411 itaque
672 3351 744 3393 voce
758 3335 798 3392 ad
812 3335 950 3408 quintam
976 3335 1008 3392 in
1061 3336 1142 3391 tento
1179 3333 1309 3392 airardo
1336 3338 1365 3390 et
1392 3333 1490 3407 plagis
1513 3335 1644 3405 tetrardi,
1682 3338 1826 3413 septimus
1864 3343 1896 3396 et

177 3434 311 3510 quolibet
338 3435 429 3488 cantu
454 3429 537 3500 justa
549 3431 593 3482 est
616 3423 775 3497 depositio,
789 3428 817 3479 et
840 3439 937 3496 usque
967 3423 1007 3480 ad
1060 3427 1197 3480 octavrm.

176 3529 300 3582 octavas
314 3518 450 3584 elevatio,
463 3515 532 3574 licet
545 3517 649 3571 conus
676 3512 755 3569 hanc
767 3510 904 3582 regulam
927 3528 1006 3587 saepe
1372 3541 1485 3597 CAPUT
1502 3543 1570 3598 xm¹

176 3612 229 3670 fiat
252 3607 373 3667 eumad
387 3620 511 3672 nonam,
540 3601 726 3658 decimamve
747 3600 793 3656 vel
812 3600 1004 3659 undecimam
1431 3660 1460 3672 ,,
1630 3663 1637 3676 ,

175 3652 415 3777 progredimur·
441 3693 524 3752 Unde
548 3696 578 3748 οἱ
600 3689 706 3748 finales
724 3705 814 3746 νοω,
840 3694 1006 3748 statuarum
1058 3659 1102 3716 De
1116 3659 1180 3716 dcto
1195 3658 1672 3732 modoramcgmtrone,acamme
1687 3670 1715 3722 et
1728 3667 1891 3738 pravitate.

176 3795 208 3849 D.
225 3794 255 3848 E.
273 3792 302 3846 F.
316 3791 348 3846 G.
364 3785 437 3860 quia
448 3783 496 3840 his
519 3781 652 3856 primum
669 3778 845 3854 pradictum
868 3779 1005 3838 elevatio
1096 3781 1186 3853 igitur
1199 3785 1268 3838 octo
1282 3786 1352 3839 sunt
1366 3784 1459 3855 modi,
1475 3789 1508 3842 ut
1529 3790 1597 3844 octo
1618 3792 1719 3861 partes
1733 3790 1892 3861 orationis,

173 3897 244 3940 nem
268 3877 316 3934 vel
334 3873 554 3949 depositionem
575 3867 774 3926 monochordi
801 3866 910 3941 positio
925 3885 1005 3926 com·
1057 3874 1087 3928 et
1100 3873 1167 3927 octo
1181 3869 1285 3928 torma
1303 3870 1505 3942 beatitudinis,
1520 3891 1574 3948 per
1596 3893 1675 3952 quos
1695 3877 1793 3936 omnis
1816 3896 1893 3938 can·

173 3967 339 4029 modaverit
354 3985 361 4035 ;
379 3963 493 4022 habent
524 3959 605 4018 euim
643 3958 708 4014 haec
731 3957 876 4014 deorsum
908 3974 1003 4016 unum
1057 3959 1148 4017 tilena
1157 3959 1329 4016 discurrens
1343 3965 1411 4018 octo
1426 3961 1624 4022 dissimilibus
1638 3966 1763 4026 vocibus
1777 3971 1894 4044 etqua·

172 4056 395 4116 tetrachordum
421 4051 570 4124 gravium,
601 4063 723 4106 sursum
747 4062 819 4105 vero
843 4046 905 4103 duo
934 4063 1002 4104 acu·
1020 4048 1340 4129 „daubusvariatur
1355 4050 1492 4126 Adquos
1511 4053 1694 4116 iacentibus
1720 4058 1894 4118 discernen-

171 4151 282 4205 Μ,
1054 4138 1111 4196 dos
1124 4139 1214 4196 etiam
1232 4139 1503 4213 quodamncumar
1517 4142 1646 4202 inventae
1659 4151 1738 4219 sunt,
1754 4163 1791 4204 ex
1812 4165 1892 4224 qua-

492 4231 604 4290 cerua
626 4230 681 4289 ltlt.
1054 4228 1356 4301 rumaptitudineita
1369 4231 1496 4290 modum
1513 4233 1661 4299 cantionis
1681 4237 1889 4311 agnoscimus,

259 4327 304 4384 De
316 4323 461 4380 dictem
473 4324 604 4393 quatuor
619 4317 775 4374 modorum
789 4315 821 4372 in
835 4319 911 4372 octo.
1055 4319 1131 4375 deut
1144 4333 1225 4392 sape
1243 4332 1280 4374 ex
1295 4318 1460 4393 aptitudine
1487 4323 1631 4396 corporis,
1651 4339 1720 4398 ques
1739 4327 1828 4400 cuius
1852 4328 1892 4387 sit

207 4419 321 4474 marae
334 4427 405 4470 cum
419 4413 525 4468 cauma
538 4407 629 4466 unitus
641 4405 736 4476 modi,
747 4407 849 4478 utpote
859 4403 947 4479 proti,
960 4404 1002 4464 ad
1054 4406 1165 4477 tunica,
1178 4407 1354 4482 reperimus,
1371 4413 1422 4466 utr

347 4566 463 4622 Daca
548 4555 701 4616 atilli
756 4553 854 4611 ΗΕ
909 4553 956 4609 lili
1029 4551 1687 4622 GFGaGaGFEFGaGFEl'D.

346 4661 404 4720 Pri
415 4674 498 4716 mum
534 4670 591 4730 que
607 4653 637 4712 ri
672 4658 700 4709 te
753 4667 788 4709 re
800 4667 893 4724 onam
912 4651 970 4707 Dei

204 4818 269 4873 ltox
283 4811 364 4871 enim
378 4813 491 4867 utcum
503 4805 563 4864 fine
581 4803 708 4877 alicuius
736 4803 907 4876 antiphone
920 4801 999 4860 hanc
1052 4807 1170 4878 partem
1188 4804 1374 4879 horumque
1385 4803 1526 4864 dicuntur
1538 4807 1684 4882 intelligit.
1701 4811 1743 4870 lbi
1756 4812 1838 4871 enirn
1854 4814 1889 4872 in

166 4919 310 4963 neumam
324 4903 401 4963 hene
416 4895 579 4956 viderimus
595 4892 764 4965 convenire,
790 4890 874 4966 quod
888 4891 1001 4948 autenti
1052 4894 1158 4952 formis
1172 4895 1362 4969 praevidetur,
1377 4896 1489 4970 quibus
1503 4898 1535 4955 in
1555 4899 1682 4959 vocibus
1695 4903 1887 4977 singidonum

167 4994 245 5068 proti
269 4992 315 5059 sit.
344 4992 471 5049 nonest
494 5002 570 5061 opus
597 4982 735 5040 dubitare
752 4999 759 5054 ;
780 4981 822 5038 sic
845 4979 1000 5038 etdereli-
1052 4984 1213 5041 modorum
1229 4988 1335 5042 cantus
1349 4985 1445 5043 rarius
1460 4988 1606 5061 saepiusve
1619 4989 1790 5066 incipiatur,
1810 4999 1839 5052 et
1854 4995 1888 5052 in

167 5082 245 5156 qui„
1051 5071 1293 5148 quibusminime
1302 5073 1333 5130 id
1342 5073 1500 5133 fietzutin
1513 5077 1611 5150 plagis
1621 5079 1746 5154 quidem
1758 5081 1888 5141 minime

202 5167 247 5224 Ad
253 5168 311 5224 hoc
321 5167 411 5223 etiam
424 5153 669 5237 cognoscendum
676 5158 840 5235 plurimum
855 5155 955 5214 valent
969 5162 998 5214 et
1048 5159 1173 5217 licetvel
1183 5160 1330 5235 principia
1345 5161 1391 5219 vel
1406 5161 1481 5220 fines
1500 5163 1724 5226 distinctionum
1739 5171 1777 5228 ad
1793 5172 1889 5245 qain-

165 5243 996 5326 vereusnocturnaliumresponsoriorum,etpsalmioffl·
1049 5252 1095 5303 tas
1109 5247 1273 5318 intendere,
1288 5265 1356 5306 eum
1373 5253 1402 5307 et
1421 5251 1460 5307 ad
1486 5259 1611 5325 quartas
1631 5273 1755 5329 perraro
1788 5260 1890 5318 soleat

165 5345 291 5416 ciorum,
306 5347 335 5400 et
349 5343 450 5400 omnin
465 5358 533 5415 quae
551 5341 582 5396 iu
598 5339 758 5396 modorum
773 5334 910 5394 formulis
920 5349 995 5408 prae-
1048 5336 1165 5393 evenire
1180 5338 1247 5410 (it).
1258 5342 1289 5394 ln
1304 5340 1432 5397 autentis
1445 5356 1525 5412 vero,
1535 5349 1643 5415 praeter
1657 5345 1889 5420 deuterum,ee·

165 5433 346 5504 scribuntur,
354 5446 433 5506 quas
446 5430 497 5503 qui
507 5445 569 5485 non
582 5425 793 5500 novit,mirum
805 5429 850 5481 est
861 5424 885 5480 si
900 5439 994 5496 qnam
1047 5422 1117 5480 dem
1133 5425 1280 5500 principia
1289 5431 1317 5484 et
1332 5427 1406 5486 fines
1425 5429 1649 5490 distinmmuum
1670 5435 1888 5510 minimelicet

199 5559 255 5633 tlt)
268 5556 410 5616 uidemur
423 5553 595 5626 agendum,
608 5553 723 5612 soleam
734 5551 903 5622 pervenire.
