4044 6184
718 140 894 200 annuerim
920 137 1145 198 scholastici
1175 143 1351 198 ANDEGAV.

1025 269 1048 320 Α
1103 263 1224 332 Occidit,
1239 279 1301 320 una
1313 263 1372 320 mei
1385 279 1453 336 spes
1463 269 1492 319 et
1502 278 1588 318 amor
1603 261 1719 332 generis
1733 270 1764 328 ;‘

1066 368 1130 432 Quo
1145 371 1287 438 pereunte
1299 366 1402 434 modo,
1418 365 1491 422 milri
1507 369 1614 422 caetera
1629 365 1689 422 vita
1703 367 1853 437 superstes

1101 463 1254 522 protrahet
1269 465 1402 535 ingratas
1418 463 1478 520 fine
1494 463 1627 520 carendo
1641 479 1751 520 moras.

183 149 235 201 ¹55
1847 143 1898 194 tte

485 241 597 320 carun
621 267 711 322 xvru.

407 337 451 392 De
463 341 580 392 mortuo
596 338 782 394 resuscitato.

219 427 347 496 Contigit
359 424 536 498 quemdam,
550 425 672 482 nomine
693 425 875 494 Hunaldum,
892 425 1012 482 Tolosa-

182 514 546 590 nisinpartihussanctm
561 515 700 588 martyris
720 513 933 572 admirandum
946 529 1014 588 pre
1158 566 1163 578 ,
1212 568 1217 579 ,
1333 567 1338 578 ,
1396 567 1401 578 ,
1643 565 1648 576 .
1768 565 1774 576 .

183 605 327 664 meruisse
342 601 534 672 beneficium,
547 603 676 678 neuqua
688 607 716 661 et
739 619 830 677 opere
855 603 1013 676 inopinam
1068 567 1124 624 sed
1140 583 1175 637 δι’
1191 583 1274 639 ἯΓΒΟ
1290 570 1350 636 Μ’
1361 582 1542 624 m¹⁵⁰r⁰wm
1553 565 1709 639 quesubus
1725 565 1791 621 ”¹¹¹⁸

183 693 309 768 experiri
322 694 387 766 ejus
409 691 671 764 'magnificentiam
699 693 850 750 virtutum.
880 692 1014 748 Habebat
1102 665 1247 738 mmsis>
1259 669 1286 721 ‘³¹
1299 665 1441 739 lffll'mis
1453 664 1578 721 limeris
1596 663 1714 734 inlinis
1729 681 1735 732 3

183 777 263 842 enim
282 782 389 854 filium,
409 798 501 854 quem
515 783 552 840 de
568 799 651 840 more
666 781 746 838 misit
775 783 814 839 ad
843 786 1013 839 armentum
1066 771 1183 826 Munere
1199 769 1312 842 sopitos
1325 769 1386 826 nati
1402 785 1478 842 quos
1494 768 1644 824 cernimus
1660 771 1752 836 artuS,

182 873 213 930 in
222 872 343 946 pascuis
358 871 550 928 servandum.
577 873 614 928 At
625 871 684 943 ille,
699 871 844 945 pastorali
858 887 930 927 cura
950 887 1013 926 sus·
1102 866 1146 922 Ad
1161 866 1292 939 priscam
1308 868 1412 936 vitam,
1429 873 1455 923 te
1467 883 1550 938 rogo,
1567 882 1647 922 nunc
1663 880 1779 922 revoca.
1796 887 1809 912 n

183 966 279 1034 cepta,
295 960 344 1016 die
359 959 505 1033 quadam,
522 965 662 1032 surgente
675 961 948 1034 hespffl'oalmsssslfl
962 959 1013 1015 do·
1066 972 1201 1043 Cumque
1215 969 1261 1026 his
1276 975 1304 1026 et
1315 970 1492 1041 huiusmodi
1505 967 1737 1042 quamplurimis
1767 965 1899 1040 querelis

183 1068 269 1107 mum
287 1049 446 1121 reducens,
462 1065 515 1122 per
529 1050 731 1121 negligentem
746 1050 893 1106 incuriam
904 1049 1013 1106 hovem
1067 1073 1158 1130 super
1170 1057 1302 1114 defuncti
1315 1075 1424 1132 corpus
1448 1057 1631 1114 incumbens
1654 1061 1740 1130 pater
1751 1072 1822 1112 cum
1834 1070 1900 1110 ma-

183 1155 280 1196 unum
292 1139 368 1195 inter
379 1139 486 1196 fruteta
501 1138 622 1210 dimisit,
640 1139 771 1211 reliquos
785 1156 857 1196 vero
884 1139 1013 1195 bostaris
1066 1162 1126 1218 gno
1137 1147 1249 1218 ejulatu
1268 1152 1453 1220 quereretur,
1482 1162 1588 1202 omnes
1616 1145 1668 1218 qui
1697 1145 1736 1202 ad
1760 1143 1900 1200 ultimum

183 1229 369 1304 praesepibus
393 1227 528 1286 inseruit.
550 1232 678 1286 Cernens
707 1229 797 1300 igitur
823 1246 920 1286 vacuo
946 1229 1013 1285 loco
1066 1237 1277 1310 exsequiarum
1296 1237 1477 1310 obsequium
1488 1237 1624 1304 aderant,
1640 1233 1776 1292 deflentis
1793 1234 1900 1306 pietate

184 1333 280 1373 unum
295 1316 400 1372 abesse
425 1315 548 1384 animal,
577 1333 692 1391 pascua
719 1335 773 1391 per
800 1317 903 1374 furvas
919 1317 1014 1374 nectis
1067 1325 1151 1392 moti,
1182 1325 1300 1382 fletibus
1330 1342 1384 1383 ora
1411 1325 1561 1397 rigabant,
1589 1341 1624 1380 ac
1653 1323 1900 1396 gloriosissimam

185 1405 323 1463 tenebras
334 1405 486 1476 solivagus
501 1407 625 1479 repetiit.
643 1407 699 1464 Sed
721 1423 834 1477 magna
849 1412 933 1480 parte
946 1423 1014 1464 noc·

184 1495 220 1552 tis
235 1495 311 1551 illius
319 1495 384 1566 jam
401 1493 513 1568 elapsa,
531 1513 618 1552 casso
633 1496 735 1554 labore
749 1497 938 1570 quaeritandi,
952 1497 1015 1552 sine

1067 1413 1215 1484 virginem
1230 1413 1331 1472 Fidem
1345 1413 1444 1470 mixtis
1458 1412 1600 1487 lacrymis
1625 1412 1775 1488 precibus,
1803 1415 1835 1468 ut
1862 1410 1901 1466 ad

1069 1503 1291 1562 invocationem
1308 1505 1354 1560 sui
1381 1504 1475 1562 sancti
1503 1502 1633 1560 nominis
1660 1500 1790 1576 propitio
1817 1500 1902 1557 cultu

184 1584 262 1642 bove
278 1583 367 1641 tristis
384 1601 418 1642 ac
437 1586 764 1653 marcomannicum
780 1591 967 1660 ageretque
984 1603 1015 1644 se
1034 1625 1055 1680 Β
1069 1593 1215 1668 respicere
1225 1593 1374 1666 dignetur,
1387 1593 1546 1650 unanimes
1554 1598 1688 1652 exerunt.

184 1677 318 1742 verteret,
332 1673 415 1730 nulla
429 1675 456 1730 ei
467 1675 580 1732 ratione
595 1681 684 1750 patet:
697 1675 922 1750 improbissima
934 1675 1016 1732 enim

184 1764 277 1838 patris
292 1765 636 1838 severitatepertsrritus‚
650 1782 686 1822 eo
703 1766 812 1824 sciente
827 1771 939 1824 tectum
954 1782 1015 1823 nen

185 1852 277 1910 audet
289 1852 399 1924 subire,
413 1869 511 1928 neque
527 1854 601 1928 quid
616 1855 642 1911 ei
657 1855 797 1912 acciderit
812 1854 960 1912 ullatenus
969 1855 1015 1911 in-

184 1941 437 1999 timarelantmn
454 1959 524 1999 vero
550 1943 654 2018 sopitis
680 1943 831 2012 omnibus,
862 1942 969 2000 lectulo
985 1961 1017 1999 se

185 2031 310 2088 contulit
323 2032 485 2090 clanculus.
505 2032 558 2090 Ubi
573 2050 640 2089 cum
658 2033 795 2090 membra
811 2034 915 2090 amissi
929 2033 1016 2089 bovis

184 2119 326 2190 indagine
337 2120 505 2178 admodum
520 2121 638 2178 defessa
664 2123 800 2194 jactaret,
828 2122 905 2179 illico
934 2126 1016 2180 tanto

185 2210 288 2268 dolore
302 2209 469 2284 corripitru,
482 2217 513 2268 ut
528 2228 604 2286 pene
628 2212 712 2269 omni
737 2212 853 2270 ossium
869 2228 1016 2286 compage

185 2299 332 2358 resolutus
347 2299 525 2358 crederetur.
542 2303 606 2368 Ouo
621 2301 723 2358 dolore
737 2301 864 2359 nimium
876 2306 878 2310 '
888 2301 1016 2358 invales-

186 2393 280 2460 cente,
296 2393 324 2445 ct
336 2393 420 2446 motu
434 2394 554 2448 artuum
569 2391 735 2462 fraudatur,
747 2395 775 2448 ct
785 2391 908 2448 rationis
917 2389 1016 2448 officio

185 2479 329 2552 privatur.
345 2482 428 2538 Mane
443 2484 544 2538 autem
560 2481 649 2554 iacto,
673 2485 705 2538 ut
733 2497 803 2538 eum
827 2485 912 2554 pater
933 2484 1016 2537 tanto

185 2568 340 2642 conspexit
365 2575 536 2645 correptum
572 2571 728 2643 languore,
758 2571 894 2646 deposito
916 2570 1015 2627 furore

185 2675 257 2718 mox
278 2659 587 2733 superimminentem
611 2661 673 2720 nati
691 2661 843 2719 interitum
864 2660 1015 2718 tlebilibus

185 2749 273 2823 coepit
284 2750 444 2822 gemitibus
457 2750 569 2820 dolere,
586 2768 630 2820 ac,
644 2751 717 2808 dum
730 2752 805 2809 vasti
816 2751 1015 2823 singultorum

74 2832 78 2840 '
184 2841 356 2911 quateretur
369 2837 488 2908 ictibus,
505 2844 618 2896 sanata
634 2839 711 2896 Fidis
725 2839 912 2896 salutiferam
925 2855 1014 2913 opem

1106 1693 1283 1766 Siequoque
1297 1693 1451 1761 cornuue,
1464 1692 1515 1750 sed
1528 1696 1556 1749 et
1579 1697 1610 1760 (o
1628 1691 1763 1749 mirabile
1782 1690 1865 1747 dictu
1881 1690 1901 1760 t)

1105 1787 1180 1840 lttors
1195 1787 1268 1839 tetra
1280 1783 1344 1840 visa
1362 1787 1440 1840 retro
1455 1781 1591 1857 predam
1616 1782 1742 1852 fugitiva
1771 1780 1899 1854 reliquit,

1105 1874 1300 1946 Evomuitque
1311 1889 1405 1929 uorax
1421 1873 1509 1930 avida
1523 1872 1561 1929 de
1572 1873 1657 1929 lance
1677 1871 1827 1945 rapinam.

1103 1962 1240 2019 Protinus
1256 1966 1346 2034 atque
1360 1967 1451 2035 caput
1463 1961 1543 2018 lento
1557 1960 1712 2018 nutamine
1732 1960 1863 2026 functus,

1105 2054 1137 2106 ln
1152 2055 1252 2123 partes
1262 2053 1371 2116 versat,
1388 2049 1503 2121 gelidas
1517 2049 1665 2106 recalente
1681 2047 1829 2105 medullas

1106 2139 1217 2196 l‘omite
1231 2137 1351 2197 vivifico
1367 2157 1374 2194 ι
1391 2139 1551 2212 subitoque
1566 2155 1620 2212 per
1634 2137 1735 2210 algida
1760 2136 1899 2194 membra

1106 2229 1231 2302 Spiritus
1246 2228 1364 2284 inlusus
1384 2233 1478 2285 totum
1490 2228 1543 2286 dat
1557 2228 1656 2284 vivere
1671 2243 1793 2300 corpus,

1106 2318 1292 2392 Erigiturque
1301 2318 1418 2390 iacens,
1431 2317 1610 2392 trepidantia
1637 2316 1753 2374 lumina
1778 2315 1901 2372 vixdum

1105 2407 1256 2465 Attollens.
1271 2410 1308 2464 At
1321 2424 1393 2464 mox
1402 2411 1479 2465 totos
1495 2406 1585 2464 simul
1599 2406 1684 2476 erigit
1694 2409 1785 2472 artua,

1107 2501 1140 2555 Et
1155 2499 1269 2555 stetitin
1276 2498 1406 2571 propriis
1417 2497 1624 2554 membrorum
1632 2494 1902 2568 maclrinaplantis.

1106 2587 1177 2644 lude
1192 2587 1319 2644 domum
1333 2586 1439 2659 repetit
1449 2586 1552 2642 divino
1563 2585 1680 2644 tramite
1690 2584 1793 2658 patris.

1071 2679 1135 2745 Ouo
1150 2677 1216 2733 viso
1230 2676 1382 2748 cunctim
1397 2675 1561 2746 gratiarum
1577 2675 1726 2732 audonem
1738 2673 1826 2740 versi,
1842 2687 1902 2747 prae

1071 2766 1182 2838 gaudio
1198 2765 1271 2823 tanti
1285 2765 1422 2823 miraculi
1434 2765 1585 2837 lacrymas
1615 2763 1755 2830 fundunt,
1776 2767 1901 2820 sancire-

1070 2872 1129 2930 que
1144 2854 1268 2926 virginis
1278 2871 1314 2912 ac
1326 2855 1469 2927 martyris
1482 2854 1559 2910 lillis
1580 2854 1720 2910 virtutem
1733 2851 1903 2922 glorifican-

185 2927 304 3028 fflffffllis
317 2926 458 3027 implfllfl‘
466 2927 660 3028 ⁰lfl¹11f>¹⁸lb¹1⁵r
672 2934 705 3028 ut
717 2928 851 3002 Plistissffi
861 2929 1015 2986 lssssOlUffli·
1031 2983 1051 3040 C
1070 2950 1124 3017 tes,
1136 2945 1213 3002 vetis
1228 2949 1256 3002 et
1270 2943 1448 3002 muneribus
1462 2959 1526 3000 sese
1541 2960 1576 3000 ac
1600 2959 1672 2999 suos
1697 2943 1723 2998 ei
1752 2941 1902 3016 supplices

185 3019 237 3072 tau
251 3031 316 3087 01⁰⁸
330 3020 501 3074 resumatur
514 3017 602 3076 fflfflS·
620 3021 656 3075 Ᾱῑ
669 3018 717 3076 ¹1¹³
731 3023 792 3076 fflt⁰
817 3035 942 3093 <³0ll³0le
956 3035 1015 3078 ¹11³·
1070 3035 1227 3092 devovent.
1243 3035 1350 3109 Sicque
1369 3033 1409 3090 ab
1428 3033 1556 3090 eeclesia
1582 3033 1681 3091 Sancti
1709 3031 1834 3100 Georgii,
1851 3029 1903 3086 ubi

186 3119 262 3160 nens
277 3103 452 3177 immobilis,
469 3123 589 3165 summo
598 3107 745 3166 duntaxat
757 3109 790 3166 in
803 3108 1015 3183 pectere'vide-

186 3192 274 3252 hatur
284 3194 311 3251 ei
325 3195 407 3252 calor
417 3196 525 3272 vitalis,
550 3202 640 3272 atque
669 3198 718 3256 tali
742 3199 773 3256 in
789 3204 909 3273 stupere
922 3215 1015 3256 mem-

185 3281 310 3338 brorum
317 3281 503 3358 diasperegit
512 3302 633 3358 novem,
643 3285 793 3345 exstinctis
803 3287 932 3344 lucernis
947 3303 1017 3343 ocu·

186 3371 294 3428 lorum.
311 3372 430 3430 ltecimo
441 3380 543 3432 autem
557 3375 615 3445 die,
627 3393 696 3449 qum
710 3376 864 3432 Dominica
880 3375 1015 3432 habeba-

187 3463 243 3532 tur,
264 3465 296 3518 ut
308 3461 448 3520 viderunt
460 3463 591 3537 pupulas
603 3463 753 3520 luminum
780 3465 811 3520 in
835 3469 931 3520 morte
946 3480 1015 3520 con·

187 3548 383 3621 tabescentes,
400 3551 559 3626 gelidoque
575 3553 684 3610 sudore
714 3556 842 3611 trontem
871 3569 907 3610 ae
922 3569 1015 3623 genas

186 3644 331 3712 rorantes,
346 3639 485 3714 apposita
498 3641 574 3698 laevo
589 3640 672 3698 lateri
700 3657 795 3698 manu
818 3640 891 3698 nihil
917 3643 1015 3700 vivum

187 3727 273 3786 salire
295 3729 436 3801 sentiunt,
461 3731 515 3787 sed
535 3731 638 3788 omnia
665 3735 776 3788 aterno
804 3731 905 3804 sopori
915 3732 1017 3789 dedita

187 3817 418 3876 evidentissimis
444 3819 536 3892 signis
550 3825 728 3892 agnoscunt.
746 3820 823 3887 Quid
834 3821 921 3894 plura
936 3821 949 3877 ‘l
965 3824 1017 3878 Fu-

186 3924 244 3966 nus
260 3914 377 3984 parant,
391 3911 589 3986 exanimeque
603 3911 733 3970 cadaver
743 3911 907 3986 sandapilae
923 3912 1017 3986 impo-

187 3997 277 4057 situm
292 3999 478 4058 rutilantibus
493 3999 632 4058 lamentis
644 3999 804 4058 celebrant.
822 4000 879 4058 Sed
894 4017 963 4056 omn
975 4001 1017 4058 lu-

187 4104 221 4144 ce
235 4089 367 4146 crastina
380 4091 420 4148 ad
432 4091 586 4148 delossum
600 4090 760 4164 sepulturoe
776 4091 841 4162 ejus
854 4089 955 4148 lecum
969 4108 1017 4147 ve-

1070 3123 1217 3181 humandi
1227 3123 1348 3194 iuvenis
1362 3123 1457 3193 gratia
1470 3127 1624 3194 venerant,
1640 3121 1767 3190 regressi
1781 3120 1820 3178 ad
1830 3135 1900 3192 pro·

1070 3215 1147 3288 pria,
1161 3218 1247 3286 pater
1261 3213 1415 3286 posthumi
1429 3211 1481 3268 tilii
1494 3229 1529 3268 ac
1546 3211 1653 3284 reliqui
1667 3209 1899 3268 contubernales

1070 3303 1202 3374 diligenti
1215 3302 1420 3376 persecutione
1439 3301 1487 3358 die
1499 3301 1633 3375 quadum
1648 3301 1687 3358 ab
1706 3317 1742 3357 eo
1758 3299 1901 3356 sciscitari

1071 3393 1258 3460 studuerunt,
1267 3392 1341 3465 quid
1354 3392 1412 3448 sibi
1423 3391 1525 3449 visum
1537 3391 1634 3448 iuerat
1645 3391 1702 3448 illis
1716 3406 1827 3446 nerem
1842 3389 1902 3446 die·

1069 3481 1248 3556 busquibus
1259 3481 1290 3537 in
1305 3497 1429 3539 excessu
1444 3479 1552 3538 animae
1569 3481 1686 3554 positus
1709 3479 1796 3554 quasi
1818 3494 1900 3536 mor·

1071 3575 1138 3628 tuus
1145 3571 1290 3642 jacuerat,
1307 3586 1341 3627 ae
1352 3569 1507 3644 quomodo
1523 3569 1570 3626 vel
1599 3569 1686 3641 cujus
1713 3567 1836 3638 auxilio,
1861 3567 1900 3624 ad

1070 3659 1275 3734 sepeliendum
1288 3660 1483 3734 postmodum
1497 3657 1623 3728 delatus,
1638 3659 1677 3715 ad
1690 3657 1795 3716 vitales
1809 3673 1901 3714 auras

1070 3750 1208 3807 redierat.
1224 3751 1262 3807 At
1272 3749 1321 3806 ille
1332 3749 1432 3806 adhuc
1451 3747 1630 3822 trepidantia
1645 3753 1767 3821 pectora
1782 3763 1900 3818 gerens,

1070 3839 1109 3896 ab
1121 3839 1183 3895 imo
1200 3838 1304 3913 spiritu
1319 3838 1412 3910 longa
1438 3838 1566 3911 suspiria
1579 3837 1704 3909 ducens,
1720 3839 1762 3894 sic
1777 3851 1901 3910 percon-

1070 3929 1201 3986 tantibus
1229 3933 1364 3986 actutum
1389 3927 1573 4001 respondere
1597 3943 1721 3984 exorsus
1746 3931 1791 3984 est
1811 3943 1818 3982 r
1835 3949 1849 3976 s
1866 3928 1903 3982 Ut

1071 4023 1176 4076 cesima
1190 4035 1271 4076 nuno
1285 4019 1325 4076 ad
1335 4035 1467 4092 presens
1482 4017 1597 4076 silentio
1611 4021 1901 4092 praetereanturque

1070 4110 1144 4168 milri
1159 4110 1218 4166 fine
1241 4109 1298 4166 sub
1326 4099 1459 4166 ehtremo
1478 4108 1665 4178 contigerint,
1693 4107 1858 4164 certissimo
1873 4110 1903 4163 et

188 4176 317 4248 lieretur,
329 4183 414 4250 pater
427 4179 609 4252 impatientis
624 4179 736 4236 amoris
749 4179 868 4248 atl'ectn,
879 4180 1016 4238 exstincti
1070 4200 1133 4256 sine
1148 4199 1237 4256 uffiu,
1249 4199 1384 4256 falsitatis
1399 4197 1544 4268 ambiguo
1570 4197 1653 4254 brevi
1677 4197 1817 4271 01„de
1837 4211 1901 4252 „011

188 4263 321 4336 gelidum
331 4267 392 4324 1¹³5
407 4267 893 4342 ⁰0PP¹1⁸³11¹P¹2³⁸111130⁰⁰108q00
907 4286 941 4327 ⁸⁰
951 4269 1016 4328 vul-
1069 4289 1217 4346 differam.
1234 4288 1389 4362 corporeis
1405 4287 1529 4344 sinordis
1541 4287 1662 4360 spiritus
1674 4303 1761 4344 meus
1783 4287 1899 4342 resolu-

188 4358 252 4410 tum
265 4370 388 4412 ΟΜΝΗ]
401 4355 519 4456 illi-duis
529 4357 682 4458 ¹⁸0lyfflis'
698 4357 886 4428 humilians»
915 4359 1015 4416 ¹0⁰Uffl
1033 4343 1054 4396 Β
1071 4384 1129 4448 tus,
1146 4378 1300 4434 teterrimis
1314 4376 1501 4450 quibusdam
1515 4376 1659 4434 ministris
1676 4376 1811 4447 traditur,
1824 4391 1899 4448 quo-

188 4459 433 4546 0m¹¹⁰fn⁸ffl³lls
447 4446 753 4547 lmlllssisslilmffllblls·
774 4450 850 4505 lfliffl'
877 4466 955 4522 ‘tUOS
970 4450 1015 4506 in·
1069 4485 1137 4526 rum
1151 4467 1655 4524 crudelissimodueatuadhiatum
1674 4481 1770 4540 usque
1798 4465 1901 4522 vastis-

188 4533 328 4592 SOlstbfleS
344 4540 482 4609 Semnus,
508 4536 619 4594 Clssblls
645 4535 772 4594 V0⁰¹h¹¹⁸
802 4543 939 4596 samiam
966 4540 1016 4596 ⁰⁰1
1070 4558 1137 4614 simi
1147 4557 1301 4631 praeipihi
1315 4556 1507 4632 protrahitur.
1531 4561 1561 4613 ln
1574 4557 1661 4627 cujus
1675 4555 1830 4613 horridam
1843 4571 1898 4612 vo·

186 4625 586 4698 martyremuidemclamat,
609 4625 1016 4701 aclacrymosisobseeratio-
1068 4647 1205 4718 vaginem
1219 4646 1293 4702 dum
1305 4646 1411 4717 jactari
1429 4644 1623 4703 inenarrabili
1648 4650 1731 4702 mem
1754 4643 1900 4701 formida.

187 4713 277 4816 ΠΜ
287 4716 484 4774 nisibifflium
506 4716 612 4776 reddat
630 4723 673 4775 ¹⁸¹*
683 4721 711 4774 ⁰¹
728 4723 835 4793 ‘1¹1³tter
851 4719 1017 4792 ingeminat
1068 4753 1132 4793 rem
1146 4735 1283 4809 (eloquar
1295 4751 1334 4792 an
1349 4735 1453 4793 sileam
1468 4737 1503 4808 i),
1519 4751 1587 4792 eece
1605 4735 1649 4792 vir
1664 4732 1901 4809 splendidissimi

187 4805 310 4864 d¹⁰⁹n⁵²
1068 4825 1184 4884 decoris
1199 4825 1329 4894 aduenit,
1346 4841 1438 4898 quem
1462 4825 1506 4896 tut
1524 4829 1629 4899 postea
1640 4824 1742 4897 didici)
1766 4822 1901 4898 persam

187 4935 201 4962 ιι
213 4913 300 4985 vireo
314 4913 410 4983 Fides,
423 4912 531 4970 dilecta
543 4915 614 4982 Deo,
628 4914 681 4970 lux
695 4914 807 4987 inclyta
823 4916 942 4986 mundi,
1068 4915 1264 4989 praepositum
1279 4914 1372 4971 titisse
1384 4913 1555 4972 llichaelem
1581 4913 1798 4985 archangelum
1813 4911 1901 4986 liqui·

222 5002 375 5060 brullium
384 5002 501 5060 miseris
515 5019 583 5076 quse
603 5001 747 5060 citaierre
763 5004 851 5074 soles,
1069 5005 1109 5062 do
1129 5004 1233 5076 patuit.
1259 5004 1349 5076 Cujus
1377 5002 1488 5076 placidi
1515 5002 1627 5060 itineris
1655 5000 1900 5075 gloriosisissima

188 5090 335 5163 supplicis
349 5092 459 5149 exaudi
471 5096 585 5165 martyr
604 5092 793 5150 sanctissima
811 5109 926 5163 vocem,
1068 5093 1153 5163 virgo
1168 5093 1253 5149 Fides
1269 5109 1370 5150 comes
1384 5091 1473 5150 astitit
1489 5111 1495 5160 ;
1515 5107 1584 5166 qum
1599 5107 1690 5165 super
1709 5091 1782 5149 solis
1807 5089 1900 5162 jubar

223 5181 380 5254 Quamque
393 5185 489 5254 potes,
505 5198 608 5256 posco,
622 5182 805 5256 deferepom
823 5183 943 5240 misero.
1069 5181 1217 5239 endcabat
1232 5181 1389 5255 splendore
1414 5179 1554 5238 mirabili.
1578 5180 1630 5237 ilic
1653 5196 1724 5238 vero
1752 5178 1900 5236 ambrum

187 5270 304 5326 lunare
319 5283 409 5325 nemo
421 5273 483 5339 tuo,
498 5270 581 5342 petiit
595 5270 621 5327 si
634 5270 709 5328 torte
722 5274 854 5340 coactus,
1068 5271 1256 5346 prepositus,
1272 5275 1304 5328 ut
1316 5287 1400 5328 more
1414 5269 1589 5330 carnificum
1596 5287 1648 5327 eos
1663 5270 1774 5344 quibus
1789 5269 1830 5326 ad
1841 5273 1901 5326 tor·

221 5355 362 5414 Discessit
374 5371 499 5426 vacuus,
514 5362 541 5415 te
551 5359 707 5431 retinente,
722 5375 842 5418 manus.
1068 5361 1222 5434 quendum
1242 5361 1403 5434 deputatus
1432 5375 1514 5416 eram
1533 5360 1690 5433 conspexit
1717 5360 1749 5416 in
1773 5357 1900 5416 verbera

190 5443 426 5518 credoquidem,
437 5449 713 5519 nequevanatides,
722 5455 844 5524 teposse
854 5449 1015 5523 quodopto
1067 5466 1136 5506 mea
1148 5449 1403 5506 irremediabiliter
1416 5448 1513 5506 furere
1530 5467 1537 5518 ;
1554 5471 1568 5499 κ
1582 5449 1669 5518 Quid,
1682 5449 1820 5521 inquam,
1835 5463 1900 5505 ma-

223 5535 342 5594 tloelitus
353 5552 371 5594 a
383 5536 507 5594 Domino
522 5539 724 5609 promeruisse
739 5545 800 5597 tuo.
1068 5558 1084 5597 ‹
1102 5539 1202 5596 lorum
1216 5539 1353 5610 artifices,
1372 5539 1507 5611 inhujus
1522 5539 1626 5596 tironis
1651 5543 1800 5596 tormenta
1815 5542 1899 5596 unta

188 5625 297 5684 Unicus
311 5641 380 5684 ecce
391 5625 467 5684 mihi
478 5631 578 5694 natus,
593 5643 662 5686 mee
681 5629 745 5688 sola
756 5628 905 5704 voluptas,
1069 5651 1083 5680 ιι
1103 5629 1252 5686 deseritis
1267 5630 1468 5690 crudebtate‘l
1490 5629 1568 5696 Quid
1581 5629 1716 5688 animam
1735 5645 1753 5686 a
1776 5643 1899 5686 summo
