3984 6182
193 177 262 238 10³5
701 150 854 210 annuunt
873 135 1169 204 autumnitate
1188 131 1360 196 nunaunt.
1844 123 1915 180 (036

188 298 310 372 justius
325 297 353 351 et
362 285 574 353 misericordiis
587 280 755 356 probantur
781 275 844 332 sine
872 264 1019 327 intermis-
1033 263 1057 317 Α
1072 264 1133 318 tota
1150 264 1249 316 mente
1267 263 1295 316 et
1310 261 1371 314 tota
1385 233 1493 312 virtute
1507 250 1689 323 diligendus.
1703 247 1757 306 llis
1769 246 1863 302 dictis
1883 251 1920 300 et

192 391 274 447 sione
288 401 342 459 pro
356 379 495 440 fidelibus
509 389 606 443 orare,
620 372 709 444 juxte
731 369 798 434 hoc,
828 359 912 435 qnod
938 357 1018 415 idem
1072 347 1191 416 auditis,
1206 347 1328 404 nonillo
1345 360 1405 418 quo
1420 341 1512 415 paulo
1528 346 1607 410 aute,
1641 337 1780 396 sedabo
1806 349 1921 404 genere

191 474 351 552 Apostolus
366 468 437 528 alibi
461 468 584 524 testetur
610 461 738 518 dicens:
764 478 778 505 α
804 459 869 526 lpse
898 445 1018 520 spiritus
1073 441 1228 510 coeperunt
1237 451 1361 494 munere
1372 432 1524 504 lacrymae,
1538 435 1620 486 tanto
1629 428 1786 484 uberiores
1799 431 1922 496 quanto

192 583 247 641 pro
269 562 356 620 nobis
387 554 553 630 interpellat
579 549 741 623 gemitibus
769 535 1021 600 inenarrabilibus
1074 527 1216 584 utiliores.
1229 520 1577 585 Recordabanturenim,
1593 523 1653 574 tam
1669 533 1706 574 ex
1735 513 1826 573 Pauli
1852 529 1922 568 sen·

192 656 278 727 (tna).
296 676 310 704 l
338 647 425 717 Quod
452 661 514 704 non
539 642 641 701 dicam
667 637 708 694 sic
735 629 1021 706 accipiendumque
1076 616 1167 674 tentia
1178 631 1319 688 qnamex
1331 611 1479 686 probabili
1491 610 1543 666 viri
1560 608 1610 666 Dei
1621 605 1778 681 patientia,
1791 603 1829 660 in
1843 600 1924 658 intir-

193 733 515 818 spirituegematned
528 732 610 807 quia,
626 726 846 804 quosorantas,
862 717 972 792 pariter
995 716 1024 767 et
1077 705 1331 762 mitutevirtutevu
1346 700 1509 758 certissime
1531 697 1634 772 perfici
1660 697 1746 766 (leot.
1773 691 1872 759 Quod
1896 701 1927 745 et

195 835 348 905 gementes
363 827 462 886 tsoiat.
476 845 490 875 v
505 845 520 873 v
543 824 657 887 Fateor,
681 813 779 889 inquit
806 802 1022 868 ammonicius,
1078 793 1220 869 posteain
1231 790 1393 850 venerabili
1405 806 1475 846 sene
1493 789 1582 846 virtus
1593 782 1928 844 divinsctcmenrerst-

196 923 270 982 mibi
297 919 482 980 satisfactum
508 928 572 970 esse
595 911 627 966 in
650 904 837 964 absolutione
852 891 1025 972 quaestionis
1077 883 1141 941 mul
1153 888 1182 940 et
1193 887 1328 958 potenter
1342 881 1465 952 dignata
1480 883 1527 934 est
1543 875 1704 936 declarare.
1736 876 1822 932 Nam
1852 887 1927 926 cum

196 1011 367 1088 propositis.
381 1006 439 1064 Sed
460 1001 643 1062 desiderium
670 991 812 1053 audiendi
835 983 1026 1062 praeclamet
1078 973 1170 1030 ferme
1197 971 1353 1028 biennium
1379 970 1409 1026 in
1436 966 1627 1041 percussione
1651 963 1799 1022 orecitelis
1823 976 1928 1018 omens

197 1103 292 1174 utilia,
308 1111 463 1158 morarum
478 1091 638 1167 impatiens
653 1084 784 1161 postulat
798 1084 831 1136 ut
843 1093 912 1152 quse
927 1073 1025 1130 adhuc
1078 1063 1184 1120 videns
1197 1060 1385 1134 explevisset,
1398 1057 1533 1130 quadam
1548 1061 1635 1114 nocte
1649 1053 1836 1111 discurrens
1849 1051 1929 1106 inter

198 1191 318 1250 dilectio
330 1195 393 1256 tua,
406 1187 444 1244 de
458 1184 524 1242 viro
534 1180 586 1238 liei
600 1178 697 1236 dicere
710 1173 810 1234 bubet.
820 1165 1027 1236 celeriterpro-
1079 1151 1194 1220 altaria,
1221 1154 1254 1208 nt
1281 1153 1350 1205 unte
1376 1146 1501 1212 solebat,
1525 1145 1666 1216 frequens
1690 1140 1845 1213 venipeta
1860 1139 1928 1208 (ιιι,

199 1283 287 1350 teras,
303 1283 332 1338 et
347 1279 389 1336 sic
404 1274 513 1336 adalia
528 1276 666 1329 strenuus
681 1281 750 1322 cum
774 1260 879 1328 salute,
907 1270 955 1311 me
977 1267 1027 1308 oo·
1079 1240 1248 1314 temperat
1261 1237 1358 1294 lubori
1381 1253 1467 1293 sacro
1489 1233 1645 1304 vigilanter
1669 1229 1850 1295 insistebat,
1871 1243 1930 1284 nse

199 1371 280 1444 mite,
296 1368 413 1427 tendes.
429 1385 444 1420 s
461 1385 475 1416 u
488 1363 560 1432 liat,
570 1360 707 1432 inquam,
719 1354 744 1409 si
758 1345 903 1426 possibile
918 1347 973 1413 est,
997 1344 1029 1395 nt
1080 1331 1160 1390 aetati
1168 1331 1323 1402 decrepitae
1332 1329 1415 1401 prius
1424 1341 1547 1400 parcere
1558 1322 1676 1380 volebat
1684 1337 1783 1394 quam
1795 1319 1929 1392 perspi-

200 1477 287 1519 ame
301 1458 413 1516 cursim
425 1453 584 1523 soi-ibatur,
599 1446 682 1522 quod
697 1448 752 1502 utu
771 1443 926 1510 tantopere
953 1431 1030 1488 desi·
1080 1420 1172 1476 ritum
1188 1417 1313 1487 gratiam
1327 1416 1377 1474 llei
1391 1415 1499 1472 adesse
1511 1411 1724 1483 cognoscebat.
1742 1409 1833 1464 'l’um
1859 1413 1929 1464 ente

201 1550 332 1608 deretur.
361 1551 424 1603 lmo
451 1543 505 1600 fiat
527 1539 667 1596 voluntas
687 1533 738 1590 liei
764 1522 1031 1600 omnipotentique
1083 1513 1220 1566 sanctem
1236 1522 1356 1564 crucem
1369 1508 1548 1578 prostratus,
1559 1517 1615 1558 nec
1628 1515 1689 1556 non
1716 1497 1874 1570 lacrymis
1902 1506 1930 1551 st

202 1638 346 1710 fragiliter
365 1636 512 1700 bumana,
541 1625 665 1699 abiectis
690 1623 738 1678 bic
761 1634 830 1692 quta
853 1617 1029 1674 vanescunt,
1044 1619 1067 1673 Β
1083 1597 1218 1656 oratione
1243 1597 1314 1652 satis
1346 1593 1532 1662 humiliatus,
1569 1589 1702 1664 corporis
1746 1587 1927 1656 inrigatione

202 1729 273 1788 velit
288 1725 510 1797 etvalsatquoe
524 1733 592 1776 vere
606 1711 843 1773 benedicuntur
857 1709 886 1761 et
901 1707 980 1758 sunt
1083 1687 1172 1763 quasi
1186 1685 1321 1759 requiem
1340 1688 1492 1758 poscente,
1519 1682 1581 1738 imo
1612 1680 1749 1744 nummo.
1779 1677 1841 1750 qui
1867 1691 1928 1732 non

239 1841 253 1872 r
270 1821 382 1876 llorum
404 1811 553 1886 siquidem
581 1801 789 1864 allectionibus
813 1794 901 1852 valde
926 1804 1031 1848 nauss-
1084 1777 1196 1836 dormit
1210 1791 1308 1850 neque
1324 1771 1564 1845 dormitattlttt,
1579 1786 1657 1843 opus
1672 1783 1766 1824 snum
1779 1765 1929 1822 daritim

204 1909 289 1968 seriis
300 1905 438 1964 ardenter
447 1899 578 1962 urbione,
592 1893 653 1950 suis
668 1886 854 1962 temporibus
865 1877 1032 1940 venerabit—
1083 1884 1116 1926 re
1128 1866 1255 1933 volente,
1268 1868 1429 1938 soporatus
1438 1861 1927 1932 estsubito‚eorporennnments.

203 2001 294 2058 limus
306 1995 402 2054 abbas
417 1986 612 2053 Ramuoldus,
626 1998 695 2039 cum
710 1996 748 2036 ex
759 1978 841 2034 dono
858 1976 885 2031 S.
907 1969 1033 2044 Spiritus
1085 1959 1120 2013 llt
1134 1971 1203 2012 eece
1215 1956 1319 2026 imago
1334 1950 1468 2010 crucifixi
1481 1947 1705 2010 Domininestri
1718 1949 1791 2004 iesu
1817 1945 1929 2002 Christi

205 2105 268 2148 non
281 2086 380 2144 solum
394 2083 426 2140 in
435 2079 526 2138 rebus
541 2071 732 2158 interioribus
746 2069 863 2124 Patrem
891 2077 922 2117 se
949 2057 1034 2131 spiri-
1084 2047 1151 2104 viss
1164 2049 1209 2102 est
1220 2045 1261 2100 illi
1275 2041 1457 2100 descendere
1471 2039 1508 2096 de
1522 2055 1609 2098 crues
1620 2043 1649 2094 st
1660 2037 1762 2094 vendre
1774 2034 1927 2107 usquead

205 2181 296 2239 telem
306 2174 458 2234 exhiberet
474 2165 580 2244 Christi
590 2159 764 2225 cultoribus,
776 2169 881 2213 verum
893 2149 983 2208 edam
1002 2145 1034 2201 in
1087 2153 1120 2194 ee
1137 2151 1227 2208 ;quee
1243 2139 1326 2190 stans
1352 2147 1457 2188 coram
1485 2145 1532 2197 eo,
1561 2133 1688 2200 utreque
1713 2140 1828 2192 manu,
1853 2124 1929 2180 sicut

206 2266 402 2330 exterioribus
414 2259 604 2334 dispensator
616 2252 755 2310 existeret
770 2239 1033 2320 prudentissimus,
1087 2226 1187 2282 visum
1202 2229 1246 2280 est
1260 2223 1297 2290 ei,
1322 2220 1466 2278 candelas
1491 2217 1630 2278 ardentes
1658 2215 1696 2272 de
1721 2214 1924 2278 mdelebru

207 2362 309 2434 uqrote
323 2355 376 2430 qui
390 2350 595 2427 perornatum
608 2339 754 2405 Ecclesira,
770 2351 826 2392 nec
839 2346 902 2389 non
917 2341 1036 2384 monas·
1088 2331 1178 2388 snper
1189 2312 1301 2384 gradus
1316 2311 1454 2368 eominus
1468 2308 1577 2382 posito,
1592 2306 1659 2364 tulit
1667 2311 1697 2362 et
1709 2305 1742 2362 iu
1758 2304 1870 2361 oculos
1884 2319 1925 2358 se

209 2449 283 2517 terii,
308 2439 511 2504 necessariam
540 2429 753 2508 supellectilem
782 2425 817 2482 ac
840 2417 1036 2492 multiplicem
1088 2405 1135 2462 nis
1150 2403 1294 2462 dolenter
1307 2400 1424 2458 inflixit·
1442 2397 1498 2465 Oui
1527 2397 1660 2470 primurn
1687 2393 1728 2450 ob
1759 2393 1923 2450 liorninicae

208 2539 362 2598 variarum
373 2545 474 2590 rerum
485 2520 786 2585 administrationem,
802 2511 910 2570 seniles
939 2521 1036 2564 annos
1089 2493 1271 2550 descensum
1285 2489 1389 2546 iconie
1405 2497 1609 2561 nonpurvnm
1628 2483 1782 2540 sustinens
1803 2481 1923 2555 pondm

209 2624 439 2706 quodammode
450 2621 643 2693 juvenescere
659 2607 759 2667 lecerit
774 2625 780 2675 ;
794 2609 822 2661 et
833 2604 871 2660 de
896 2600 1037 2656 thesauro
1090 2581 1218 2653 agonia,
1229 2579 1300 2636 dein
1306 2593 1361 2652 per
1368 2577 1469 2648 ignem
1481 2574 1640 2633 advertens
1647 2570 1834 2646 presterum
1843 2570 1925 2643 qum.

209 2715 362 2793 sspientiae
387 2723 468 2768 nova
498 2719 568 2763 cum
594 2699 745 2758 veteribus
771 2688 927 2768 protulerit
951 2685 1035 2757 (ιιι),
1090 2673 1162 2730 dam
1176 2669 1338 2740 designent,
1354 2663 1619 2739 atqueperlumeu
1632 2661 1768 2720 sentiens
1782 2660 1924 2718 sensnm

208 2809 294 2881 juxta
304 2805 363 2860 hoo
375 2797 459 2874 quod
471 2798 532 2852 tota
545 2804 677 2866 presens
689 2785 750 2842 vita
763 2776 977 2839 tentationibus
993 2775 1038 2828 est
1090 2761 1198 2832 lugeri,
1227 2755 1353 2816 surrexit
1376 2754 1518 2828 lacrymis
1546 2765 1583 2813 ao
1604 2751 1715 2810 sudore
1730 2750 1883 2824 parim,
1898 2757 1927 2804 er

210 2897 310 2970 plena,
337 2885 581 2962 seposuimus,
610 2881 639 2933 et
660 2889 715 2948 per
752 2871 841 2944 plura
868 2864 1037 2939 probatus3
1090 2848 1241 2920 evestigio
1251 2850 1428 2904 convertens
1437 2840 1732 2915 oonlosinprlstinos
1740 2855 1828 2908 usus,
1837 2839 1927 2911 soepit

210 2985 335 3042 demum
346 2984 410 3035 tem
419 2985 544 3045 gravem
568 2966 625 3022 sub
652 2963 722 3020 vitio
749 2957 861 3034 pituita
889 2953 937 3011 vet
965 2951 1038 3022 (ιιι)
1054 2977 1075 3034 3
1092 2955 1196 2997 senum
1208 2937 1321 3005 mirari,
1336 2933 1424 2992 simul
1438 2931 1645 2994 etnltiusoum
1654 2929 1790 2986 interiori
1802 2929 1926 2986 nemim

211 3065 365 3125 scotomia
377 3061 483 3120 inuidit
495 3055 697 3121 tentationem,
716 3065 779 3124 quo
807 3043 920 3103 caeteris
943 3055 1039 3098 mem·
1092 3027 1218 3086 scrutari
1232 3024 1305 3099 quid
1321 3022 1477 3082 sibivellnt
1490 3021 1574 3095 quod
1588 3025 1658 3093 poet
1675 3019 1752 3076 (ΜΕ
1781 3017 1928 3091 temporis

209 3157 272 3220 bris
287 3154 386 3213 officia
400 3167 456 3208 sua
477 3153 523 3206 set
551 3143 650 3202 vivide
676 3137 857 3212 gerentibus,
881 3131 1039 3189 oculorum
1091 3113 1387 3176 luminumamnltis
1413 3112 1607 3184 desperatum
1629 3113 1787 3181 receperat
1811 3109 1924 3164 visum.

211 3259 336 3305 suorum
349 3241 471 3318 penitus
486 3232 620 3296 amiserit
633 3233 746 3290 lumen.
762 3226 853 3297 Cujus
865 3223 904 3279 ad
919 3226 1048 3291 tempus
1094 3210 1228 3282 Cumque
1241 3205 1272 3264 in
1289 3203 1370 3260 brevi
1384 3217 1475 3274 super
1489 3198 1700 3272 huiuscemodi
1712 3199 1830 3254 ceratio
1841 3199 1929 3254 estis-

210 3337 327 3395 nnum
340 3331 491 3390 euscium
506 3342 542 3384 nc
557 3319 726 3382 afflictionis
740 3315 899 3390 seper-ints
922 3308 1040 3367 coniec-
1094 3298 1203 3356 taceret
1216 3294 1342 3360 homini.
1359 3293 1491 3348 sinemo
1506 3289 1624 3356 turoni,
1640 3293 1711 3345 tunc
1739 3289 1803 3344 orn
1826 3285 1928 3344 officio

211 3431 288 3499 tum,
300 3435 395 3498 quem
406 3419 551 3494 patienter
565 3413 611 3470 vir
631 3410 683 3466 Dei
711 3402 891 3468 sustinuerit
918 3397 1042 3470 quibus-
1094 3384 1298 3456 conjubilante
1314 3397 1383 3440 oum
1399 3377 1649 3451 eordisbospitio,
1670 3375 1832 3446 magnifiee
1857 3391 1929 3445 gm-

212 3515 285 3572 darn
299 3509 438 3587 personis
451 3507 482 3562 in
498 3503 545 3562 sui
559 3497 719 3575 praesentia
734 3507 824 3566 super
836 3491 935 3546 haere
961 3500 1042 3557 qnae-
1095 3476 1151 3532 tias
1166 3475 1226 3545 egit
1241 3471 1375 3544 lteo,qui
1387 3484 1508 3528 servum
1535 3484 1627 3525 suum
1648 3467 1686 3524 ιιι
1706 3465 1852 3534 dignatus
1878 3471 1929 3519 est

213 3601 357 3668 mutibus,
372 3597 463 3656 etism
487 3597 518 3649 et
539 3583 787 3661 lacrymantibus,
816 3575 913 3634 verbis
942 3574 1044 3644 hujus
1094 3564 1214 3620 visitare
1229 3565 1262 3618 ut
1276 3567 1305 3618 et
1318 3561 1350 3617 in
1362 3558 1557 3629 castigatione
1583 3552 1719 3628 corporali
1744 3551 1803 3608 sibi
1831 3557 1922 3606 esset

214 3690 299 3752 modi
313 3685 451 3763 patefecit
466 3701 473 3739 :
491 3681 592 3736 desset
604 3677 697 3734 homo
711 3670 821 3728 detlere
835 3681 891 3738 pro
905 3661 1043 3721 defectivi
1095 3649 1250 3718 correctio,
1266 3653 1295 3707 et
1309 3648 1467 3706 oculorum
1482 3647 1548 3718 ιιιιι
1562 3641 1732 3704 revelatione
1742 3638 1783 3696 ad
1810 3645 1926 3696 sancta

214 3780 339 3840 luminis
352 3773 524 3839 amissione,
540 3765 625 3842 quod
637 3777 755 3835 semper
765 3754 915 3816 manentis
929 3751 1044 3810 certitu·
1094 3739 1143 3798 ιθ(
1152 3741 1280 3796 limesia
1294 3737 1681 3808 mu110fflffll¹f0i⁰⁰⁸ffissffi
1694 3729 1931 3800 affeeubetius

214 3871 319 3928 dinem
345 3865 437 3924 habet
454 3862 486 3919 in
514 3843 1044 3932 spe,a1veridicaSalvstortspro-
1095 3829 1138 3888 rei
1152 3828 1248 3901 gretia
1262 3843 1324 3900 quo
1341 3825 1474 3882 tenacius
1483 3824 1635 3884 bonorum
1652 3819 1811 3878 umerum
1826 3818 1931 3874 inme-

215 3959 368 4018 mtssions.
383 3952 457 4013 Greci
468 3961 661 4012 nonsumus,
674 3940 727 4016 qui
745 3939 849 3996 oculos
873 3949 928 4007 pcr
952 3930 1045 3987 fidem
1096 3919 1203 3988 moria,
1218 3919 1311 3974 bomo
1326 3916 1376 3972 bei
1386 3914 1476 3987 jussit
1492 3914 1569 3970 inter
1581 3917 1690 3970 ceren
1711 3908 1932 3966 &mulorum

214 4052 280 4123 iam
293 4045 478 4106 illuminatos
492 4031 725 4107 habemnstlttl',.
742 4031 844 4086 cecus
864 4027 965 4080 antem
988 4027 1044 4090 est,
1098 4007 1194 4082 signe,
1210 4006 1271 4063 sive
1283 4005 1404 4072 inebria,
1418 4002 1556 4060 oculares
1571 3999 1700 4060 oiroulos
1726 3997 1875 4072 suspendi
1899 3997 1929 4052 iu

217 4143 246 4195 st
260 4138 291 4193 in
306 4133 435 4192 tenebris
448 4129 560 4199 manet,
574 4123 628 4198 qui
641 4121 734 4178 fidem
749 4133 818 4191 quta
831 4111 1047 4170 illuminarun-
1097 4097 1231 4166 semesis,
1248 4111 1317 4169 qna
1344 4093 1424 4150 beuti
1453 4091 1669 4152 emmeranni
1693 4088 1838 4161 martyris
1866 4101 1933 4142 enr-

217 4226 299 4284 nime
311 4223 412 4281 habet
428 4218 512 4277 Unde
526 4219 556 4272 et
566 4207 793 4270 ambulantibus
818 4203 850 4260 in
869 4201 939 4258 tide·
958 4197 1046 4254 valde
1098 4203 1171 4262 pore
1186 4202 1273 4244 sacro
1295 4184 1398 4240 dotata
1423 4188 1453 4240 et
1476 4181 1599 4252 meritis,
1626 4195 1682 4237 nee
1710 4195 1773 4236 non
1801 4177 1933 4234 ιιιοιιιιιι

217 4313 377 4382 indignum
391 4309 508 4366 videtur
533 4316 625 4358 usum
646 4288 928 4371 praesentislnminis
943 4284 1046 4355 magni
1098 4274 1272 4351 patrociniis
1311 4272 1438 4346 predita
1458 4276 1643 4338 sanctorum,
1668 4267 1783 4324 coelesti
1807 4265 1936 4339 specula

218 4401 349 4478 penda-g
365 4393 606 4472 mmmmm
620 4384 732 4444 mmsis
745 4399 781 4440 ao
808 4377 958 4436 vilissimis
981 4373 1045 4432 uni-
1099 4364 1276 4424 mortalibus
1313 4360 1446 4418 demissa
1483 4359 1631 4417 beneficis
1657 4357 1735 4415 solet
1758 4355 1935 4412 mmtsnue

219 4489 384 4560 mantibus,
398 4486 489 4544 etiam
512 4475 709 4554 conpedibus,
734 4471 833 4530 exient
859 4481 1044 4526 commune:
1099 4454 1344 4529 quamplurima.
1357 4451 1402 4509 Ob
1416 4466 1548 4524 quorum
1562 4449 1725 4506 salamiam
1738 4445 1936 4502 cenationem

220 4587 296 4654 Ergo
306 4579 379 4638 libet
390 4575 460 4634 totis
473 4571 588 4630 viribus
600 4565 754 4624 intendere
767 4563 798 4620 in
809 4576 877 4618 eum
889 4557 944 4631 qui
951 4556 1044 4614 dicit:
1100 4561 1134 4602 ao
1149 4543 1337 4616 frequentem
1359 4541 1396 4598 de
1425 4541 1482 4598 bac
1499 4538 1643 4596 venientis
1669 4537 1758 4593 lamus
1783 4535 1935 4592 volimus

220 4694 235 4724 e
251 4687 308 4743 ego
322 4685 390 4726 sum
403 4666 456 4723 lux
469 4659 598 4722 mnndi:
616 4655 669 4731 qui
680 4653 815 4728 sequitur
828 4663 889 4718 ma,
904 4661 964 4704 non
981 4660 1046 4702 sm-
1099 4651 1181 4704 nem,
1196 4632 1338 4691 bioloens
1356 4630 1470 4702 gaudet
1481 4628 1709 4688 adventantium
1722 4642 1754 4682 se
1776 4631 1935 4698 receptare

219 4761 305 4820 bulat
317 4759 350 4816 in
363 4753 502 4821 uusons,
518 4749 572 4808 sed
584 4743 821 4804 hebebitlumsn
835 4737 900 4794 vitre
926 4735 1010 4808 (ιιι).
1032 4756 1046 4784 »
1100 4723 1332 4784 multitudinem.
1348 4719 1495 4796 Equibus
1509 4719 1569 4786 alii,
1592 4717 1644 4792 qui
1672 4717 1861 4788 languorum
1885 4731 1937 4770 sa-

221 4851 274 4911 Gui
288 4850 313 4908 si
328 4844 483 4924 plsomrs't,
506 4841 610 4898 iumen
630 4832 775 4908 corporis,
805 4826 889 4902 quod
914 4824 1048 4882 delitet
1100 4815 1203 4872 rieule
1229 4816 1402 4885 gravanttn,
1428 4825 1482 4882 per
1507 4825 1625 4866 viscera
1643 4806 1861 4864 misericordie
1885 4807 1937 4860 tier

220 4938 352 5008 abstulit,
367 4933 453 4994 facile
466 4931 572 4989 reddet
586 4943 621 4984 ao
634 4918 829 4998 presentebit
841 4935 848 4986 ς
859 4913 944 4988 quod
956 4913 982 4970 si
1002 4913 1047 4970 lu·
1100 4903 1194 4960 nostri
1208 4901 1339 4967 loveleti,
1361 4899 1411 4958 elii
1438 4913 1493 4972 pro
1517 4897 1583 4954 nbis
1605 4893 1838 4954 necessitanbus
1860 4895 1936 4951 dum

221 5045 288 5088 ome
299 5025 438 5093 noluerit
454 5021 571 5092 absque
584 5027 739 5072 murmure
749 5001 1047 5070 bemdicendussrtt,
1100 4994 1302 5052 manduntur
1313 4993 1421 5050 eadem
1438 4986 1814 5060 miseriooodiaconsulsti,
1827 4996 1936 5044 wecel

222 5126 251 5178 et
263 5123 297 5176 ut
309 5134 362 5174 rex
374 5113 495 5190 iustitie
508 5121 628 5182 semper
641 5100 792 5161 emnem
807 5097 891 5170 (ιιι),
912 5098 1002 5167 etque
1017 5095 1050 5148 ut
1103 5085 1203 5152 eorde,
1214 5099 1269 5158 pro
1277 5081 1431 5140 communi
1439 5081 1578 5136 mnium
1589 5077 1807 5136 commoditate
1820 5079 1934 5149 gratias

223 5213 307 5270 esur
321 5191 743 5264 mentiendasmerorius
752 5183 966 5246 consolationis
977 5172 1049 5254 (titi
1100 5167 1936 5241 olementsslutisltuotoritlndeetsosthacseribi

257 5351 331 5422 (123)
345 5347 429 5404 Rom.
440 5359 501 5400 viu.
1139 5319 1213 5392 (lea)
1227 5318 1305 5374 Dan.
1322 5334 1361 5374 ιιι.

270 5423 331 5479 ιιι)
344 5415 454 5475 Multis.
469 5429 532 5471 1111.
1139 5395 1214 5464 (ιιι)
1228 5391 1262 5445 ΙΙ
1277 5389 1344 5446 Ger.
1359 5404 1378 5446 ι.

255 5429 318 5638 3125
345 5494 446 5546 lnms.
461 5480 677 5543 alienelitteru.
1139 5462 1261 5533 (ιιοιι
1270 5462 1339 5518 Cor.
1357 5475 1405 5516 ιιι.

269 5569 319 5622 ιιι
343 5559 453 5620 Mutus
463 5572 525 5625 nn,
546 5555 636 5612 doae-
648 5563 710 5620 ω,
729 5563 779 5606 ιιι.
1139 5534 1209 5607 (ιιι
1227 5533 1287 5591 Iso.
1303 5549 1334 5589 v.

256 5635 332 5708 (ιιι)
345 5636 425 5692 douo
435 5644 494 5686 vni.
