3984 6182
197 157 267 216 rara

721 157 876 218 annuum
895 155 1191 216 amarlandus
1209 157 1376 216 nonnulii.

1842 163 1889 216 tta

195 279 402 339 convenientia
413 279 516 335 Priscae
530 279 721 352 respondeat,
739 281 871 338 Christus
886 282 916 338 in
930 283 1023 336 Evan-
1042 279 1067 333 h
1082 279 1160 336 dinis
1172 284 1240 348 tuce,
1268 282 1402 352 bomine,
1427 297 1522 355 quam
1537 280 1721 338 abscondisti
1737 280 1895 338 timentibus

197 370 273 441 gelio
288 385 343 424 suo
356 367 498 442 palificat,
511 369 564 442 qui
576 369 636 426 duo
644 371 786 444 pauperis
800 371 896 427 viduae
910 369 1025 426 minuta

195 458 324 536 praetulit
335 458 382 514 his
396 473 463 531 quea
474 459 580 516 diutes
586 460 751 534 jactabant,
763 477 815 518 seu
827 461 856 517 in
873 460 1025 534 gazophy-

194 547 305 607 lacium
319 547 479 606 mittebant
493 550 599 617 (Marc.
612 567 674 620 1¹¹3
690 553 761 608 Luc.
778 552 848 624 xxi).
861 551 947 617 Quod
961 549 1026 623 qui-

194 638 266 697 dam
281 636 326 694 vir
341 636 440 696 officio
453 639 635 711 apostolicus
645 645 674 696 et
687 641 803 708 merito,
818 641 938 713 egregia
951 657 1026 714 prae-

195 726 442 801 dicationequasi
456 727 494 784 de
522 729 598 786 ooelo
626 730 780 801 intensae,
805 731 934 788 breviter
960 746 1025 803 per·

195 815 370 886 stringendo
384 817 531 890 exposuit,
546 817 648 875 dicens
666 837 672 874 ε
688 839 704 874 ‹
722 820 861 890 Regnum
881 820 1024 876 caelorum

195 906 282 974 valet,
311 909 460 978 quantum
484 907 589 964 habes.
612 931 626 959 »
655 909 707 966 Cui
733 910 842 966 seilicet
874 909 1025 966 sententie

196 997 360 1055 concordat
386 997 470 1070 quod
498 1014 584 1055 sacra
613 1001 764 1073 Scriptura
788 1001 862 1058 alias
890 1001 1023 1056 clamat:

197 1107 212 1136 ιι
228 1085 281 1144 Cui
295 1085 363 1158 plus
376 1087 581 1158 committitur,
603 1089 673 1161 plus
686 1088 726 1148 ab
741 1105 777 1146 eo
792 1091 918 1161 exigitur
942 1091 1023 1160 (Luc.

196 1176 258 1247 χιι),
281 1196 295 1224 ιι

233 1262 316 1320 Unde
331 1262 420 1336 isqui
432 1264 561 1322 multum
576 1266 669 1324 habet
681 1272 710 1324 et
723 1267 797 1324 illud
813 1269 945 1343 Apostoli
960 1269 1026 1324 dili-

197 1355 300 1422 genter
314 1352 465 1409 attendere
478 1353 567 1410 debet
595 1374 601 1410 ι
621 1379 634 1406 ιι
650 1357 705 1421 Qui
734 1357 887 1428 gloriatur,
911 1358 941 1413 in
970 1361 1025 1414 llo-

197 1437 280 1496 mino
295 1438 436 1508 glorietur
452 1443 479 1508 {1
492 1444 559 1500 Cer.
576 1447 605 1512 ι).
629 1467 642 1494 ιι
663 1446 718 1510 Qui
733 1462 803 1502 vero
818 1446 917 1502 minus
942 1463 1025 1502 acce-

1080 372 1107 426 te
1121 369 1127 424 t
1142 371 1234 439 (Prot.
1251 373 1333 444 xxx).
1350 395 1364 422 »
1382 375 1413 428 Et
1427 373 1536 429 iterum
1553 389 1560 425 :
1575 392 1589 420 ιι
1605 370 1727 428 auditui
1738 385 1811 426 meo
1824 371 1893 426 dabis

1080 458 1224 528 gaudium
1240 465 1268 517 et
1282 461 1426 532 laetitiam,
1451 466 1480 518 et
1504 459 1696 518 exstiltabunt
1722 475 1797 518 ossa
1814 460 1893 516 bum·

1078 547 1149 606 liata
1163 549 1286 620 (Psctm.
1300 553 1338 624 a).
1361 573 1375 602 ιι
1395 552 1486 624 Cujus
1504 550 1652 608 desiderio
1666 550 1845 618 delectatus,
1860 567 1895 606 na

1079 638 1152 694 mini
1166 642 1219 696 tuo
1232 639 1395 708 credentes,
1411 641 1441 696 in
1453 639 1514 696 tine
1526 639 1728 704 psalmorum,
1744 639 1785 694 ad
1800 645 1894 712 perter-

1080 726 1167 784 tionis
1181 728 1286 784 laudes
1300 745 1481 803 provocans,
1497 728 1539 785 ait
1553 747 1559 784 :
1577 751 1590 778 ιι
1606 728 1740 786 Laudato
1752 729 1896 784 Dominum

1078 817 1110 872 in
1126 816 1274 889 cymbalis
1300 818 1377 875 bene
1406 817 1607 886 sonantibus;
1635 816 1761 874 laudate
1790 817 1895 874 eumin

1080 906 1226 978 cymbalis
1250 907 1435 978 jubilationis
1460 909 1554 976 (Paul.
1576 907 1629 973 cal.
1646 928 1660 956 ιι
1681 906 1895 962 liccebumane

1080 995 1183 1052 salutis
1196 1001 1327 1064 Amator,
1335 997 1451 1067 generis
1465 996 1560 1054 nestri
1576 999 1678 1052 lactor
1691 1000 1724 1052 et
1739 997 1894 1069 Reparatur,

1079 1084 1132 1156 qui
1147 1083 1237 1142 etiam
1251 1085 1401 1156 benignus
1416 1102 1449 1142 es
1471 1101 1561 1159 super
1588 1085 1726 1155 ingratos
1750 1088 1779 1140 et
1806 1084 1895 1145 nidos,

1079 1189 1239 1248 perparva
1254 1192 1289 1232 ac
1304 1176 1490 1233 insensibilia
1502 1175 1636 1249 operaris
1651 1189 1834 1244 magnaper
1848 1190 1894 1229 non

1080 1263 1237 1330 mirabilia,
1254 1269 1286 1321 ut
1300 1265 1438 1322 homines
1455 1265 1594 1322 cordatos
1622 1263 1831 1320 benedictione
1858 1269 1894 1318 tua

1080 1353 1192 1410 efficias
1210 1360 1375 1428 coaptatos.
1392 1357 1474 1414 Hanc
1490 1356 1638 1428 siquidem
1652 1354 1707 1427 qui
1728 1369 1801 1410 aure
1813 1353 1893 1408 cordis

1080 1448 1277 1517 perceperint,
1292 1451 1321 1502 et
1334 1445 1365 1501 iu
1381 1447 1447 1518 ejus
1459 1446 1652 1503 obauditione
1667 1460 1767 1517 usque
1780 1443 1809 1499 in
1821 1443 1891 1498 tinem

197 1527 249 1601 pit,
263 1527 294 1586 id
305 1529 405 1602 ipsum
422 1531 545 1588 minime
560 1533 651 1590 ducat
665 1534 897 1604 negligendum
922 1536 975 1592 sed
989 1537 1026 1592 de
1080 1535 1343 1607 perseveraverint,
1361 1536 1484 1594 minime
1498 1535 1652 1608 pavebunt
1673 1534 1706 1592 in
1722 1533 1772 1590 die
1786 1531 1890 1590 norissi-

197 1633 233 1674 eo
247 1633 403 1691 proposse
418 1623 447 1676 et
467 1637 556 1678 nosse
583 1629 706 1680 conetur
732 1624 885 1680 elaborare
912 1625 1025 1698 aliquid
1045 1633 1210 1691 remaneo
1237 1641 1326 1682 aures
1350 1641 1455 1682 eorum
1485 1626 1608 1682 tinnient
1633 1624 1674 1681 ab
1702 1622 1808 1680 auditu
1831 1621 1890 1678 nale

197 1707 279 1780 quod
297 1707 367 1765 utile
381 1709 426 1765 sit.
444 1714 474 1765 ln
491 1727 551 1783 quo
574 1711 657 1768 baud
680 1714 809 1782 segniter
835 1716 1027 1788 exsequendo
1081 1715 1176 1786 (Psul.
1193 1717 1243 1787 ιιι),
1258 1715 1383 1788 quando
1397 1715 1549 1782 inimicus,
1566 1714 1724 1771 exsultans
1736 1727 1823 1785 super
1836 1711 1892 1766 inte

197 1796 370 1869 quicunque
383 1797 485 1856 divino
500 1801 618 1857 meineri
637 1804 835 1860 reverentiam
850 1805 1026 1872 exhibuerit,
1081 1805 1138 1860 ritu
1162 1803 1334 1877 impiorum,
1364 1821 1395 1862 se
1419 1805 1584 1877 jactaverit,
1598 1804 1706 1860 dicens
1723 1823 1731 1859 ι
1749 1827 1762 1852 ιι
1774 1800 1891 1857 herebi

197 1884 332 1944 debitum
347 1887 509 1944 exactionis
536 1890 680 1961 persolvit
704 1891 870 1966 Scriptura,
895 1911 962 1966 quae
985 1895 1028 1952 di·
1082 1894 1226 1950 adversus
1242 1911 1293 1951 eos
1309 1896 1403 1967 (Psct.
1417 1897 1478 1967 nu).
1496 1919 1510 1946 ιι
1526 1897 1548 1954 0
1562 1893 1743 1960 Jesubone,
1766 1891 1833 1965 quid
1851 1905 1892 1944 uos

198 1974 237 2031 cit
252 1992 259 2030 ι
276 1997 290 2026 ιι
303 1978 411 2032 vovete
424 1981 453 2033 et
464 1977 577 2034 reddite
594 1981 720 2036 Domino
732 1985 791 2038 Deo
805 1987 1027 2049 vestro,0mues
1081 1987 1253 2054 peccatores
1268 1983 1308 2040 ibi
1323 1984 1430 2042 dicturi
1445 2000 1561 2052 sumus,
1577 1983 1628 2040 ubi
1642 1982 1691 2038 vix
1722 1981 1795 2053 justi
1815 1979 1891 2036 salra-

198 2064 248 2136 qui
264 2063 294 2120 in
310 2065 434 2122 circuitu
448 2067 513 2138 ejus
529 2068 640 2124 atlertis
657 2085 782 2128 munera
799 2073 890 2143 (Psct.
905 2075 1001 2144 cxxv).
1011 2097 1025 2122 ιι
1080 2071 1192 2128 buntur
1208 2072 1222 2126 ‘t
1242 2076 1305 2128 Nou
1317 2077 1361 2128 est
1375 2072 1462 2130 nobis
1475 2089 1544 2146 spes
1556 2072 1657 2139 altera,
1679 2071 1746 2128 nisi
1759 2085 1843 2142 quarn
1855 2068 1890 2122 de

199 2155 239 2208 Ex
253 2152 350 2225 ipsius
364 2156 476 2228 quippe
491 2156 590 2228 donis,
605 2157 657 2230 qui
672 2161 805 2230 largitor
826 2165 869 2217 est
890 2163 1027 2218 omnium
1080 2161 1146 2217 finit
1157 2160 1206 2216 ille
1222 2165 1291 2218 tuus
1306 2162 1416 2220 electus
1432 2162 1599 2230 Psalmista,
1612 2161 1665 2234 qui
1675 2161 1736 2218 tuit
1747 2176 1797 2218 rex
1809 2164 1887 2231 etpre

196 2241 360 2310 bonorum,
374 2245 557 2318 accepimus,
572 2247 682 2318 siquid
697 2249 723 2304 ci
736 2250 783 2322 pic
798 2250 947 2324 digneque
959 2251 1028 2308 affe·
1079 2249 1181 2323 pheta,
1198 2251 1264 2307 totis
1279 2251 1417 2308 medullis
1432 2251 1471 2307 ad
1486 2249 1679 2308 teclamitans
1689 2248 1824 2306 cor-dista
1835 2248 1888 2318 Spes

198 2329 302 2398 rimus,
316 2332 363 2388 vel
378 2332 401 2388 si
416 2333 446 2390 in
461 2333 563 2406 aliqua
578 2350 609 2390 re
624 2340 759 2393 votorum
773 2343 944 2394 nostrorum
959 2340 1027 2398 red·
1081 2357 1150 2397 mea
1168 2357 1199 2396 es
1214 2345 1265 2408 tu3
1281 2340 1378 2413 portio
1390 2358 1458 2398 mea
1472 2341 1503 2397 in
1525 2345 1603 2398 terra
1624 2338 1792 2396 virentium
1814 2335 1880 2406 {Prot

199 2418 342 2476 ditionem
372 2421 523 2480 exsolvere
550 2425 725 2497 poterimus.
752 2427 824 2483 ilinc
850 2433 879 2484 et
899 2429 1028 2485 lacobus
1081 2431 1165 2500 cxii).
1187 2453 1201 2479 ιι
1223 2430 1365 2496 Quemin
1389 2434 1439 2486 tao
1460 2430 1593 2498 nomine,
1621 2429 1695 2486 dum
1728 2431 1837 2500 tempus
1857 2429 1886 2478 est

198 2507 362 2580 apostolus,
395 2512 572 2570 corumdem
610 2515 835 2586 processionem
877 2518 1026 2574 donorum
1081 2519 1301 2587 misericordiae,
1318 2535 1336 2576 a
1352 2521 1437 2577 Patre
1450 2519 1663 2592 postulandam
1682 2517 1837 2574 didicimus
1850 2527 1886 2585 per

198 2597 427 2666 commendans,
444 2599 507 2656 ait:
526 2623 540 2650 ιι
556 2604 650 2658 Omne
663 2603 778 2662 donum
793 2605 952 2662 desursum
972 2611 1026 2679 est,
1081 2608 1286 2677 evangelicam
1300 2607 1479 2664 doctrinam.
1495 2608 1541 2665 Sic
1557 2607 1637 2664 enim
1651 2613 1777 2674 tuum,o
1790 2603 1886 2661 terius.

198 2683 762 2762 descendensaPatreluminum(dcc.
778 2697 807 2760 ι),
831 2715 845 2742 ιι
871 2695 914 2750 Ad
941 2697 1027 2766 cujus
1080 2695 1403 2767 habetlivengeliumr
1435 2719 1448 2746 ιι
1474 2695 1644 2763 amedera,
1668 2694 1746 2750 dum
1768 2691 1826 2748 dies
1846 2693 1884 2751 est

197 2770 447 2830 illuminationem
461 2776 617 2832 Psalmista
636 2794 693 2833 nos
706 2781 949 2855 appropinquare
976 2802 1026 2842 ex·
1081 2801 1119 2841 ne
1136 2785 1264 2841 tenebrae
1279 2801 1333 2840 vos
1348 2785 1616 2858 comprehendant.
1639 2787 1718 2842 llum
1736 2782 1829 2838 lumen
1845 2779 1885 2834 ha·

197 2859 334 2915 hortatur
348 2860 472 2916 dicens:
495 2885 509 2912 ιι
524 2864 660 2921 accedite
677 2867 714 2922 ad
734 2869 892 2928 bominum
915 2879 944 2928 et
965 2873 1028 2931 illu-
1083 2874 1169 2942 betis,
1183 2874 1291 2930 credite
1306 2874 1336 2931 in
1351 2875 1462 2946 lucem,
1486 2879 1520 2930 ut
1544 2873 1597 2932 tilii
1625 2873 1704 2931 lucis
1733 2871 1792 2928 sitis
1806 2870 1884 2940 (toa.

197 2945 366 3014 minamini,
394 2953 422 3004 et
446 2948 538 3006 iacies
576 2957 680 3010 vestrm
707 2971 768 3012 non
807 2959 1029 3019 contundentur
1046 2963 1143 3038 gxii).
1161 2985 1174 3012 ιι
1196 2966 1229 3020 Et
1242 2962 1315 3018 iliud
1330 2963 1530 3020 excusationis
1545 2962 1689 3019 humanae
1711 2957 1885 3018 exclusorium

198 3031 293 3104 (Psct.
309 3036 422 3107 xxxin).
445 3058 458 3086 ιι
478 3039 549 3094 Vere
563 3040 602 3096 ad
616 3057 687 3098 eum
699 3051 952 3123 accesseruntqui
971 3051 1021 3107 do·
1080 3051 1304 3122 diligentissime
1319 3052 1547 3124 attendendum,
1571 3067 1626 3108 nec
1647 3067 1712 3108 non
1734 3046 1833 3106 intimis
1846 3060 1884 3100 su·

197 3135 238 3178 no
251 3120 329 3179 illius
342 3123 512 3196 illuminati,
539 3128 738 3190 ecclesiastica
764 3135 848 3192 factis
878 3145 906 3196 ct
929 3141 1027 3198 verbis
1079 3141 1176 3214 spirits·
1192 3141 1390 3198 adnitendum
1406 3159 1412 3196 :
1431 3163 1445 3190 ιι
1461 3141 1670 3213 Quodcunque
1692 3137 1822 3214 petieritis
1843 3137 1883 3190 Pa·

197 3213 355 3272 tractando
372 3223 570 3286 sacramenta,
582 3219 665 3278 illam
677 3222 762 3281 faciei
776 3237 950 3287 meruerunt
963 3232 1026 3300 glo·
1079 3236 1155 3289 trem
1170 3231 1335 3288 innomine
1359 3247 1438 3300 mco,
1463 3231 1547 3289 dabit
1577 3229 1661 3286 robis
1690 3228 1799 3302 (Metti.
1824 3238 1879 3285 1113

196 3299 272 3358 riam
286 3303 459 3378 quamipse
483 3305 531 3364 Sol
551 3307 671 3381 justitiae
697 3313 811 3372 visione
833 3334 888 3374 sua
911 3321 1028 3391 paravit
1078 3323 1167 3378 Joun.
1181 3327 1241 3388 xv).
1263 3345 1278 3370 »
1298 3320 1426 3378 Petimus
1439 3336 1511 3390 ergo
1533 3320 1571 3378 ad
1597 3325 1624 3376 tc
1650 3317 1785 3382 conversi,
1811 3317 1882 3370 Pater

196 3389 295 3448 electis
311 3393 534 3466 sempiternam.
551 3397 664 3456 Horum
690 3403 802 3477 quippe
831 3409 976 3481 exemplis
999 3417 1027 3467 et
1080 3411 1198 3467 bomini
1209 3411 1302 3469 nostri
1314 3413 1383 3468 Jesu
1398 3411 1516 3480 Christi,
1531 3415 1563 3466 ut
1577 3410 1609 3468 in
1632 3410 1743 3468 nomine
1759 3403 1876 3474 eiusdem

195 3479 342 3551 doctina.
357 3482 432 3540 dum
446 3484 678 3560 volviturhujus
692 3494 797 3550 muner
812 3499 1026 3566 maechatus
1080 3499 1225 3568 Unigeniti
1240 3500 1292 3568 tut,
1309 3501 1396 3571 eujus
1418 3499 1569 3556 charitatis
1593 3499 1690 3556 naas
1710 3497 1870 3552 ammarum-

196 3569 316 3634 gratum
330 3568 362 3626 in
377 3572 439 3626 suis
455 3573 614 3632 arboribus
630 3577 760 3636 inveniet
770 3582 908 3642 fructum.
919 3589 1023 3656 Quem,
1078 3603 1147 3642 mus
1161 3591 1276 3660 martyr
1291 3591 1359 3644 tuus
1372 3587 1503 3644 imitator
1517 3587 1628 3644 exstitit
1640 3580 1787 3654 singrrlaris,
1806 3573 1869 3632 inei·

195 3655 267 3728 quia
281 3656 362 3712 velut
375 3657 486 3716 inutilis
511 3664 609 3738 stirps,
634 3666 665 3722 in
688 3685 756 3726 mea
776 3671 882 3729 arbore
896 3690 958 3732 non
974 3678 1025 3734 ha·
1078 3675 1161 3732 labili
1176 3681 1204 3732 et
1226 3675 1312 3732 solita
1338 3677 1417 3734 eirca
1443 3681 1615 3749 peccatores
1642 3689 1712 3730 usus
1733 3663 1876 3726 demente.

194 3742 263 3815 bae,
274 3745 370 3843 tumeo
383 3748 456 3804 mihi
470 3751 556 3809 valde
571 3769 609 3810 nc
629 3757 851 3830 Paterfamilias,
876 3764 1025 3824 sterilitate
1079 3764 1289 3820 cantitentibus
1301 3769 1330 3820 et
1344 3763 1487 3821 confessis
1502 3763 1634 3820 dimittas
1649 3761 1818 3834 impietatem
1830 3767 1881 3808 cor·

195 3834 349 3906 primatis
361 3851 436 3892 ¹1¹⁰ae
451 3839 594 3910 ⁰ff011⁸¹1⁵‚
610 3842 690 3900 dicat
708 3863 714 3901 τ
730 3869 742 3896 ι·
762 3850 795 3905 Ut
809 3850 882 3922 quid
898 3862 1026 3929 occupat
1078 3853 1134 3919 dis,
1147 3870 1181 3909 ac
1194 3851 1335 3910 infundas
1351 3854 1523 3910 unctionem
1539 3859 1597 3910 tun
1617 3851 1772 3910 uberrime
1793 3857 1883 3903 conse

195 3923 330 3980 terram?
344 3925 490 3984 Succidite
505 3944 575 3986 eum
590 3935 619 3988 et
632 3933 737 3992 mittite
762 3936 792 3994 in
814 3938 915 4008 ignem
938 3945 1022 4015 (Lae.
1077 3942 1207 4009 lationis,
1222 3959 1350 3999 necnon
1366 3943 1527 4000 contirmes
1540 3943 1569 3999 in
1584 3942 1674 3998 nobis
1691 3955 1780 4014 opera
1793 3933 1886 3992 ἀιιιιιὶθ

194 4009 267 4084 1111).
288 4033 303 4062 ιι
325 4013 419 4080 Quem
439 4018 574 4090 reprobis
590 4022 756 4082 terribiliter
777 4033 927 4101 paratum,
952 4038 981 4091 et
1006 4050 1024 4092 a
1077 4031 1287 4102 miserationis,
1300 4037 1332 4089 ut
1346 4033 1429 4106 quod
1450 4033 1480 4090 in
1508 4033 1565 4090 hoc
1584 4031 1697 4090 saeculo
1712 4028 1795 4086 dulce
1807 4019 1888 4082 aede

194 4103 324 4171 peccatis
336 4103 422 4173 meis,
436 4108 513 4178 proh
528 4108 633 4168 dolor!
650 4130 730 4186 saepe
746 4127 966 4190 comparatum,
994 4131 1024 4183 ut
1077 4121 1212 4178 lectabilc
1225 4121 1349 4190 videtur,
1367 4122 1480 4178 timoris
1495 4122 1538 4178 tui
1549 4120 1716 4178 reverenda
1740 4113 1889 4176 considera·

194 4187 325 4288 effugere
338 4192 660 4264 possim‚intertiuctus
673 4204 886 4276 cogitationum
898 4216 1023 4270 aestuari·
1078 4213 1156 4268 tione
1170 4218 1346 4282 amarescat,
1363 4217 1391 4270 et
1405 4213 1489 4286 quod
1507 4227 1646 4270 amarum
1670 4205 1831 4268 dilectionis
1844 4209 1891 4260 aa

193 4279 480 4350 il⁰⁰⁰¹1ffiiassim⁰t
497 4283 554 4340 hoc
581 4288 728 4359 optimum
757 4291 818 4350 iore
843 4301 1021 4370 remedium,
1038 4323 1064 4391 υ
1080 4301 1257 4358 suavissima
1274 4301 1477 4374 speculatione
1501 4302 1662 4358 dulcescat.
1691 4299 1807 4373 Siaque,
1830 4295 1901 4363 dum,

192 4383 255 4444 quo
269 4382 330 4425 non
343 4385 460 4426 cessem
474 4387 607 4444 quaerere
622 4379 763 4449 praesidia
777 4390 959 4460 sanctorum,
976 4410 1022 4449 sc·
1078 4391 1141 4464 ipse
1156 4390 1282 4446 volvitur
1296 4392 1442 4460 mundus,
1458 4407 1476 4446 a
1490 4392 1578 4464 lapsu
1600 4393 1629 4448 et
1651 4405 1755 4448 amore
1770 4387 1892 4462 peccate

193 4457 265 4556 ‘¹3¹⁰
279 4456 420 4558 {audii-³¹¹⁸·
430 4459 604 4520 inhaerefldO
619 4482 733 4538 emtum,
760 4475 792 4527 ut
813 4478 841 4530 et
863 4476 919 4550 ipsi
939 4485 1023 4555 apud
1078 4496 1155 4546 rum,
1171 4483 1198 4536 te
1210 4481 1413 4549 resuscitante,
1429 4497 1600 4552 surgamus,
1616 4495 1654 4537 ne
1667 4479 1698 4536 in
1712 4479 1772 4536 tine
1787 4473 1892 4533 saeculo

193 4547 508 4645 sstlsertcord1⁵⁵1mum
522 4553 684 4612 Dominum
698 4556 859 4629 dignentur
882 4569 954 4626 mihi
974 4589 1022 4628 vc·
1078 4587 1156 4638 rum,
1170 4588 1240 4628 cum
1253 4587 1358 4628 omnes
1368 4573 1506 4628 homines
1520 4571 1738 4630 resurrexerint
1761 4584 1830 4628 cum
1843 4579 1894 4622 eor

193 4648 277 4690 mam
289 4641 449 4736 ¹¹¹¹P⁰irffs⁰
464 4639 652 4740 {leiiGiOluffl-
1045 4685 1049 4690 ¹
1077 4660 1212 4735 poribus,
1229 4661 1259 4717 in
1274 4665 1420 4718 aeternum
1444 4661 1668 4718 confundamur
1682 4676 1719 4717 ac
1733 4658 1893 4733 puniamur·

148 4748 156 4766 ⁸
231 4723 288 4781 sed
302 4723 521 4828 ¹9fi⁸⁸⁵¹svd¹0¹i
533 4731 641 4806 &llinis
667 4753 673 4790 ²
700 4738 777 4804 Quid
790 4741 829 4798 ad
844 4747 872 4802 te
887 4746 901 4801 ‘i
928 4751 1025 4822 potuit
1078 4752 1135 4808 Sed
1150 4751 1275 4825 emptitii
1290 4755 1364 4810 servi
1379 4769 1459 4809 nunc
1474 4769 1544 4809 oum
1559 4751 1730 4820 collibertis,
1747 4749 1840 4824 gratia
1854 4751 1895 4801 tua

193 4811 350 4883 euphoniae
366 4814 466 4873 officio
483 4835 579 4894 usque
593 4823 624 4879 in
639 4824 720 4882 diem
730 4829 875 4890 ethoram
887 4852 948 4909 que
965 4841 1023 4896 lieo
1077 4839 1160 4911 digni
1181 4841 1276 4898 effecti
1298 4845 1369 4898 tunc
1384 4842 1474 4898 etiam
1499 4842 1558 4898 tuis
1573 4858 1643 4898 cum
1657 4840 1764 4898 amicis
1791 4847 1896 4908 semper

193 4899 291 4958 dilecti
305 4905 447 5004 martyris
468 4925 544 4966 casae
571 4913 740 4973 restitutum
770 4921 824 4976 etsi
850 4923 1022 4984 insensibile
1076 4931 1226 4987 mansuris
1238 4930 1372 5004 deputati
1386 4931 1514 5004 gaudiis,
1529 4931 1626 4988 securi
1641 4929 1800 4986 rideamus
1812 4923 1895 4983 nomi-

192 4994 386 5061 praesentram
402 4997 519 5053 Domini
533 5000 579 5058 sui
595 5003 735 5061 sensibus
748 5007 889 5067 humanis
909 5030 939 5071 se
955 5033 1022 5072 sen·
1076 5036 1151 5076 num
1164 5021 1265 5076 tesam
1279 5019 1382 5076 Filium
1398 5025 1483 5076 tuum
1491 5021 1682 5078 liberatorem
1692 5019 1895 5094 etcpiscopum

193 5075 246 5133 tire
261 5078 378 5150 indidit,
393 5099 428 5141 ae
441 5085 566 5144 dulciter
581 5092 682 5150 univit.
1076 5107 1248 5164 animarum
1262 5114 1290 5164 et
1311 5125 1471 5182 corporum
1497 5113 1679 5178 nostrorum,
1703 5106 1839 5178 judicem
1860 5103 1895 5174 ju·

228 5168 300 5223 vere
315 5173 376 5238 tua,
394 5173 591 5250 christanae
613 5187 795 5262 suntopera,
819 5191 871 5262 qui
894 5194 1022 5252 crederis
1076 5201 1154 5252 stum
1185 5195 1321 5252 vivorum
1350 5203 1378 5254 et
1405 5202 1603 5266 mortuorum,
1631 5201 1731 5253 tecum
1756 5195 1896 5252 virentem

193 5257 266 5310 etes
283 5257 383 5313 aeterni
398 5262 489 5319 Patris
504 5267 664 5340 Sapientia.
681 5273 733 5330 cui
748 5277 842 5334 David
865 5281 954 5338 corde
972 5284 1021 5355 jn·
1076 5289 1166 5357 atque
1180 5282 1211 5340 ln
1226 5284 1337 5341 unitate
1363 5285 1487 5358 Spiritus
1518 5285 1612 5342 sancti
1641 5289 1829 5356 regnantem,
1854 5292 1896 5353 ptr

91 5397 96 5406 ·
192 5341 291 5401 hilam
306 5346 417 5405 ⁰lflfflfli
432 5369 439 5407 ἱ
457 5374 471 5402 ¹(
489 5354 584 5419 Quam
603 5375 716 5431 magna
738 5365 899 5428 multitudo
920 5373 1020 5430 dulce·
1075 5373 1257 5431 immortalia
1273 5375 1383 5431 saecula
1399 5375 1702 5434 seculorumhmen.
1718 5373 1750 5430 ¹⁸.

883 5524 998 5580 VARIAE
1018 5526 1218 5584 taurianas.

229 5598 253 5634 ’⁸
276 5603 340 5664 για.
353 5621 425 5680 pag.
442 5625 506 5686 seq.
589 5637 591 5645 ι
