3998 6182
208 175 259 229 831
499 177 503 185 “
710 164 896 220 GUlLLELbil
915 161 1017 218 nucis
1036 161 1236 226 AQUl'l'ANIAE
1256 163 1420 220 uirtute.
1865 171 1913 227 832

207 295 289 353 diem
300 293 409 350 iestum
423 291 616 346 Pentecosten
626 304 770 353 reversus,
787 289 833 346 vel
860 288 886 345 si
911 290 939 344 te
963 287 1033 344 sub-
1051 293 1076 346 A
1089 287 1221 344 amicum
1236 288 1345 347 obnixe
1359 287 1492 361 rogantis
1508 305 1515 344 t
1531 293 1565 346 ut
1578 287 1604 345 si
1617 304 1679 347 non
1692 293 1821 365 propter
1848 295 1913 350 ami·
1957 295 1958 298 ’

208 385 317 443 ducere
328 380 428 448 velles,
449 395 487 436 ne
513 379 570 435 ires
600 380 639 436 ad
666 379 780 437 curiam
807 377 922 434 domini
946 377 1033 449 regis,
1090 377 1199 447 citiam,
1216 378 1320 435 saltam
1335 383 1456 454 propter
1470 379 1694 453 improbitatem
1707 397 1815 439 meam
1835 399 1913 440 acco

209 473 279 530 satis
295 471 456 527 honestam
472 484 597 526 causam
611 467 778 525 habiturus.
795 469 890 534 Quem
904 466 934 522 in
961 481 1036 540 prae·
1089 467 1217 525 modetia
1231 468 1304 525 mibi
1319 472 1467 542 quotquot
1491 468 1590 526 habeo
1613 471 1817 528 necessarios
1831 473 1912 530 Obse-

209 559 284 617 senti
299 557 521 627 adiredimitto,
548 557 681 615 minores
702 556 872 614 inimicitias
898 571 948 612 me
972 571 1036 611 sus·
1089 573 1140 614 cro
1153 557 1308 628 igiturvos
1331 557 1498 615 innomine
1524 563 1635 616 sanctae
1662 559 1825 628 trinitatis,
1854 578 1912 634 qua

208 652 364 723 capturum
379 650 489 722 putans
512 648 551 705 ob
578 664 679 705 meam
702 647 870 705 absentiam
894 643 1036 720 quamsi
1090 649 1168 704 Deus
1182 651 1328 719 unnsest,
1343 651 1376 704 nt
1395 646 1443 704 vel
1467 647 1571 705 decem
1597 648 1703 706 iratres
1726 666 1766 706 ex
1798 648 1911 720 collegio

207 756 304 798 essem
319 755 388 795 cum
399 738 523 795 domino
537 754 606 810 rege
619 738 666 795 vel
678 738 792 810 regina,
817 753 878 794 non
912 752 1037 794 consen·
1089 735 1180 792 vestri
1193 735 1319 807 angelici
1332 735 1445 793 ordinis
1455 735 1530 792 mibi
1542 738 1760 808 transmittatis,
1771 755 1912 795 memores

208 845 296 885 surus
312 827 344 885 in
359 827 528 884 ordinando
542 843 612 899 rege
627 827 743 901 absque
754 827 921 884 meoiratre
934 825 1036 883 Odone
1090 827 1214 883 tandem
1226 826 1304 883 illius
1319 826 1474 900 apostolici
1486 826 1567 896 dicti,
1579 828 1668 886 Alter
1681 830 1814 886 alterius
1832 846 1911 887 onem

208 918 326 978 comite.
344 918 530 984 Quemenim
543 919 608 990 ipse
623 932 725 988 regem
740 917 804 974 fieri
835 916 970 985 voluerit,
994 915 1038 988 ip
1087 922 1218 987 portate,
1235 917 1317 973 etsie
1331 915 1531 986 adimplebitis
1551 917 1643 990 lepem
1668 918 1797 975 Christi.
1827 917 1912 974 valete

211 1023 278 1064 sum
298 1010 326 1062 et
335 1021 384 1063 me
394 1006 469 1064 velle
483 1024 539 1082 pro
552 1011 631 1064 certo
642 1007 792 1064 noveritis.
809 1011 849 1064 De
875 1005 940 1078 ejus
967 1021 1037 1062 cum
1092 1019 1162 1060 eum
1176 1002 1319 1060 omnibus
1332 1003 1449 1060 vestris.

208 1095 333 1153 domino
347 1111 416 1166 rege
431 1095 592 1154 concordia
607 1095 755 1170 quidquid
768 1095 907 1165 audieris,
938 1098 966 1152 et
985 1093 1038 1150 ubi
1389 1095 1557 1151 aristote
1575 1094 1622 1149 vit

210 1185 256 1256 sit,
272 1184 296 1240 si
310 1184 399 1254 nosti,
411 1189 480 1258 peto
503 1185 676 1256 rescribere,
692 1189 721 1242 et
748 1185 773 1242 si
794 1185 866 1243 novi
884 1185 961 1256 regis
984 1184 1039 1240 erit
1298 1199 1441 1238 curuantur
1461 1199 1498 1239 in
1517 1199 1713 1241 araneorruurr.

209 1273 348 1348 sacratio,
363 1289 403 1331 an
416 1290 488 1344 non,
505 1279 533 1332 et
545 1276 591 1347 cuj
597 1292 642 1331 us.
657 1274 736 1332 Vale.
1128 1275 1300 1328 tlnnrcsruo
1320 1275 1498 1330 Gurnansuus
1512 1272 1590 1330 bene
1603 1277 1707 1346 optata
1720 1275 1877 1347 consequi.

512 1366 681 1423 EPlSTOLA
700 1367 734 1421 Vl
1128 1365 1254 1419 Tantam
1269 1363 1352 1437 apud
1365 1379 1413 1420 me
1428 1367 1481 1420 tua
1492 1363 1626 1436 prudens
1641 1362 1821 1437 simplicitas
1845 1363 1910 1420 inre

357 1471 503 1511 curuantur
523 1472 560 1510 sn
579 1471 734 1512 ,remansuri
754 1470 890 1510 innsrnu.
1092 1451 1137 1508 nit
1151 1451 1289 1524 gratiam,
1305 1457 1338 1509 ut
1349 1452 1461 1527 quoda
1472 1469 1521 1510 me
1532 1452 1640 1527 petisti,
1653 1467 1715 1510 non
1730 1453 1833 1523 magis
1858 1453 1909 1526 ipse

244 1542 372 1600 Domino
388 1544 528 1601 Aruerno
550 1549 654 1602 sancto
682 1559 717 1600 ac
742 1542 904 1600 venerabili
926 1542 1037 1612 abbati,
1094 1541 1266 1616 [desideres]
1281 1541 1346 1599 fieri
1359 1559 1453 1617 quam
1482 1559 1538 1614 ego
1563 1542 1663 1600 velim.
1694 1543 1908 1617 sedquoniam

209 1633 368 1689 Gnrnnruus
397 1632 448 1689 Dei
475 1633 571 1703 gratia
595 1634 658 1690 dux
691 1631 856 1706 Aquitaniae
893 1647 1040 1705 prospera
1059 1630 1123 1706 pin
1149 1631 1376 1704 presentiarum
1397 1632 1523 1690 facultas
1545 1649 1607 1690 non
1636 1633 1781 1706 suppetit,
1806 1632 1907 1689 animus

209 1729 327 1779 cuncta.
1091 1737 1177 1778 meus
1187 1725 1305 1778 veretur
1318 1736 1367 1778 me
1382 1721 1434 1778 tibi
1447 1725 1622 1796 suspectum
1637 1737 1711 1792 esse,
1727 1721 1821 1795 quasi
1833 1720 1907 1776 verba

244 1811 423 1868 charitatem
437 1815 568 1868 vestram
574 1811 638 1882 jam
653 1811 787 1867 secundo
797 1810 995 1885 interpellavit
1007 1815 1039 1868 ut
1092 1813 1164 1868 dare
1179 1811 1350 1869 molientem
1367 1831 1374 1869 ε
1400 1812 1482 1885 quod
1494 1828 1557 1868 nou
1583 1828 1647 1869 esse
1674 1827 1783 1869 meum
1808 1811 1904 1878 credas,

209 1901 361 1960 mitteretis
377 1901 416 1957 ad
432 1902 615 1958 Carrnticum
642 1900 858 1957 monasterium
885 1901 1038 1974 quosdam
1091 1899 1246 1972 perfidem
1258 1917 1327 1976 quae
1337 1902 1414 1958 inter
1424 1917 1481 1958 nos
1497 1905 1541 1958 est
1553 1901 1678 1958 obsecro
1688 1917 1806 1972 rogans
1820 1906 1905 1957 tene
1957 1905 1958 1950 1

210 2007 245 2047 ex
257 1991 415 2047 monachis
430 1990 535 2047 vestris
549 1989 715 2064 quiessent
728 1990 875 2047 ferventes
890 1990 920 2047 iu
935 1990 1037 2047 obser·
1091 1989 1193 2046 dicum
1204 1994 1323 2064 tempus
1337 1991 1437 2048 adhuc
1452 1991 1599 2048 sustinere
1615 1991 1711 2048 donec
1735 1989 1903 2063 gratissimis

209 2079 311 2136 vande
339 2079 443 2150 regula
470 2079 564 2135 sancti
587 2078 747 2148 Benedicti,
776 2094 907 2152 quorum
936 2083 1039 2136 sancta
1091 2079 1203 2152 quibus
1230 2081 1379 2154 impedior
1407 2081 1512 2138 officiis
1536 2081 1702 2155 expeditus,
1727 2079 1903 2155 operamtibi

210 2169 395 2225 conversatio
410 2168 550 2225 iratribus
565 2167 661 2243 ipsius
679 2167 736 2224 loci
762 2168 879 2224 bonum
893 2168 1040 2242 praeberet
1092 2169 1163 2225 dare
1178 2185 1298 2242 queam.
1315 2171 1401 2237 Quod
1421 2172 1445 2226 si
1473 2170 1548 2229 iorte
1575 2185 1729 2227 morarum
1762 2169 1901 2242 impatiens

210 2257 393 2330 exemplum,
408 2261 435 2313 et
450 2273 555 2313 eorum
570 2256 712 2314 abbatem
728 2255 808 2314 fasce
822 2256 976 2326 regiminis
1000 2256 1038 2314 le·
1091 2259 1216 2315 moxed
1229 2275 1278 2315 me
1304 2259 1472 2331 adveneris,
1499 2260 1522 2316 si
1550 2259 1627 2316 votis
1653 2259 1711 2316 tuis
1734 2259 1836 2316 minus
1858 2274 1903 2314 rev

209 2349 304 2403 varet.
319 2346 468 2412 Quoniam
482 2363 552 2404 vero
567 2346 702 2421 petitioni
721 2362 796 2403 meae
825 2347 962 2403 nondum
988 2363 1037 2404 ac·
1091 2346 1236 2419 pondero,
1251 2362 1448 2422 nequaquam
1463 2347 1495 2405 id
1504 2347 1588 2419 mibi,
1603 2363 1727 2405 cansam
1754 2347 1901 2422 praedoctus

210 2433 376 2507 quievistis,
392 2451 607 2510 nuncquoque
622 2437 705 2493 tertio
725 2436 765 2492 ad
793 2436 903 2492 ostium
931 2441 1036 2492 vestrae
1089 2435 1156 2508 jure
1171 2436 1372 2493 succensebis.
1387 2437 1456 2494 Vale
1469 2441 1591 2494 nuncet
1610 2451 1737 2511 semper.
1769 2439 1802 2493 a.
1825 2437 1900 2492 turo-

211 2523 362 2583 cbaritatis
374 2524 472 2599 pulso,
486 2525 581 2582 instar
606 2524 684 2582 illius
714 2524 876 2596 evangelici
903 2525 1036 2599 petitoris
1090 2525 1201 2582 nensis.

665 2793 1154 2915 adiuuabat
1189 2796 1460 2915 DUOES

939 3027 1198 3120 ereneus.

359 3227 422 3303 Quo
439 3227 541 3290 uillam
556 3225 591 3290 S.
608 3226 789 3304 Morcltorrr',
807 3229 839 3287 tir
853 3247 914 3309 que
928 3229 983 3367 r'qtie
994 3237 1115 3368 sqqctrles
1129 3229 1299 3320 requiescit,
1317 3228 1451 3290 concedit
1463 3229 1593 3291 eeclesia
1608 3228 1646 3290 S.
1665 3229 1770 3290 Crucis

973 3326 1010 3366 ur
1031 3326 1083 3387 epa
1095 3327 1183 3368 enses.

964 3479 1062 3542 (Anno
1076 3477 1165 3549 1026.)

735 3634 828 3703 (Gall.
846 3633 970 3706 Clusa,
984 3637 1057 3691 tom.
1073 3636 1096 3691 11
1106 3636 1261 3702 lustrem..
1272 3652 1303 3710 p.
1319 3637 1395 3711 268.)

176 3927 177 3932 ’
245 3931 307 3999 ago
319 3927 351 3984 iu
361 3926 412 3984 Dei
426 3926 559 4000 nomine,
584 3927 770 3997 Carauantius,
796 3926 846 3984 [tei
873 3927 954 3984 dono
978 3927 1041 3984 dux
1060 3929 1180 3988 cterris
1196 3930 1332 3988 demere
1348 3931 1566 4004 Salissensque
1580 3929 1620 3988 ad
1634 3946 1718 3987 mare
1738 3928 1774 3985 de
1787 3920 1894 3983 Guauda

209 4017 386 4092 Aquitaniae,
414 4022 442 4075 et
468 4033 545 4074 uxor
572 4032 640 4074 mea
668 4020 849 4088 annaneane,
878 4017 1038 4074 considero
1092 4020 1171 4077 etde
1186 4021 1262 4078 Ubre
1276 4021 1314 4078 de
1328 4022 1415 4095 Syort
1438 4037 1534 4096 usque
1562 4021 1602 4078 ad
1626 4023 1732 4086 Grave,
1760 4033 1823 4087 cum
1844 4027 1894 4070 mt-

211 4107 387 4177 gravitatem
415 4105 657 4178 [gravitudinem]
684 4109 877 4179 peccatorum
901 4124 1038 4165 meorum
1091 4111 1179 4182 risco,
1194 4116 1223 4168 et
1237 4128 1307 4168 cum
1319 4111 1500 4179 montaneis,
1523 4128 1594 4168 cum
1615 4111 1735 4185 pineta,
1763 4123 1828 4166 cum
1851 4101 1896 4177 pit

211 4195 250 4266 [et
263 4194 421 4251 reminisco
436 4195 601 4253 bonitatem
614 4196 665 4252 Dei
690 4194 837 4254 dicentem
864 4199 941 4255 Date
968 4199 1039 4255 elee-
1092 4200 1219 4272 catione,
1239 4215 1310 4257 cum
1333 4204 1441 4257 cuncta
1468 4204 1556 4275 prata
1584 4198 1735 4256 salvicina
1763 4195 1895 4271 capiente}

211 4297 375 4353 mosynam,
391 4289 420 4340 et
432 4300 498 4342 ecee
512 4286 612 4341 omnia
626 4286 740 4342 mundo
754 4289 823 4343 sunt
833 4287 935 4359 cobis]
950 4303 1039 4361 prop·
1092 4304 1162 4345 cum
1176 4289 1269 4346 servis
1285 4293 1313 4346 et
1327 4289 1450 4348 ancillis.
1466 4292 1539 4347 Ecce
1553 4305 1624 4346 vero
1635 4304 1742 4346 omnes
1752 4287 1821 4345 isles
1833 4279 1896 4338 villti

210 4376 290 4430 terea
302 4371 435 4429 concedo
450 4372 490 4430 ad
508 4372 665 4430 basilicam
694 4374 722 4431 S.
743 4375 843 4432 Crucis
866 4376 1038 4447 aurdegdae
1092 4395 1163 4435 cum
1169 4378 1294 4450 justiciis
1306 4378 1472 4451 sanguinis,
1488 4381 1517 4436 et
1544 4378 1582 4435 de
1610 4394 1717 4435 omnes
1731 4393 1780 4434 res
1793 4389 1855 4432 cum
1864 4384 1897 4426 et·

211 4461 378 4519 salvitatem
389 4459 469 4517 illius
483 4461 541 4518 loci
552 4466 581 4518 et
593 4462 738 4519 allodium
756 4463 884 4521 liberum
913 4464 950 4522 de
976 4481 1039 4523 om·
1093 4466 1190 4524 clesiis
1216 4484 1320 4525 earum
1342 4473 1371 4525 et
1399 4485 1469 4526 cum
1491 4483 1599 4524 omnes
1633 4465 1858 4524 consuetudines
1879 4459 1899 4513 et

209 4567 280 4609 nem
294 4550 408 4610 malam
423 4551 610 4609 exactionem
629 4555 658 4608 et
674 4552 712 4608 de
740 4568 863 4610 omnem
888 4554 1037 4629 rapinam,
1089 4557 1477 4630 jura,cumcousuetudine
1504 4555 1595 4614 trium
1617 4557 1791 4614 modiorum
1811 4550 1900 4610 sarisa

210 4645 239 4699 et
253 4641 355 4699 villam
373 4644 400 4700 S.
416 4641 555 4700 biccharii
570 4640 696 4715 ubiipse
709 4645 739 4698 B.
756 4644 923 4701 bacharius
937 4647 1038 4701 tumu-
1093 4662 1162 4704 cum
1176 4645 1206 4704 la
1220 4647 1349 4721 pojadas
1369 4651 1397 4703 et
1421 4645 1450 4704 la
1465 4645 1665 4716 fromentada,
1692 4649 1720 4703 et
1740 4661 1810 4702 cum
1835 4643 1896 4698 totas

209 4731 305 4789 latum
315 4731 381 4803 eJus
397 4747 507 4805 corpus
519 4731 687 4804 requiescit,
701 4748 772 4790 eum
786 4717 903 4791 decima
918 4737 947 4790 et
968 4749 1038 4792 cum
1092 4736 1286 4812 pertinentias
1300 4737 1332 4793 in
1346 4737 1451 4810 pratis,
1462 4736 1493 4793 in
1519 4735 1800 4804 consuetudinibus,
1814 4733 1842 4790 in
1863 4741 1900 4784 nt·

210 4839 316 4880 omnes
330 4838 388 4896 res,
400 4823 451 4895 jus
464 4823 502 4879 de
516 4825 595 4879 terra
610 4827 689 4879 etex
711 4837 805 4894 mare,
822 4827 932 4881 etcum
955 4824 1041 4897 justi·
1093 4825 1239 4894 moribus,
1250 4826 1280 4882 in
1296 4825 1389 4882 vineis
1404 4826 1478 4884 etin
1492 4825 1556 4896 viis,
1567 4830 1596 4882 et
1608 4825 1641 4883 in
1667 4825 1790 4896 semitis,
1813 4820 1848 4880 ad
1867 4831 1901 4872 st·

209 4913 250 4970 tia
266 4912 422 4984 sanguinis
439 4916 480 4982 (et
492 4911 530 4968 de
550 4927 655 4968 omnes
669 4913 738 4985 res),
763 4917 791 4969 et
817 4929 886 4969 cum
910 4912 1040 4987 pedagio
1094 4908 1305 4982 cratissimum,
1332 4927 1386 4968 seu
1411 4916 1440 4967 et
1468 4910 1508 4967 ad
1535 4910 1630 4985 ipsius
1658 4908 1901 4982 congregationem

122 5063 132 5074 ,
209 5006 238 5059 et
250 5001 341 5059 aliam
353 5002 521 5060 salvitatem
539 5003 568 5059 S.
584 5001 680 5059 Mariae
705 5001 742 5059 de
765 5003 869 5059 Mache
897 5003 1040 5076 [biecbao]
1094 5003 1154 5057 [teo
1167 5000 1356 5070 servientem,
1368 4999 1452 5074 quod
1464 4997 1641 5070 Burdegalae
1654 4999 1744 5056 situm
1754 5002 1808 5071 est,
1827 4995 1900 5055 dono.

210 5108 279 5148 cnm
300 5090 428 5160 decima,
457 5095 486 5149 et
513 5106 603 5149 omne
623 5091 673 5162 jus
696 5095 724 5148 et
748 5091 989 5162 consuetudines,
1011 5095 1041 5150 et
1094 5090 1242 5148 transiero
1252 5095 1342 5165 atque
1354 5090 1533 5148 transfundo
1545 5089 1576 5147 in
1601 5089 1722 5147 illorum
1746 5088 1789 5147 ibi
1815 5086 1903 5156 degeo

210 5196 278 5236 eam
292 5196 387 5254 prope
400 5181 588 5252 adjacentem
599 5179 740 5249 insulam,
755 5185 783 5238 et
796 5198 866 5238 cum
881 5182 1041 5256 paduensa
1094 5180 1169 5237 tium
1183 5181 1405 5237 monachorum
1418 5179 1457 5237 ed
1476 5179 1664 5253 stipendiaet
1687 5193 1821 5249 congrue
1843 5174 1902 5246 ipso
1957 5233 1958 5252 χ

211 5268 240 5324 in
256 5271 335 5324 terra
345 5271 373 5325 et
387 5268 417 5325 in
432 5286 526 5340 mare,
539 5274 568 5328 et
582 5269 707 5327 alteram
721 5269 824 5328 villam
838 5272 866 5329 S.
883 5272 983 5329 Hilarii
1000 5271 1038 5329 de
1057 5291 1080 5345 D
1094 5285 1163 5325 rum
1173 5268 1271 5339 trado,
1287 5274 1316 5325 et
1329 5268 1368 5326 do
1379 5271 1558 5342 potestatem
1572 5266 1621 5324 vel
1634 5265 1865 5324 dominationem
1874 5253 1903 5313 td

212 5354 361 5415 Ortellnno
391 5357 555 5431 [ortillano]
588 5375 658 5414 oum
682 5358 800 5416 decime
832 5361 964 5432 [etcum
990 5377 1042 5434 pa·
1094 5358 1270 5416 habendum
1284 5363 1312 5415 et
1325 5358 1418 5416 libere
1440 5356 1669 5432 possidendum,
1699 5359 1727 5412 et
1751 5349 1902 5412 iaciendum

210 5446 337 5513 dacusa,
350 5444 388 5502 de
403 5461 499 5518 aquas
511 5451 539 5502 et
553 5447 590 5502 de
604 5446 697 5517 ligna,
712 5446 791 5504 etde
810 5451 925 5522 terras]
955 5454 985 5506 et
1001 5448 1042 5505 al-
1095 5447 1294 5505 communiter
1307 5446 1456 5521 quidquid
1469 5445 1627 5516 voluerint,
1637 5443 1789 5502 neminem
1805 5443 1902 5498 contra·

210 5539 306 5593 teram
320 5534 422 5592 villam
445 5551 514 5608 quae
540 5541 665 5594 vocatur
691 5537 797 5595 Solaco
824 5555 894 5596 cum
913 5539 1042 5596 oratorio
1095 5537 1254 5595 dicentem.
1281 5536 1310 5593 Si
1335 5551 1407 5594 vero
1430 5534 1538 5609 aliquis
1562 5535 1744 5592 assurexerit
1781 5531 1903 5596 deinceps

212 5625 241 5681 S.
259 5624 367 5684 Genitr.
382 5623 489 5694 itariae,
501 5639 571 5682 cum
594 5624 720 5682 decimis
736 5631 764 5684 et
787 5627 876 5700 aquis
891 5625 998 5699 dulcis,
1014 5631 1043 5686 et
1095 5626 1171 5685 falso
1183 5627 1306 5684 nomine
1319 5641 1431 5696 comes,
1452 5624 1612 5700 episcopus
1635 5623 1683 5682 vel
1705 5621 1810 5698 aliquis
1828 5615 1902 5686 huus
