4044 6184
122 156 152 210 11
366 189 368 194 .
636 147 875 206 Histctttlllttttl
893 143 985 202 blunt
1002 141 1101 218 TRES.
1122 177 1158 204 ,-
1172 143 1237 204 LlB.
1252 147 1296 203 lll.
1787 143 1821 197 58

120 275 159 332 rio
170 270 368 331 lemovicensi
381 269 462 328 beati
477 269 622 328 larcialis
641 270 723 328 dedit
736 269 894 328 ecclesiam
906 267 937 324 in
953 269 976 321 Α
994 268 1160 328 Jordannm
1172 269 1337 344 principem
1369 265 1608 326 cabannensem.
1633 266 1821 337 lleversoque

119 363 241 422 alniensi
255 361 339 434 (120),
353 361 447 433 quarn
461 363 490 416 et
513 363 599 433 pater
623 359 688 431 ejus
716 358 815 416 eidem
837 372 940 414 mona·
992 356 1078 430 duce,
1093 359 1242 418 Jordanus
1257 361 1443 434 praeparatur
1455 371 1526 412 cum
1538 354 1636 411 electis
1650 353 1697 410 vel
1711 353 1749 410 ed
1774 369 1822 410 ca-

119 453 198 510 steria
211 455 280 508 ante
293 449 426 517 dederat,
439 447 550 506 scilicet
563 448 682 517 144414,
696 464 765 521 quae
784 452 829 504 est
842 447 872 504 in
887 446 939 503 ho·
993 450 1088 503 strum
1095 447 1344 521 expugnandum,
1355 443 1585 519 velepiscopnm
1596 441 1819 522 debellandum.

118 557 182 600 nore
195 539 288 596 sancti
301 537 386 597 Petri.
415 536 558 595 canobio
584 537 782 608 cluniacensi,
802 540 831 594 et
853 551 940 593 ceno·
993 536 1167 610 Episcopus,
1180 537 1344 609 adgregata
1357 538 1543 591 armatorum
1555 530 1751 598 immanitate,
1766 529 1821 587 ba-

119 632 164 689 blc
177 629 271 686 saneti
284 626 432 686 Michaelis
449 629 484 664 111
495 626 536 684 ad
549 628 584 664 ¹³⁷
599 627 717 686 illusam
739 628 813 700 (121)
839 627 938 684 14114-
992 624 1054 682 bito
1079 624 1111 681 in
1124 625 1235 683 auxilio
1250 625 1340 682 fratre
1355 623 1488 690 widone,
1501 621 1613 679 4444411
1628 620 1665 689 41,
1681 624 1710 676 41
1730 635 1821 690 grave

117 718 161 790 lia,
174 722 203 775 et
215 718 316 775 multis
330 717 397 775 eliis
412 734 467 791 per
481 717 686 790 burgundiam
701 721 728 776 et
746 716 940 792 Aquitaniam
992 719 1092 771 ortum
1106 720 1150 772 est
1163 714 1301 790 praelium
1318 718 1452 787 tempore
1472 709 1601 768 durioris
1623 709 1738 766 hiemis.
1754 707 1820 764 Plu-

117 807 295 866 monasteriis
309 807 371 875 Dei,
384 808 471 880 juxta
490 824 574 866 oram
590 806 774 865 maritimam
796 807 885 881 plura
908 807 939 863 in
992 804 1087 860 rimus
1102 805 1225 876 sanguis
1241 804 1354 861 effusus
1381 802 1427 871 8';
1455 801 1548 858 victor
1576 798 1724 855 Jordanus
1751 813 1821 854 cum

116 894 253 953 reditibus
266 895 348 954 dona
363 901 509 954 terrarum
528 895 568 953 ad
591 895 710 970 copiam
738 895 939 971 supplementi
992 893 1130 966 pluribus
1142 893 1328 968 principibus
1343 892 1438 967 captis
1450 889 1616 948 revertitur.
1628 891 1753 960 lamque
1775 901 1820 942 se-

114 1001 263 1042 sai-vorum
276 984 382 1042 Christi
394 984 554 1056 delegavit.
569 984 812 1059 amplectebatur
827 986 862 1021 111
877 1001 941 1041 444-
994 998 1093 1050 44444,
1110 999 1198 1039 44444
1209 983 1249 1040 ab
1260 983 1364 1053 ignoto
1379 980 1472 1038 milite
1486 979 1514 1036 9·
1528 975 1680 1051 impetitus
1694 991 1712 1032 a
1728 979 1820 1044 tergo,

114 1073 189 1129 ximo
210 1071 319 1132 aflectu
346 1073 470 1130 honoris
495 1074 532 1109 111
558 1072 710 1144 regulares
720 1073 887 1130 monachos
912 1076 942 1130 et
993 1087 1157 1144 percussus
1170 1072 1324 1140 interit;et
1338 1071 1426 1145 quia
1453 1069 1514 1126 suis
1536 1066 1615 1140 capti
1631 1063 1820 1133 tenebantur,

115 1161 241 1230 abbates,
250 1165 280 1218 et
291 1177 397 1218 eorum
405 1159 536 1220 consiliis
545 1160 694 1219 nitebatur
704 1162 735 1218 in
750 1161 938 1219 administra·
993 1176 1066 1216 mox
1079 1177 1134 1234 pro
1145 1177 1181 1217 eo
1195 1160 1326 1218 confossi
1339 1159 1401 1216 telis
1423 1157 1541 1216 animas
1569 1154 1741 1213 emiserunt.
1766 1155 1822 1208 Pro

116 1249 778 1322 1144444441.11444414444444041144444,
806 1249 939 1309 cluniaci
992 1250 1104 1324 quibus
1120 1251 1240 1322 gravior
1253 1251 1351 1307 luctus
1365 1248 1468 1319 extitit,
1497 1262 1592 1320 quam
1605 1249 1693 1302 antea
1709 1259 1765 1318 pro
1789 1242 1822 1298 in

114 1338 258 1408 abbatem,
278 1338 409 1412 copiosis
436 1339 613 1396 muneribus
634 1338 690 1396 sibi
716 1338 844 1406 attraxit,
868 1354 938 1395 con·
991 1339 1071 1396 bello
1084 1339 1239 1413 prostratis
1252 1339 1358 1397 fuerat.
1373 1337 1522 1395 londanus
1546 1349 1678 1408 quoque,
1700 1346 1822 1390 manzer

114 1428 266 1501 temptatus
278 1429 311 1485 in
321 1444 358 1486 eo
371 1428 518 1502 templum
536 1428 661 1502 Spiritus
676 1428 771 1486 sancti
787 1429 823 1497 t',
840 1403 973 1485 caeno·B
992 1428 1082 1485 frater
1095 1428 1237 1496 defuncti,
1253 1434 1323 1501 post
1336 1426 1620 1498 modicumcaplum
1630 1419 1821 1494 fratremepi-

113 1517 214 1591 blaque
228 1534 292 1574 suae
321 1517 443 1576 ditionis
464 1517 600 1576 nonnula
615 1519 751 1590 ejusdem
766 1517 938 1590 magisterio
993 1517 1076 1590 scopi
1089 1516 1274 1590 llymiricum
1283 1515 1388 1574 tandiu
1400 1514 1583 1572 vinculatum
1592 1511 1696 1576 tenuit,
1712 1525 1823 1584 quous-

114 1607 234 1664 tradidlt.
252 1608 331 1664 Fecit
341 1607 424 1665 idem
436 1607 528 1664 duxa
551 1623 630 1664 novo
642 1608 815 1665 caenobium
837 1607 938 1665 nobile
992 1622 1051 1682 que
1063 1605 1218 1663 castellum
1233 1605 1434 1662 destrueretur
1448 1603 1766 1676 supramemoratum.

114 1695 289 1755 1411444444
304 1696 378 1771 (122)
401 1697 547 1754 1444114414
574 1697 743 1756 pictavensi
770 1699 831 1770 (an.
846 1697 936 1770 1003).
1027 1698 1071 1752 te.
1086 1699 1139 1752 Per
1153 1695 1209 1752 hos
1224 1694 1288 1751 dies
1303 1693 1467 1760 Goslridns,
1483 1690 1580 1748 abhas
1595 1688 1688 1746 sancti
1703 1685 1821 1745 Marcia-

115 1789 238 1860 ltemque
257 1786 368 1859 ingens
395 1786 568 1844 aoenobium
593 1786 785 1859 burguliense
811 1787 881 1860 (123)
907 1787 938 1844 14
992 1783 1037 1853 lis,
1059 1799 1213 1841 successor
1238 1781 1407 1852 adalbaldi,
1441 1780 1536 1837 accito
1560 1781 1675 1835 Bosone
1701 1775 1819 1846 comite,

115 1875 214 1948 cespite
239 1874 441 1946 Adegavensi
461 1875 492 1932 14
520 1874 615 1932 fundo
637 1875 770 1950 proprio,
785 1891 847 1933 una
868 1892 938 1933 aum
992 1889 1062 1930 cum
1076 1871 1196 1929 militari
1210 1886 1323 1942 magna
1336 1885 1430 1927 manu
1446 1869 1490 1925 10·
1503 1883 1613 1940 444444
1630 1865 1726 1922 444411
1753 1866 1820 1918 Wa-

115 1967 198 2020 matre
211 1979 266 2021 sua
278 1966 387 2022 Emma
403 1964 450 2032 ¹⁸⁰,
466 1979 567 2022 sorore
582 1962 694 2022 Odonis
709 1965 936 2038 campanensis.
991 1962 1073 2019 lerici
1087 1960 1272 2030 absconsis,
1290 1976 1358 2033 que
1370 1959 1479 2030 injuste
1494 1959 1598 2014 sancto
1613 1952 1742 2012 114441411
1769 1951 1822 2008 ab

116 2052 262 2126 inquibus
291 2051 436 2109 coenobiis
464 2052 617 2125 regulares
642 2053 808 2110 monachos
832 2053 938 2124 adgre-
993 2051 1167 2109 stellabatur
1180 2067 1199 2106 a
1228 2048 1413 2122 quibusdam
1433 2046 1618 2121 principibus
1634 2042 1689 2114 ll',
1717 2056 1820 2098 secum

115 2141 186 2211 gavit
198 2141 313 2215 pluras,
328 2142 382 2215 qui
394 2141 442 2198 die
455 2145 607 2216 noctuque
627 2145 686 2200 1144
705 2141 812 2199 laudes
826 2142 939 2216 444441-
992 2139 1096 2197 detulit
1113 2138 1313 2196 lemovicam.
1330 2137 1385 2194 Ubi
1400 2135 1504 2194 tandiu
1519 2132 1661 2208 reliquias
1684 2129 1821 2202 ejusdem

113 2235 213 2300 verant,
226 2231 332 2305 eisque
346 2230 495 2289 ordinavit
513 2231 766 2289 ferventissimum
778 2231 810 2288 in
834 2235 938 2290 sancto
992 2227 1171 2286 confessoris
1186 2225 1347 2296 4214444,
1363 2224 1465 2299 quoad
1477 2225 1692 2295 cognoscerent
1700 2225 1728 2276 et
1740 2218 1820 2274 exbi-

113 2319 256 2392 proposito
284 2323 314 2376 et
336 2317 502 2392 disciplina
529 2318 644 2376 celestis
671 2319 865 2377 fortissimam
891 2337 940 2378 co·
991 2318 1097 2375 herent
1110 2315 1260 2390 principes
1273 2315 1480 2372 malefactores
1495 2310 1702 2369 rectitudinem
1726 2307 1821 2364 sancti

113 2406 262 2482 lumpnam
278 2407 424 2464 abbatem
438 2407 653 2466 theodelinum
676 2408 939 2468 2·.8444444114-
991 2405 1145 2464 llarcialis.
1176 2405 1283 2479 Sicque
1306 2402 1532 2476 possessionem
1560 2399 1606 2456 ta*
1633 2399 1819 2470 recuperata,

114 2498 170 2566 ties,
183 2498 235 2571 qui
249 2497 278 2554 ei
292 2495 437 2554 rebellare
451 2496 551 2554 conati
566 2501 636 2554 sunt
649 2498 818 2571 aquitanici
826 2500 938 2573 primo
991 2495 1158 2553 restitutum
1175 2497 1219 2550 est
1234 2498 1373 2549 sanctum
1388 2507 1498 2565 corpus
1513 2487 1685 2563 supradicto
1699 2485 1776 2551 loco,
1792 2488 1821 2540 et

113 2601 162 2658 res,
183 2602 292 2644 omnes
313 2585 360 2643 vel
382 2585 505 2642 edomiti
531 2586 579 2643 vel
604 2586 747 2660 prostrati
760 2592 839 2644 sunt.
856 2587 937 2645 Unde
991 2585 1022 2641 ln
1036 2583 1197 2659 praesentia
1210 2580 1446 2638 Willelmiducrs
1462 2578 1507 2635 rt·
1522 2577 1689 2636 monastica
1708 2575 1750 2630 lbi
1776 2576 1821 2630 est

117 2691 176 2732 cum
190 2675 344 2732 obsideret
356 2674 550 2732 llocameltim
576 2675 585 2747 (
590 2677 651 2748 124)
666 2692 767 2733 comes
782 2679 857 2734 Boso
871 2677 937 2734 viai·

115 2778 180 2820 4444
206 2766 317 2822 Sancto
338 2763 470 2828 carrofo,
495 2780 565 2821 cum
588 2764 779 2823 multitudine
815 2766 937 2824 fortium

116 2857 208 2912 444144
218 2871 290 2912 eum
301 2853 399 2912 aciem
413 2853 528 2922 struxit,
544 2856 581 2924 et,
598 2853 760 2912 commisso
769 2855 859 2925 bello,
875 2856 937 2914 dux

118 2945 141 2998 1·
151 2943 241 3000 victor
250 2943 366 3013 extitit3
383 2947 421 3006 et.
449 2942 574 3016 repetita
599 2943 757 3000 obsidione
779 2944 818 3010 4·,
844 2945 874 3001 vi
889 2961 937 3003 ca-

118 3036 202 3089 strum
217 3031 562 3108 4441111414141444444
576 3032 680 3105 magni
699 3033 814 3090 consilii
828 3033 936 3105 virum,

116 3121 244 3179 comitem
268 3119 450 3193 Engolismee
477 3119 667 3189 willelmum,
699 3122 786 3194 eujus
805 3122 937 3180 maxime

115 3210 226 3268 consilio
240 3209 405 3284 pendebat.
420 3209 474 3275 041
498 3209 540 3266 114
565 3225 596 3266 44
618 3208 746 3266 invicem
771 3210 938 3270 dilexerunt

116 3315 234 3373 4444444,
249 3305 284 3357 41
303 3304 381 3356 44441
394 3298 437 3356 414
450 3298 479 3354 5*
493 3298 596 3356 anima
609 3314 680 3356 una.
704 3299 835 3357 Blaviam
862 3301 935 3375 (125)

115 3382 231 3460 denique
242 3391 380 3444 cestrum
395 3402 466 3442 cum
481 3390 669 3460 expugnaret
681 3403 782 3444 comes
806 3390 939 3461 Engolis·

115 3473 227 3543 mensis,
237 3475 350 3532 ducem
361 3474 464 3548 ipsum
474 3491 578 3532 secum
592 3475 706 3544 babuit,
720 3477 937 3550 4144444144-

115 3561 228 3621 titudine
245 3564 349 3639 ipsum
363 3567 498 3621 castrum
514 3565 639 3639 accepit,
662 3570 691 3621 41
720 3581 738 3622 4
766 3566 842 3622 duco
870 3567 937 3640 ipso

115 3651 217 3723 accepit
229 3651 259 3708 in
287 3651 436 3708 beneficio
456 3652 521 3708 baec
536 3653 564 3709 6·
581 3671 587 3709 :
613 3652 855 3712 vicecomitatum
869 3655 937 3712 1141-

115 3735 217 3796 1444444
231 3745 261 3797 41
276 3741 483 3798 OEnacensem
504 3745 533 3797 et
556 3741 813 3799 llocacardensem
839 3744 935 3800 hono-

115 3841 226 3900 remque
241 3828 566 3902 (126)0411444444444
590 3833 619 3886 41
633 3828 825 3902 Confolentis,
841 3831 937 3889 Bolia-

117 3927 179 3970 cum
191 3931 324 3991 quoque,
336 3921 366 3972 41
376 3916 472 3974 444114
487 3915 546 3974 4114
560 3917 600 3973 1·.

149 4005 189 4060 42.
202 4005 248 4062 llis
263 4005 453 4079 temporibus
464 4005 610 4063 alduinus
623 4007 793 4082 episeopus,
805 4007 937 4066 adducto

116 4106 207 4150 secum
233 4095 312 4152 duce
340 4094 495 4164 Willelmo,
525 4096 654 4154 extruxit
682 4101 815 4154 castrum
843 4097 937 4155 Bello-

112 4179 206 4251 iocum
217 4201 306 4242 secus
325 4185 544 4242 monasterium
568 4185 663 4242 sancti
689 4185 808 4244 Juniani
835 4191 939 4246 contra

991 2673 1129 2732 ordinata
1148 2670 1316 2744 disciplina.

1026 2817 1134 2874 441114
1150 2815 1257 2874 diebus
1281 2811 1500 2872 vicecomitissa
1527 2809 1688 2869 lemovicae
1714 2810 1820 2864 limma

991 2905 1070 2963 circa
1078 2906 1268 2962 festivitatem
1283 2903 1490 2978 apostolorum
1504 2907 1533 2959 41
1553 2899 1650 2956 sancti
1676 2895 1819 2956 1144414114

991 3000 1111 3052 oretum
1127 2995 1200 3051 abiit
1214 2995 1252 3051 ad
1269 2997 1412 3052 Sanctum
1427 2990 1598 3050 llichaelem
1613 2989 1820 3058 Heremum,et

990 3079 1530 3153 444141114144444414444114414,
1560 3093 1613 3152 per
1636 3082 1695 3132 tres
1724 3086 1820 3130 annos

990 3171 1144 3229 exultrans
1171 3173 1461 3227 444444414414414.
1491 3171 1533 3224 Ex
1558 3168 1699 3224 thesauro
1726 3160 1820 3218 sancti

990 3259 1134 3320 1144414114
1145 3259 1263 3316 infinita
1278 3257 1342 3314 auri
1365 3260 1393 3314 41
1407 3256 1521 3328 argenti
1536 3255 1672 3329 pondera
1698 3268 1754 3325 pro
1773 3266 1819 3305 re-

991 3349 1163 3424 demptione
1179 3349 1244 3421 ejus
1255 3348 1326 3406 data
1337 3351 1416 3418 sunt,
1434 3345 1583 3418 simulque
1602 3343 1704 3413 imago
1727 3354 1820 3396 44444

992 3439 1084 3496 sancti
1100 3437 1282 3509 archangeli,
1298 3441 1326 3494 et
1339 3436 1397 3493 alia
1408 3435 1530 3510 copiosa
1542 3434 1729 3498 ornamenta,
1750 3443 1818 3501 qnoe

990 3529 1093 3586 omnia
1101 3527 1264 3585 Normanni
1275 3525 1451 3593 auferentes,
1464 3520 1653 3580 mentitatide
1666 3517 1818 3576 mullerem

990 3635 1051 3675 non
1067 3617 1271 3682 reddiderunt,
1287 3616 1384 3672 donea
1398 3618 1470 3688 post
1484 3612 1595 3670 multos
1610 3610 1673 3666 dies
1697 3606 1819 3665 Richar-

991 3708 1048 3765 dus
1063 3723 1164 3764 comes
1179 3703 1404 3776 Rotomagensis
1418 3719 1486 3760 4444
1499 3699 1655 3774 ingeniose
1665 3713 1719 3772 444
1741 3695 1821 3768 lega·

989 3800 1035 3854 tos
1043 3794 1255 3852 ultramarinos
1267 3792 1438 3868 adquireret
1452 3795 1480 3848 et
1493 3790 1558 3847 viro
1573 3805 1628 3846 suo
1643 3785 1767 3843 Widoni
1784 3783 1819 3840 ll-

990 3884 1096 3943 beram
1109 3883 1255 3941 redderet.

1026 4010 1071 4064 te.
1084 4010 1197 4064 Bosone
1211 4004 1324 4062 interea
1335 4003 1444 4061 comite
1456 4001 1608 4059 veneficiis
1631 3999 1732 4056 uxoris
1756 4013 1818 4052 sum
1832 4051 1835 4059 ,

991 4099 1107 4164 444414,
1121 4099 1150 4152 41
1164 4093 1358 4164 petragorica
1371 4091 1498 4166 sepulto,
1514 4095 1543 4147 et
1553 4089 1628 4146 urbe
1639 4089 1707 4164 ipsa
1720 4085 1819 4143 411111-

991 4185 1167 4244 lelmoduce
1187 4188 1286 4256 44414,
1301 4185 1381 4239 14144
1402 4181 1533 4238 tiliorum
1556 4179 1620 4252 ejus
1646 4181 1674 4236 et
1695 4175 1819 4251 neposis

116 4376 138 4430 1·
150 4393 237 4452 seque
248 4379 276 4436 ei
286 4378 318 4435 in
329 4379 473 4437 manibus
488 4375 734 4439 commendatum
745 4380 867 4438 tradidit
879 4381 993 4439 add..2.
1045 4379 1250 4449 2144114444,
1266 4377 1319 4452 qui
1334 4392 1371 4433 ex
1384 4375 1496 4433 Judaeis
1511 4389 1672 4458 conversus
1687 4372 1817 4429 1444412.

143 4449 309 4522 t'primum
336 4453 422 4521 11444,
449 4450 557 4508 deinde
571 4451 739 4508 Willelmus
753 4453 832 4518 vicit,
848 4456 876 4509 el
890 4454 999 4510 441412.
1037 4453 1066 4508 4·
1081 4468 1116 4508 44
1130 4453 1246 4507 1144444
1260 4449 1365 4520 fugato
1376 4449 1446 4504 odd.
1462 4453 1489 4504 2.
1529 4448 1558 4502 5*
1576 4461 1607 4502 44
1622 4444 1819 4528 duobuscor3

142 4521 264 4592 poribus
284 4523 355 4578 odd.
371 4525 398 4577 2.
438 4524 466 4578 11·
480 4523 594 4598 4444411
608 4522 682 4579 illud
694 4523 725 4579 in
737 4523 919 4580 beneficium
929 4541 999 4582 cum
1015 4524 1062 4580 bis
1075 4523 1175 4579 rebus.
1194 4521 1309 4579 Scilicet
1320 4537 1348 4576 v.
1371 4523 1399 4575 2.
1437 4520 1466 4574 7”
1480 4517 1630 4591 simulque
1643 4532 1674 4599 .¹¹.¹
1688 4514 1818 4571 11444444

143 4591 225 4670 plura
249 4593 322 4649 add.
348 4597 377 4649 2.
416 4594 444 4650 8*
458 4592 753 4677 fugatilemoviclni
781 4610 852 4652 cum
867 4595 1010 4668 episcopo
1021 4600 1050 4652 et
1068 4591 1293 4651 vicecomitibus
1310 4591 1497 4674 4414441412.
1536 4589 1594 4646 914
1608 4587 1711 4680 4441414,
1727 4599 1819 4666 quem

143 4667 929 4795 ’111111111111111111111111111111111·
968 4661 1819 4796 1112111141441111414114

143 4747 434 4878 fflfflpfifflffm,
444 4811 473 4864 2.
513 4809 558 4864 14·
567 4813 597 4864 41
607 4806 722 4865 Girardi
736 4807 871 4883 episcopi
884 4779 1103 4876 lemovicensis
1117 4807 1187 4865 add.
1202 4810 1229 4862 2.

800 4959 914 5016 varra
933 4941 1134 5018 scariones.

127 5076 477 5164 ,11111441141144144144
494 5084 557 5140 31111.
609 5083 646 5120 111
660 5083 740 5141 deest
754 5086 819 5140 1.2.
858 5085 894 5121 111
905 5080 1144 5166 amplectebatur
1159 5085 1183 5138 1.
1224 5075 1422 5134 1111444411.
1462 5070 1818 5130 1111441441414114414-

114 5161 184 5208 suna
196 5167 268 5225 quae
277 5155 370 5210 441441
381 5166 465 5211 soror
477 5153 616 5212 Richardi
628 5154 745 5212 44441114
763 5156 991 5228 Rotomagensrs
1003 5154 1086 5211 Pttlr.
1102 5167 1133 5227 p.
1147 5153 1192 5208 80.
1209 5151 1258 5223 (eor
1272 5149 1336 5206 eod.
1350 5146 1389 5219 4.)

908 5279 1020 5338 NOTAE.

155 5401 205 5456 1211
227 5401 325 5471 Pagus
334 5399 578 5474 liniensispoys
593 5401 724 5473 d’Auny.

156 5473 200 5526 121
229 5475 263 5527 14
275 5477 375 5530 monte
388 5470 506 5530 Cinlsio.

145 5538 206 5683 4122
231 5542 394 5600 llaillezais.

157 5615 205 5670 123
237 5613 561 5688 coangustiari-vallea.

1024 5400 1100 5472 (124)
1122 5397 1319 5454 Rochemeau.

1037 5474 1098 5614 111511
1118 5469 1382 5597 1111414441444
1404 5536 1489 5610 quod
1516 5536 1683 5604 comitatus,
1703 5535 1817 5591 viceco-

989 5616 1110 5670 mrtatus
1124 5615 1177 5669 ant
1188 5608 1340 5684 ejusmodi
1352 5612 1495 5683 potestas.
