3998 6182
20 177 82 233 oss
638 169 640 173 ·
835 167 933 229 ura
1688 188 1743 244 „0

20 299 63 356 tis
76 295 278 354 existentibus
300 296 366 371 ipsa
381 297 505 355 ecclesia
527 302 596 370 post
607 297 730 370 ignibus
743 297 862 364 adusat,
877 295 1152 356 incubuissent
1166 315 1237 358 eum
1251 302 1406 360 honorans
1419 303 1551 362 attribuit
1561 305 1603 364 illi
1613 306 1743 368 honores

20 388 142 444 iterum
166 403 185 443 a
208 402 257 443 me
281 385 402 460 misero,
419 386 602 445 auxiliatrice
624 404 719 445 manu
745 384 863 443 Domini
916 399 978 441 non
992 385 1145 460 minimos,
1160 389 1315 450 abbatiam
1338 395 1366 450 S.
1380 391 1539 462 Benedicti,
1553 411 1621 468 quas
1634 403 1680 456 est
1693 415 1742 458 ca-

20 481 185 550 nperante,
199 481 310 533 sanctes
323 475 419 534 ilarioe
429 476 533 533 matris
545 475 672 548 itomini,
683 475 775 533 Patris
788 489 862 548 quo-
916 478 971 547 put
985 475 1073 532 totius
1087 479 1201 536 ordinis
1227 482 1385 540 monastici
1407 487 1435 539 et
1449 482 1658 557 episcopatum
1671 487 1745 544 Bitu·

20 582 86 640 1ue
101 565 253 623 Benedicti
267 570 297 622 et
307 564 484 622 eorumdem
509 570 681 623 sanctorum
695 562 863 637 adjuvanti·
914 563 1062 622 nicensem
1076 569 1171 626 sancti
1184 573 1414 646 protomartyris
1429 572 1581 645 Stephani,
1597 573 1746 649 principa-

20 657 84 710 bus
110 653 235 722 meritis,
256 669 325 728 que
342 657 405 711 erat
429 653 530 725 lignea
554 654 634 712 iacta
662 658 706 712 est
732 653 861 727 lapidea,
915 657 980 711 tum
994 657 1121 715 tenentis
1135 659 1223 718 totius
1238 663 1416 736 Aquitaniae,
1429 663 1481 736 qui
1496 663 1552 721 tuit
1575 669 1605 721 et
1629 668 1676 722 est
1694 666 1746 724 bo-

20 757 127 816 rnam
141 757 260 814 magnae
273 741 417 799 bonitatis
432 741 583 812 gloriosus
603 742 763 818 episcopus
775 740 863 798 udol-
914 757 972 800 nor
997 747 1026 801 et
1048 744 1140 803 decus
1164 751 1302 808 Francire.
1328 751 1489 826 inquibus
1517 769 1586 826 quae
1609 753 1746 826 peccavit

20 831 109 888 ricus
135 848 202 900 sua,
222 847 283 889 non
302 831 434 898 aioerius,
452 835 486 888 ut
511 831 605 905 prius,
627 847 721 889 manu
737 829 863 887 Domino
915 849 989 891 vera
1002 835 1132 894 charitas
1153 843 1181 896 et
1204 839 1406 915 eleemosyna,
1421 841 1532 916 quein
1551 857 1622 898 eum
1636 843 1745 901 florue-

20 923 87 977 iieo
110 925 142 978 et
167 921 230 978 suis
256 921 366 978 sanctis
380 921 513 978 dedicari
527 926 556 978 et
578 921 747 979 consecrari
760 920 860 977 voluit·
914 928 986 980 runt
1007 923 1112 982 virtute
1134 943 1256 999 magna,
1283 936 1434 1003 perpetue
1462 931 1579 989 tradent
1600 931 1744 989 oblivioni

20 1010 109 1067 i'ecit
123 1015 157 1068 ut
172 1010 300 1068 decebat
324 1010 413 1068 talem
427 1010 536 1069 virum.
552 1010 668 1085 Quippe
683 1009 736 1084 qui
751 1010 793 1067 sic
813 1025 862 1066 me
914 1013 1032 1072 actione
1061 1015 1153 1073 felicis
1179 1017 1261 1084 boni,
1277 1019 1361 1091 quod
1384 1018 1491 1076 habuit
1517 1020 1743 1094 participatione

20 1100 161 1174 protexit
172 1116 275 1158 amore
287 1100 372 1158 omui
385 1117 447 1175 quo
458 1099 571 1158 advixit
583 1104 863 1173 tempore‚operan·
915 1103 1026 1160 summi
1040 1103 1122 1162 boni.
1138 1106 1171 1161 ln
1182 1105 1289 1163 diebus
1300 1107 1413 1181 quippe
1427 1109 1658 1182 septuagesimae
1673 1109 1743 1168 resi·

20 1195 49 1248 te
63 1190 121 1248 liei
137 1190 255 1260 virtute,
265 1191 339 1247 utin
348 1190 395 1248 bis
408 1206 598 1264 quaecunque
612 1189 694 1262 volui
703 1205 862 1263 nunquam
914 1192 990 1250 dens
1001 1208 1054 1250 rex
1063 1193 1184 1251 illustris
1201 1196 1331 1253 Parisius
1347 1196 1464 1254 civitate
1479 1197 1559 1254 misit
1568 1197 1607 1255 ad
1617 1214 1687 1255 eum
1695 1199 1744 1256 ab·

20 1281 93 1352 ejus
107 1279 268 1338 habuerim
282 1279 372 1348 nolle,
389 1279 443 1337 sed
457 1294 576 1353 semper
593 1280 677 1354 quod
702 1283 747 1344 est
769 1279 862 1336 henc-
914 1281 970 1338 bas
984 1281 1105 1339 humilis
1120 1298 1157 1339 ex
1171 1299 1255 1341 more
1269 1299 1325 1357 pro
1340 1284 1532 1342 sacratissimi
1542 1285 1599 1342 ioci
1609 1285 1743 1343 utilitate.

20 1373 109 1426 stum
119 1374 150 1425 et
162 1369 241 1426 utile.
254 1369 461 1428 Hereditatem
475 1375 650 1428 sanctorum
660 1368 861 1440 sacerdotum,
916 1371 971 1438 Qui
984 1371 1068 1428 missi
1079 1372 1221 1429 erantbis
1236 1373 1366 1447 propriis
1377 1374 1608 1447 appellabantur
1617 1373 1745 1430 nomini·

20 1473 123 1532 {uam
137 1475 256 1532 semper
269 1458 318 1516 hic
331 1459 471 1517 sacerdos
483 1458 613 1533 inclytus
622 1459 736 1517 bonore
746 1458 863 1532 pontifi-
915 1459 991 1517 bus:
1007 1459 1161 1518 albericus
1182 1477 1262 1518 unus
1276 1462 1435 1519 sacerdotii
1460 1462 1554 1532 gioria
1575 1462 1744 1532 decoratus,

20 1553 114 1604 catus
140 1550 285 1622 consequi
311 1548 514 1618 desiderabat,
533 1549 612 1607 hanc
640 1565 813 1624 quaesumus
836 1549 863 1606 ei
914 1548 1060 1619 largitiure
1084 1549 1234 1607 charitatis
1249 1549 1313 1617 vir;
1337 1549 1385 1606 cui
1411 1550 1573 1621 adjunctus
1591 1550 1642 1607 liei
1662 1549 1744 1607 dono

20 1637 161 1694 tribuere
175 1637 316 1708 dignetur
326 1639 458 1696 Pontifex
474 1655 622 1708 summus,
636 1641 713 1697 Deus
723 1644 752 1697 et
765 1638 863 1697 Domi-
879 1655 900 1712 g
916 1643 943 1694 et
967 1637 1208 1695 excellentissimi
1227 1637 1321 1713 patris
1348 1637 1482 1694 Gauziini
1505 1625 1641 1711 imperio,
1656 1638 1747 1696 irater

20 1741 85 1782 nus
101 1731 206 1784 noster
218 1728 307 1784 lesus
322 1727 464 1786 Christus.
475 1730 567 1802 liujus
580 1733 705 1803 peccata
719 1730 862 1798 destruat,
916 1727 954 1784 de
972 1727 1095 1786 nomine
1113 1726 1211 1784 dictus
1234 1726 1416 1798 lieigaudus,
1431 1743 1523 1800 quem
1537 1728 1592 1784 iste
1606 1726 1745 1802 princeps

20 1814 194 1872 collocetin
207 1816 388 1885 coelestibus,
399 1817 508 1890 jungat
522 1818 667 1876 caelorum
683 1818 797 1876 civibus
812 1822 863 1876 ite-
918 1817 968 1874 uei
981 1817 1090 1874 atiectu
1115 1816 1259 1887 diligebat
1277 1820 1401 1891 paterno
1413 1834 1420 1884 ;
1444 1815 1564 1873 tertium
1578 1833 1682 1874 secum
1694 1817 1746 1874 be-

20 1903 171 1979 iemptor
184 1911 213 1962 et
225 1907 376 1980 Conditor,
388 1913 417 1965 et
432 1913 604 1966 sanctarum
619 1909 790 1966 animarum
805 1909 861 1965 mi-
914 1907 1019 1964 bentes
1042 1907 1072 1964 in
1100 1906 1246 1980 obsequio
1267 1906 1457 1964 iratemitatis
1481 1906 1680 1972 laborantem,
1697 1905 1745 1962 Hi-

20 1992 165 2052 tissimus
186 1995 337 2054 liberator.
354 2000 497 2054 intrantes
522 1998 601 2054 hanc
615 1997 780 2077 ecclesiam¹
798 2013 861 2071 pree
914 1997 1099 2054 sembertum
1123 1995 1254 2067 nornine,
1270 1993 1464 2052 conversione
1486 1993 1612 2065 dignum
1631 1993 1744 2050 iactum

20 2083 127 2139 aculis
152 2085 266 2142 babent
285 2085 468 2158 subscriptos
490 2085 661 2158 versiculos,
682 2085 862 2144 memoriam
914 2086 1110 2143 monachum.
1124 2083 1188 2141 ilias
1202 2089 1303 2141 autem
1316 2087 1426 2140 sanctae
1442 2081 1686 2153 Quadragesimae
1700 2082 1743 2138 Pi·

20 2172 125 2227 sancti
140 2173 274 2246 Dionysii
288 2179 318 2231 et
331 2174 450 2231 iactaris
463 2173 522 2231 loci
536 2175 708 2242 retinentes,
723 2191 801 2249 quos
814 2174 860 2232 bi·
915 2176 1013 2234 scinco
1028 2174 1243 2246 celebraturus,
1258 2173 1314 2231 iter
1324 2172 1469 2230 accelerat
1482 2171 1641 2229 nobiscum
1654 2171 1744 2245 proii-

20 2259 69 2316 ais
94 2261 234 2333 partibus
262 2261 374 2318 divisos
400 2269 569 2334 agnoscunt
594 2263 710 2335 altaria,
729 2281 860 2338 quorum
914 2264 1094 2322 ciscentibus
1117 2264 1182 2336 ejus
1209 2262 1365 2337 preceptis
1388 2259 1604 2333 imperialibus,
1628 2259 1660 2316 in
1682 2274 1744 2332 quo

20 2353 98 2405 sunt
112 2350 229 2408 bonore
242 2355 369 2408 sacrata.
385 2350 431 2408 Ad
451 2351 602 2410 sinistram
627 2357 744 2427 partem
759 2353 861 2411 altaris
915 2359 978 2412 erat
990 2353 1138 2412 rationem
1151 2351 1333 2418 redditurus,
1349 2350 1387 2406 de
1408 2347 1519 2423 quibus
1542 2363 1612 2405 eum
1626 2347 1745 2404 adiera-

20 2437 124 2494 sancti
140 2437 274 2511 Dionysii
286 2438 319 2494 bi
331 2443 419 2496 sunt:
915 2460 994 2500 mus.
1008 2443 1083 2498 cum
1094 2457 1162 2498 ecce
1175 2440 1329 2498 venientes
1343 2439 1382 2496 ad
1395 2441 1516 2512 portum
1527 2439 1683 2512 Sequanae,
1692 2437 1745 2511 qui

20 2543 92 2601 {sta
107 2545 266 2616 prowm,
279 2552 472 2616 penetrans&
489 2547 595 2604 limina
608 2552 740 2618 ganam,
914 2531 1022 2588 dieitur
1043 2528 1251 2598 carolivenna,
1271 2528 1330 2584 hoc
1351 2525 1579 2600 esttpiscatoria,
1599 2541 1667 2606 quie
1682 2528 1746 2582 erat

59 2633 191 2690 Auxilio
207 2640 311 2692 sancio
325 2635 471 2692 consocies
486 2637 622 2692 Domino,
915 2619 1088 2676 difficultate
1102 2615 1333 2683 transmeabilis,
1346 2614 1483 2688 jussione
1497 2614 1564 2684 ejus
1577 2618 1683 2670 sancta
1697 2627 1745 2669 so-

21 2723 384 2798 quugcunqugpem
394 2725 553 2781 Dominum
564 2724 861 2796 depoweconamem,
914 2709 935 2766 li
962 2708 1134 2766 naviculam
1158 2705 1345 2774 intravimus,
1371 2704 1438 2778 ipso
1453 2701 1614 2787 aspiciente
1634 2705 1664 2758 et
1677 2717 1747 2758 con·

62 2817 220 2880 Quatenus
234 2813 427 2884 Helymum
441 2818 649 2871 ,metamorp
660 2829 758 2871 guum,
915 2798 1064 2855 siderante
1089 2795 1157 2871 quis
1180 2794 1250 2852 finis
1274 2810 1336 2852 non
1362 2795 1537 2860 assumeret,
1553 2807 1630 2866 quos
1653 2790 1746 2849 adse

25 2903 128 2973 Cujus
143 2917 228 2959 amm·
245 2902 367 2960 gamm
380 2902 807 2973 ,ycgpvmerapaegempyum
914 2887 1016 2945 venire
1043 2885 1157 2943 alacres
1184 2889 1213 2942 et
1240 2884 1406 2942 incolumes
1432 2880 1633 2956 exspectabat.
1654 2879 1748 2937 Aiiuit

64 2990 246 3048 construxit
255 2993 381 3048 Domino
396 2997 486 3063 atque
496 2993 647 3062 Dionysio,
880 3009 900 3064 ,3
915 2977 1002 3034 nobis
1036 2975 1155 3033 miseris
1192 2975 1283 3047 hujus
1324 2972 1534 3031 intercessione
1566 2970 1659 3042 regis,
1692 2985 1746 3044 qm

915 3067 1066 3136 laudatur,
1089 3064 1275 3122 benedicitur
1299 3067 1328 3120 et
1354 3064 1497 3121 adoratur
1519 3061 1631 3135 ubique
1657 3063 1743 3118 Deus.

916 3155 1130 3228 Navigantibus
1146 3154 1235 3212 nobis
1249 3158 1279 3210 et
1292 3169 1386 3226 equos
1400 3157 1518 3209 nostros
1529 3151 1615 3223 juxta
1628 3150 1747 3207 lintrem

915 3247 1006 3304 irenis
1021 3244 1219 3314 trahentibus,
1240 3244 1363 3314 contigit
1381 3257 1476 3298 unum
1502 3239 1687 3314 sonipedem,
1704 3238 1748 3295 in-

916 3334 1065 3392 domitum
1088 3338 1118 3391 et
1141 3348 1300 3406 nunquam
1325 3330 1396 3388 talia
1421 3329 1578 3396 idacium,
1595 3327 1625 3384 in
1640 3326 1747 3384 mediis

916 3423 1057 3481 litictibus
1082 3423 1160 3479 duos
1173 3437 1205 3478 1n
1220 3419 1288 3478 navi
1303 3419 1466 3478 anteriores
1482 3415 1618 3491 posuisse
1634 3414 1746 3488 pedes;

917 3513 1004 3584 cujus
1025 3510 1091 3567 iorti
1114 3510 1197 3566 rabie
1211 3509 1295 3566 navis
1310 3505 1543 3582 periclitabatur,
1558 3504 1678 3560 trahens
1691 3518 1747 3560 nos

914 3603 980 3675 jam
1005 3601 1036 3656 in
1061 3598 1257 3674 protundum.
1289 3596 1457 3654 inclamans
1481 3611 1534 3651 rex
1555 3595 1624 3666 post
1652 3595 1746 3649 ileum

917 3689 1097 3748 altissimum
1121 3705 1191 3744 cum
1207 3687 1270 3744 suis
1284 3692 1313 3744 et
1326 3686 1447 3742 virtutes
1460 3683 1616 3750 caelorum,
1630 3680 1684 3738 dat
1696 3696 1747 3739 vc-

36 3761 82 3816 Si⁰
98 3758 164 3814 fian
179 3765 280 3826 Amen’
295 3775 395 3826 ΜΘΗ*
411 3773 511 3814 amen·
918 3795 967 3836 ces
997 3779 1163 3834 immensas
1189 3776 1228 3833 ad
1256 3774 1366 3831 coslum
1392 3777 1495 3829 nostro
1523 3786 1578 3843 pro
1603 3767 1746 3842 periculo.

71 3867 167 3938 liujus
192 3871 270 3924 certe
291 3865 487 3941 temporibus,
505 3866 592 3938 cujus
618 3866 778 3938 adjuvante
804 3869 863 3923 lieo
918 3867 1094 3924 Pronuntiat
1106 3865 1212 3935 grandi
1226 3879 1299 3921 voce
1314 3865 1399 3918 irena
1413 3859 1591 3931 relinquere,
1606 3860 1635 3912 et
1653 3871 1748 3927 equos

36 3957 114 4014 iacta
129 3955 335 4024 describimus,
350 3955 431 4012 iuisit
444 3956 474 4012 in
489 3955 672 4012 monasterio
688 3954 864 4012 Fieriacensi
917 3956 1007 4026 longe
1031 3971 1049 4011 a
1071 3953 1142 4010 navi
1161 3951 1264 4010 arceri.
1286 3949 1334 4005 Ad
1354 3949 1441 4018 eujus
1460 3943 1623 4002 amabilem
1642 3956 1747 3997 vocem

37 4045 102 4102 ioco
126 4042 234 4100 celebri
262 4043 437 4117 splendibus
460 4043 577 4100 mundo
596 4043 754 4100 Gauziiuus
769 4043 864 4100 abbas
918 4043 1024 4102 laxatis
1037 4041 1141 4111 irenis,
1156 4045 1190 4098 ut
1200 4041 1343 4112 jusserat,
1355 4040 1384 4092 et
1399 4033 1468 4108 equi
1481 4030 1610 4105 pedibus
1624 4028 1662 4085 de
1677 4027 1748 4086 navi

38 4135 151 4202 merito,
178 4133 289 4190 sanetis
319 4135 381 4190 Deo
416 4133 593 4204 conjunctus
621 4131 775 4205 operibus,
803 4131 866 4206 poi·
919 4133 1030 4206 ejectis,
1046 4130 1194 4204 caepimus
1208 4126 1247 4184 ad
1262 4126 1342 4182 littus
1357 4123 1453 4180 evehi.
1467 4126 1664 4194 ipsequoque
1680 4133 1748 4175 san·
1827 4141 1828 4148 ,

37 4223 101 4280 lens
125 4221 247 4278 scientia
272 4221 397 4295 spiritali
421 4219 511 4277 simui
533 4225 563 4278 et
584 4221 730 4277 bumana.
749 4223 865 4277 inerant
919 4229 1001 4281 otum
1017 4219 1191 4292 Dionysium
1209 4221 1409 4288 sanctumque
1424 4211 1616 4268 Benedicturn
1639 4213 1668 4266 et
1681 4224 1747 4266 om-

39 4315 102 4385 ejus
127 4311 209 4368 cordi
233 4311 346 4368 abonis
365 4311 503 4384 magistri
528 4310 637 4385 prolati
658 4315 767 4367 sanctes
791 4310 864 4368 Scri·
919 4329 974 4372 nes
991 4315 1111 4368 sanctos
1136 4307 1188 4366 Dei
1208 4307 1239 4364 in
1254 4304 1438 4378 adjutorium
1453 4305 1591 4359 nostrum
1606 4315 1748 4374 provoca·

27 3099 105 3154 item
117 3097 158 3154 ad
171 3097 326 3154 dexteram
339 3115 345 3153 :

27 3205 85 3260 list
101 3204 205 3262 domus
221 3205 279 3262 ista
293 3206 354 3262 Deo
368 3205 432 3262 sine
443 3205 505 3275 fine
518 3203 619 3262 ducta
633 3220 773 3276 superno,

64 3295 222 3365 Helgcndi
231 3295 329 3352 studio
342 3295 522 3367 concitoque
533 3294 611 3350 boni.

30 3385 114 3440 Hinc
126 3384 312 3453 paradisiaci
319 3385 573 3454 pulsaturjcnuc
587 3383 674 3454 regni
682 3399 694 3441 .·

67 3475 150 3530 Hinc
160 3473 213 3544 pia
220 3473 305 3544 plebs
320 3475 445 3530 Domino
460 3471 627 3543 conjubilat
641 3488 757 3544 supero.

33 3565 186 3620 intrantes
195 3565 313 3634 ponaer
323 3562 461 3620 Clitum
477 3569 628 3620 consonet
640 3565 735 3621 Jerus.

34 3654 143 3724 Dicite,
156 3655 265 3724 cuncti,
276 3668 346 3710 uoce
358 3651 444 3721 fideti
452 3667 538 3709 omne
546 3667 603 3722 per
614 3667 729 3710 evum:

40 4409 132 4476 pturae
162 4401 251 4458 tiores
274 4401 357 4470 boni,
381 4401 418 4458 de
447 4401 558 4475 quibus
581 4399 791 4458 honestissime
809 4401 863 4457 im·
919 4403 982 4474 bat,
995 4399 1138 4475 lacrymis
1150 4397 1290 4473 perfusus
1304 4395 1408 4453 oculis.
1425 4393 1518 4466 cujus
1530 4407 1650 4466 precem
1665 4390 1749 4448 audi·

39 4491 130 4548 butus
154 4490 194 4547 ita
217 4491 372 4549 eructabat
396 4490 550 4558 omnibus,
579 4495 612 4547 ut
638 4494 761 4563 possent
786 4489 865 4547 dele·
918 4493 961 4550 vit
972 4491 998 4548 is
1012 4490 1064 4565 qui
1084 4493 1129 4546 est
1150 4488 1181 4545 in
1200 4485 1310 4544 saecula
1330 4483 1506 4542 benedictus
1522 4484 1609 4538 liena.
1626 4482 1747 4536 Factum

40 4579 113 4638 stari
141 4578 170 4634 in
197 4575 378 4638 caelestibus.
403 4583 435 4636 in
464 4580 574 4636 sanctia
602 4579 801 4652 eleemosynis
824 4579 865 4636 ita
918 4586 963 4638 est
976 4583 1010 4637 ut
1023 4577 1125 4645 voluit,
1141 4580 1170 4633 et
1184 4575 1313 4634 deducta
1335 4572 1404 4630 navi
1425 4571 1466 4627 ad
1479 4575 1599 4634 terram,
1616 4563 1749 4637 suscepit

40 4668 233 4740 largissimus,
262 4673 295 4726 ut
319 4669 384 4744 ipse
411 4668 528 4742 positus
559 4668 590 4726 in
622 4667 790 4725 fortissimis
817 4668 866 4726 iri-
918 4686 974 4728 nos
990 4685 1044 4742 per
1058 4667 1108 4724 liei
1121 4666 1247 4738 gratiam
1261 4663 1440 4732 incolumes,
1455 4659 1508 4734 qui
1522 4669 1643 4714 eramus
1658 4651 1748 4709 simui

41 4759 161 4830 goribus
187 4775 206 4816 a
233 4775 265 4816 se
295 4764 392 4816 vestes
419 4759 542 4832 pellium
569 4757 724 4830 abjiciens,
753 4773 866 4832 paupe
918 4775 988 4817 cum
1003 4774 1039 4814 eo
1053 4755 1223 4813 mirabilem
1246 4757 1340 4810 Deum
1354 4748 1522 4808 laudantes.
1539 4747 1654 4815 Exque
1668 4740 1748 4796 iacta

42 4864 86 4904 res
104 4847 206 4906 Christi
221 4847 367 4916 indueret,
384 4852 450 4905 uta
472 4852 695 4905 remuneratore
712 4847 865 4906 bonorum
918 4847 1089 4905 babuitnos
1103 4847 1179 4902 Deus
1189 4842 1381 4914 omnipotens
1399 4834 1483 4893 omni
1495 4838 1628 4932 tempore
1640 4828 1747 4928 lauda·

43 4936 195 5010 praemium
209 4937 383 5012 perciperet,
398 4937 436 4995 de
454 4953 516 5011 quc
530 4937 665 4996 audiret:
685 4938 863 5009 Nudursui,
918 4939 1007 4994 tores.
1023 4933 1186 4993 llansimus
1201 4933 1304 4988 autem
1322 4943 1393 4984 cum
1418 4925 1484 4998 ipso
1509 4923 1561 4978 [ier
1574 4915 1701 5018 'viro-ilio
1715 4930 1748 4972 m

44 5035 67 5084 et
82 5043 132 5085 vos
145 5029 302 5098 aceruum
314 5043 369 5085 me.
383 5027 467 5096 Quod
478 5029 534 5084 uni
541 5043 579 5085 er
591 5029 722 5086 minimis
736 5029 808 5086 meu
819 5029 864 5099 fe·
918 5027 985 5084 ioco
998 5024 1107 5091 triduo,
1121 5018 1258 5078 delectati
1275 5015 1356 5073 dulci
1370 5015 1435 5085 eius
1454 5009 1614 5082 colloquio,
1630 5008 1706 5060 sicut
1719 5006 1748 5060 et

44 5119 130 5184 ratu,
144 5118 359 5189 mibifecsssstts:
379 5118 488 5185 Venite,
509 5117 656 5174 benedieti
673 5119 777 5175 Patris
795 5119 863 5188 mei,
919 5118 1041 5188 aspectu
1049 5109 1195 5184 jucundo.
1213 5106 1315 5177 Cujus,
1325 5092 1748 5198 quaesumussanctissimaru

43 5208 180 5278 percipite
211 5222 336 5278 regnum
367 5205 447 5280 quod
477 5205 558 5263 vobis
583 5212 728 5276 paratum
756 5212 798 5264 est
826 5207 864 5264 ab
919 5205 1052 5262 animam
1079 5215 1134 5256 suo
1157 5195 1283 5253 collocet
1303 5193 1336 5250 in
1352 5182 1750 5261 regno,qureamredem1t

45 5296 154 5368 origine
180 5297 286 5354 mundi
307 5295 428 5368 (Marta
453 5311 523 5365 xxv,
553 5293 660 5365 34-38).
685 5295 768 5350 iiunc
796 5310 864 5367 per-
919 5291 1065 5364 sangnine
1080 5285 1230 5362 pretiosot

45 5383 133 5442 iectus
162 5401 215 5442 rex
246 5385 288 5444 ita
318 5386 380 5443 suis
413 5381 509 5442 affixit
536 5382 700 5454 obtutibus,
731 5385 765 5439 ut
795 5399 865 5440 cum
954 5381 1059 5438 Adhuc
1073 5376 1104 5434 in
1118 5373 1227 5446 maiori
1241 5365 1470 5447 quamingrcssi
1483 5381 1588 5422 sumus
1602 5363 1668 5422 icco
1682 5361 1748 5437 pla-

47 5491 101 5547 prae
116 5475 225 5533 celeus
241 5475 367 5547 diligens
385 5475 449 5531 suis
464 5489 534 5530 eum
549 5471 715 5548 specialiter
728 5471 866 5529 devince·
919 5475 965 5528 eei
978 5481 1090 5543 ponere
1105 5464 1227 5539 pedem,
1242 5460 1282 5519 ad
1296 5461 1361 5533 ejus
1383 5456 1549 5530 gloriosum
1575 5453 1748 5551 testinantes

47 5565 237 5638 ratconsiliis‚
252 5581 322 5639 quas
345 5565 385 5622 ab
413 5581 449 5622 eo
471 5562 566 5637 probe
592 5561 729 5636 probata,
746 5577 865 5634 semper
918 5558 1078 5616 transitum
1088 5555 1119 5613 in
1132 5550 1439 5622 describendo,quem
1449 5544 1752 5644 laudibusveracrssr-

47 5669 78 5715 aa
89 5655 194 5715 babuit
205 5656 342 5726 honesta,
350 5669 509 5728 nunquam
521 5657 622 5714 tamm
635 5651 797 5726 minuata
807 5649 863 5709 bo-
918 5647 978 5707 mis
989 5652 1019 5706 et
1030 5662 1094 5707 non
1104 5643 1198 5716 taleis,
1209 5639 1320 5717 apertis
1333 5643 1363 5697 at
1375 5651 1438 5698 non
1449 5635 1538 5706 fictis,
1553 5635 1681 5692 Domino
1692 5643 1749 5688 ne·
