3998 6176
200 113 251 167 ale

724 111 752 167 S.
772 63 947 167 locuturi·
959 104 1197 166 CARNOTENSIS
1217 105 1382 164 EPISCOPI.

1858 107 1912 164 344

199 233 286 292 Filius
301 251 371 292 eum
383 237 467 292 Patre
482 236 560 292 Deus
577 237 622 290 est
649 236 678 290 et
696 232 852 302 Dominus,
881 231 924 289 nil
945 229 1026 288 enim
1045 231 1069 286 Α
1083 227 1195 298 ingenii
1208 232 1327 286 motum
1341 245 1396 286 nee
1413 228 1516 286 levitas
1531 228 1716 304 praecipitem
1730 231 1840 300 ageret,
1856 245 1912 286 nee

197 327 281 381 Patre
296 325 356 379 Deo
372 322 504 394 gignitur
515 321 573 378 nisi
586 326 673 380 [leus.

234 417 327 470 Deum
339 410 493 468 hominem
504 411 638 469 futurum
651 428 727 480 esse,
744 411 820 469 sicut
831 411 948 477 exstitit,
959 412 1028 483 post

196 501 385 560 psalmistam
401 501 492 559 lsaias
506 501 622 576 liquido
636 501 793 576 perdocuit
807 521 814 573 ;
841 499 1027 576 dispensatio

197 591 322 647 salutem
334 590 385 648 illa
398 591 486 649 uobis
501 592 603 650 edidit.

233 679 379 754 Quodque
392 683 471 738 llcus
486 681 657 739 nasciturus
675 698 750 751 esse,
776 686 871 739 matre
899 679 1026 752 Virgine,

195 767 277 825 idem
290 773 359 826 ante
374 769 539 828 Gabrielem
552 772 655 843 jussus
682 775 727 830 est
750 769 911 845 praedicere
928 785 935 835 3
961 764 1026 822 talis

111 845 118 852 ’
198 871 289 928 porro
303 856 389 913 decet
403 861 486 915 ortus
501 864 653 917 auctorem
666 859 830 916 munditiae.

235 944 396 1015 Legislator
404 947 567 1021 Danielque
575 951 753 1006 notaverunt
761 947 1029 1020 terminumquan·

198 1031 238 1088 do
253 1035 314 1089 Rex
328 1038 472 1092 venturus
488 1041 760 1112 essetexspectatus
774 1035 907 1108 gentium
923 1052 929 1091 :
943 1034 968 1091 is
978 1048 1028 1089 ne-

198 1121 311 1192 glectus
323 1122 453 1195 perdidit
467 1124 546 1182 male
560 1125 709 1200 populum
723 1125 892 1182 ludaicum.

239 1211 397 1268 Summum
409 1227 511 1284 regem
524 1213 698 1272 adiuturum
713 1231 878 1288 pauperem
891 1217 920 1271 et
933 1211 1030 1270 humi-

196 1297 256 1355 lem
267 1299 396 1356 ostendit
410 1303 557 1374 propheta
570 1301 658 1375 quasi
665 1302 731 1375 jam
745 1301 902 1370 visibilem,
919 1299 1029 1358 corruit

198 1385 346 1458 superbus
362 1387 455 1444 hostis
468 1393 537 1446 ante
552 1389 639 1462 cujus
656 1391 774 1448 taciem.

597 1482 629 1537 V.

1080 317 1194 374 desidia
1208 317 1339 388 tardum,
1355 318 1445 374 docto
1460 318 1550 376 docili
1564 334 1687 392 quoque
1699 333 1793 390 puero
1817 317 1913 389 gratia

1081 404 1132 462 Dei
1145 422 1207 463 non
1221 406 1325 475 deluit,
1336 406 1431 464 vitam
1443 407 1509 479 ejus
1522 406 1606 463 omni
1620 423 1741 464 morum
1756 406 1913 463 honestate

1081 495 1310 554 commendans.
1321 498 1388 553 lam
1400 497 1525 570 jamque
1547 495 1618 552 loris
1642 494 1822 553 scintillabat
1836 495 1915 552 indi·

1082 583 1144 650 ciis,
1172 601 1317 644 succensa
1341 585 1424 643 velut
1449 585 1568 661 lampas
1594 585 1756 643 charitatis.
1794 587 1913 642 Vestem

1081 684 1162 739 aegro
1174 669 1294 727 cuidam
1307 670 1500 738 mendicanti,
1518 687 1580 745 qna
1588 686 1650 727 non
1664 669 1817 744 superflua
1834 673 1914 741 tege-

1081 757 1179 830 batur,
1193 760 1333 832 quamvls
1348 759 1447 818 adhuc
1476 755 1632 834 paedagogi
1652 760 1829 817 sententiam
1855 758 1914 815 sibi

1082 848 1244 906 aestimaret
1258 849 1491 920 formidabilem,
1507 850 1600 908 dedit.
1630 849 1743 907 Prodiit
1760 848 1914 922 extemplo

1082 937 1236 1011 quoddam
1250 928 1448 996 memorabile
1463 940 1595 1010 signum,
1609 942 1692 1013 quod
1720 943 1815 997 Deum
1833 938 1916 1009 AEgi-

1082 1027 1132 1084 dio
1143 1028 1298 1100 cooperari
1310 1033 1497 1103 compertum
1508 1033 1563 1086 est.
1581 1032 1666 1098 Nam,
1687 1031 1719 1085 ut
1745 1044 1825 1102 aeger
1849 1028 1917 1086 atti·

1083 1117 1124 1190 git
1135 1116 1269 1175 oblatam
1285 1117 1341 1176 sibi
1353 1122 1479 1192 vestem,
1506 1117 1597 1176 simul
1620 1119 1731 1192 recepit
1753 1117 1915 1194 pristinam

1082 1206 1249 1264 sanitatem.
1268 1208 1443 1265 Parentibus
1470 1213 1571 1265 autem
1596 1207 1626 1264 in
1652 1223 1727 1282 pace
1753 1206 1913 1276 defunctis,

1081 1296 1254 1369 patrimonii
1269 1298 1316 1354 sui
1340 1297 1490 1356 Christum
1503 1297 1570 1354 iecit
1594 1296 1755 1365 haeredem,
1781 1295 1915 1352 mirabili

1082 1385 1174 1442 modo
1197 1387 1396 1460 pauperando
1425 1387 1582 1456 ditescens,
1606 1386 1681 1443 dum
1701 1385 1914 1460 temporalium

1081 1475 1243 1550 impendiis
1257 1481 1368 1535 aeterna
1378 1477 1519 1535 lucratur.
1536 1482 1572 1534 At
1584 1477 1738 1535 ubisancti
1749 1477 1806 1534 viri
1817 1477 1914 1533 virtus

242 1578 269 1619 in
288 1579 373 1620 russo
394 1581 491 1622 saucii
510 1582 604 1625 norun
623 1585 750 1638 annuns,
771 1585 807 1626 nn
826 1583 984 1626 ulsurruuu
1045 1581 1145 1644 Bprae
1157 1565 1366 1638 magnitudine
1390 1583 1445 1625 sua
1458 1567 1548 1626 latere
1562 1584 1624 1625 nou
1651 1567 1757 1643 potuit,
1781 1567 1915 1624 conllue-

507 1673 718 1716 luvrrlrontuu.

1080 1655 1155 1712 bant
1168 1655 1301 1730 plurimi,
1318 1656 1453 1731 eorporis
1468 1657 1637 1732 animmque
1649 1656 1796 1716 beneficia
1810 1659 1914 1730 postu-

216 1713 401 1800 ⁸Adoramus
414 1759 517 1816 regem
530 1746 619 1803 totius
633 1747 775 1804 bonitatis
788 1751 952 1816 auctorem,
976 1744 1029 1819 qui
1080 1743 1186 1802 lantes.
1199 1749 1257 1804 Nec
1271 1762 1353 1816 vero,
1366 1745 1419 1803 ubi
1435 1745 1522 1804 dator
1539 1747 1641 1804 hilaris
1656 1752 1685 1805 et
1696 1745 1779 1821 quod
1789 1746 1914 1803 daretur

197 1835 337 1888 sanctum
352 1833 507 1904 AEgidium
521 1841 647 1893 exornat
661 1841 690 1893 et
702 1837 805 1908 gratiae
817 1836 917 1906 donis,
934 1840 962 1893 et
981 1837 1029 1909 J'u·
1081 1833 1203 1891 abunde
1217 1849 1278 1890 non
1307 1835 1421 1904 aderat,
1449 1852 1504 1892 suo
1525 1852 1650 1893 munere
1678 1834 1910 1892 trustrabantur.

197 1917 280 1976 stitiae
294 1921 435 1994 praemiis.
509 1983 511 1986 ,
1081 1923 1216 1996 Cumque
1229 1923 1305 1980 mira
1315 1924 1530 1995 gestalaudum
1540 1925 1691 2000 praeconia
1702 1927 1911 1998 sequerentur,

587 2006 630 2063 Vl.
1080 2012 1157 2070 mari
1172 2011 1297 2070 transito
1309 2013 1440 2070 natalem
1456 2014 1599 2072 Graciam
1615 2031 1670 2072 sua
1688 2013 1849 2088 praesentia
1870 2013 1912 2068 vi·

327 2106 354 2146 ur
374 2107 521 2150 ulrurrnrs
540 2109 676 2152 Lllumutls
695 2110 893 2152 ansrousonul.
1080 2099 1194 2170 duavit
1208 2100 1363 2159 incautum
1381 2117 1446 2159 csse
1458 2101 1602 2175 judicans
1615 2102 1687 2158 levis
1701 2100 1790 2158 iamoe
1813 2102 1913 2176 pretio

232 2177 393 2236 nominum
408 2196 528 2255 semper
540 2185 568 2239 el
581 2182 692 2258 ubique
707 2187 894 2254 regnantem,
909 2184 940 2240 in
956 2199 1026 2241 san·
1079 2190 1256 2247 thesaurum
1270 2187 1358 2249 bonae
1371 2193 1560 2251 conscientiae
1574 2191 1740 2262 venditare,
1763 2192 1793 2248 in
1815 2191 1913 2248 natali

195 2271 242 2324 eto
258 2285 312 2325 suo
327 2269 442 2340 AEgidio
457 2271 618 2329 mirificum
628 2272 837 2345 praedicemus.
859 2273 1024 2331 iubilemus
1078 2295 1270 2354 permanens.
1282 2280 1411 2339 llirabile
1425 2281 1550 2356 quidem
1560 2287 1604 2340 est
1620 2286 1734 2357 quanto
1748 2281 1779 2338 in
1794 2297 1831 2338 co
1842 2298 1912 2338 suc-

196 2360 256 2414 lleo
272 2359 491 2430 gratulantibus
506 2361 624 2434 animis,
642 2363 694 2437 qui
709 2369 871 2436 patronum
888 2371 1025 2422 nostrum
1079 2369 1203 2427 creverit
1215 2371 1409 2443 parcimonia
1429 2372 1533 2441 virtus,
1556 2389 1626 2429 cum
1655 2371 1749 2430 multo
1775 2375 1912 2445 tempore

195 2445 350 2517 AEgidium
377 2447 528 2507 decoravit
551 2445 647 2520 gratia
674 2451 849 2510 sanctitatis.
875 2457 963 2526 Deus,
993 2458 1026 2511 ut
1079 2457 1119 2515 ab
1142 2457 1236 2533 ipsius
1256 2477 1378 2535 quoque
1405 2461 1492 2534 panis
1517 2460 1799 2519 abstineretedulio.
1825 2461 1909 2518 Unde

195 2534 319 2592 tandem
333 2552 390 2592 nos
403 2537 561 2608 vigilantes
572 2537 720 2610 invenias,
744 2540 827 2598 chari
851 2541 893 2598 tui
920 2541 1025 2614 AEgidii
1078 2545 1164 2606 facile
1190 2553 1273 2623 patet
1301 2566 1371 2607 eum
1399 2566 1454 2608 nec
1467 2550 1669 2625 pulmentaria
1689 2566 1746 2607 nee
1767 2549 1910 2623 quaslibet

194 2623 282 2681 nobis
296 2626 402 2684 merita
417 2627 627 2698 suffragentur.
639 2629 816 2687 Benedictus
830 2629 867 2688 sit
874 2631 1026 2689 universa·
1079 2637 1156 2709 gulae
1166 2639 1350 2698 irritamenta
1361 2644 1546 2715 quaerentem
1569 2640 1609 2698 ad
1629 2655 1761 2716 superna
1774 2639 1909 2697 evolasse

193 2711 229 2768 lis
255 2713 411 2786 Dominus,
445 2733 538 2790 quem
561 2717 669 2775 beatus
692 2719 852 2778 nobiscum
875 2719 1026 2779 benedicit
1077 2742 1181 2806 regna.

193 2799 336 2872 AEgldius.
353 2804 430 2860 Laus
438 2805 575 2876 jucunda
588 2811 708 2865 resonet
720 2809 780 2866 Deo
802 2808 869 2866 vivo
896 2812 926 2867 et
952 2825 1024 2867 vero
1460 2821 1527 2878 lllll.

192 2889 224 2945 in
252 2891 346 2948 sancti
374 2891 421 2948 sui
442 2892 549 2964 AEgidii
572 2895 725 2954 miraculis
755 2896 885 2968 gloriosi.
917 2899 1023 2956 Sancte
1303 2925 1393 2967 raosn
1413 2926 1447 2967 ua
1466 2927 1531 2968 nmo
1550 2927 1682 2970 ulnrruo.

194 2977 525 3078 0011f0889r0ipfl1l0sse
542 2986 642 3040 UOSler
654 2984 758 3055 AEssldii
770 3001 824 3060 per
836 2987 922 3060 cuius
933 2987 1022 3046 meri·
1113 3000 1190 3055 luter
1204 3000 1303 3056 Patres
1330 2999 1518 3058 monachalis
1539 3001 1587 3058 vel
1610 2999 1755 3058 clericalis
1778 2999 1906 3071 ordinis,

194 3070 224 3122 ta
237 3069 398 3124 Dominum
411 3068 625 3144 glorificamus,
644 3073 726 3147 apud
739 3073 827 3132 illum
852 3091 909 3150 pro
935 3077 1023 3134 uobis
1076 3086 1190 3144 virtulis
1203 3087 1376 3146 excellentia
1390 3091 1530 3148 Martinus
1540 3089 1690 3148 notabilis.
1706 3093 1770 3148 Non
1781 3088 1910 3163 quilibet

194 3158 221 3211 te
235 3154 416 3214 intercedere
431 3159 606 3218 sentiamus.
626 3163 834 3220 Benedicimus
844 3169 883 3235 te,
896 3165 1024 3223 clemen·
1076 3175 1114 3232 do
1129 3176 1275 3250 plui-ihus,
1292 3177 1346 3236 sod
1367 3177 1416 3236 iiio
1431 3179 1589 3236 solitarius.
1604 3179 1702 3236 Primo
1716 3178 1824 3236 deinde
1852 3181 1909 3235 lu-

192 3243 305 3300 ²i⁸³lffl⁰
320 3247 409 3318 Deus,
424 3248 477 3322 qui
501 3248 582 3306 diem
609 3249 720 3308 festum
743 3252 825 3310 belli
856 3254 966 3326 AEssidfi
991 3254 1022 3311 ill
1076 3265 1185 3324 ronicae
1199 3267 1309 3340 proesul
1322 3269 1590 3342 paterquepatriae.
1607 3269 1720 3326 Diserta
1734 3283 1908 3342 quempru-

190 3332 317 3435 laudem·
338 3341 423 3394 tuam
451 3337 539 3396 1¹⁰bi⁸
564 3341 733 3415 expendere
763 3342 903 3415 tribuisti,
934 3347 1022 3418 toque
1075 3353 1188 3423 dantia,
1203 3354 1349 3431 fortisque
1360 3359 1568 3432 temperantia,
1580 3357 1653 3432 quin
1669 3358 1810 3415 universa
1835 3373 1907 3414 san-

191 3422 364 3521 supphcrter
379 3441 540 3483 exoramus
550 3432 583 3485 ut
598 3430 709 3486 sanctis
732 3431 791 3488 tuis
803 3430 916 3506 quibus
926 3432 1023 3490 hono·
1076 3444 1161 3502 otium
1174 3446 1300 3518 ornavit,
1316 3448 1374 3504 hoo
1389 3451 1442 3516 osi,
1454 3447 1592 3507 ohooitos,
1609 3449 1637 3504 is
1662 3447 1787 3523 pauperi
1811 3463 1907 3520 quam

189 3511 366 3568 nficentiam
379 3513 567 3586 exhibemus,
583 3518 690 3576 virtute
705 3535 740 3576 ac
763 3519 889 3594 praemio
915 3522 1023 3580 sociari
1076 3535 1190 3606 dividit,
1204 3554 1236 3595 oo
1249 3541 1331 3595 vooio
1346 3539 1478 3596 emistus
1490 3539 1597 3608 induit,
1609 3539 1686 3596 dous
1704 3537 1792 3609 sigua
1816 3543 1907 3596 tantm

189 3610 369 3656 msslfflmlll'·
1075 3624 1179 3696 gratia
1189 3626 1321 3684 necdum
1333 3631 1437 3686 renato
1450 3643 1581 3686 cernere.
1595 3630 1660 3686 Mox
1675 3627 1756 3684 lonte
1776 3625 1842 3684 coeli
1856 3642 1907 3684 ro·

577 3696 634 3751 Vll·
1075 3713 1158 3771 scido
1174 3718 1277 3773 sancto
1292 3714 1422 3790 repletus
1436 3717 1555 3792 Spiritu,
1584 3716 1715 3791 divoque
1742 3715 1833 3773 lretns
1852 3731 1909 3774 nu·

383 3795 473 3882 PRPSl
493 3798 526 3838 ΕΤ
546 3799 610 3886 ΛΨ
629 3800 829 3844 ΒΕὲΡθΝΒθΒῐΛ·
1074 3803 1165 3873 mine,
1178 3807 1206 3862 et
1218 3809 1250 3862 ut
1264 3810 1371 3882 potens
1383 3805 1555 3882 Apostolus,
1571 3807 1703 3866 confutat
1718 3811 1798 3864 ortas
1813 3807 1908 3864 hmre·

228 3866 630 3970 Sanctusmgrdtusnellonss
652 3877 772 3933 Grfflssus
787 3877 940 3950 ΡΐίῑὲθῙῑΨῙ8
966 3896 1020 3954 pa·
1075 3907 1133 3962 ses,
1146 3893 1234 3965 jussu
1246 3893 1361 3968 repellb
1370 3895 1533 3965 daemones,
1551 3897 1687 3954 medetur
1697 3896 1788 3971 leprae
1816 3913 1905 3953 oscu-

187 3955 323 4057 rentrbus
339 3974 487 4031 originem
510 3961 604 4034 duxit,
620 3980 747 4038 corpore
774 3967 878 4024 valens
900 3974 928 4026 et
952 3985 1020 4028 acer
1072 3981 1113 4050 lo,
1130 3984 1159 4038 ot
1172 3981 1297 4038 mortuis
1312 3984 1458 4058 proooiio
1487 3986 1543 4052 Qui
1567 3985 1636 4059 iguo
1662 3990 1748 4060 mpto
1777 3984 1905 4057 ooelitus,

187 4060 316 4114 ingemo.
333 4048 464 4108 Felieiter
477 4051 652 4111 adultusest
672 4071 708 4113 ac
736 4056 895 4115 liberaliter
920 4059 1019 4116 erudi·
1073 4069 1465 4144 oromossoiouoiuuditus‚
1481 4090 1646 4150 gravesque
1670 4074 1766 4132 moles
1792 4091 1847 4148 per
1872 4075 1906 4132 fi-

188 4134 244 4230 tus.
258 4137 399 4193 lnrerum
409 4153 532 4238 quoquc
546 4145 738 4215 possessinne
752 4162 813 4203 non
828 4148 936 4218 lenuis,
966 4149 1019 4206 sed
1072 4158 1153 4231 dem,
1166 4161 1247 4218 hunc
1255 4163 1442 4221 transtulisse
1456 4165 1641 4238 praedicem?
1670 4164 1791 4223 lledisse
1816 4166 1905 4222 cresis

117 4275 119 4280 .
186 4227 339 4320 {nitentem
353 4241 472 4300 coptam
481 4230 609 4302 provida
619 4231 744 4304 largitas
773 4236 916 4309 erogavit·
943 4238 1018 4296 Hinc
1072 4248 1180 4320 sidera,
1197 4253 1305 4309 sentire
1320 4253 1419 4310 surdis
1431 4269 1557 4326 organa,
1571 4254 1721 4329 mutisque
1738 4256 1904 4331 praecinen-

185 4313 263 4366 mter
276 4328 422 4388 prospera
431 4317 584 4393 voluptate
599 4337 660 4378 non
673 4327 718 4382 est
730 4325 888 4393 resolutus,
904 4343 960 4385 nec
974 4328 1017 4385 in·
1071 4339 1164 4412 tibus,
1180 4345 1301 4415 optumo
1314 4341 1438 4401 oiouoos
1450 4343 1575 4402 uultibus
1589 4345 1604 4400 i
1616 4347 1693 4412 Quot
1703 4346 1828 4415 gesserit
1852 4346 1906 4402 hu·

185 4401 230 4498 ter
244 4415 352 4474 aspera
382 4419 400 4462 a
426 4405 547 4466 diabolo
575 4415 620 4467 est
634 4418 803 4487 superatus.
820 4415 964 4490 inediam,
981 4417 1017 4474 si·
1067 4430 1202 4502 jusmodi
1216 4432 1433 4492 miraculorum
1448 4434 1551 4504 millia,
1567 4435 1643 4506 fugit
1662 4435 1750 4508 ligari
1774 4435 1901 4505 calcu10‚

185 4491 249 4558 trm,
266 4491 383 4563 algores
394 4498 423 4552 et
431 4495 558 4570 vigilias,
569 4516 625 4574 pro
640 4503 745 4560 Christi
761 4521 866 4563 amore
893 4507 1015 4566 delicias
1068 4518 1150 4576 uolut
1165 4520 1289 4580 ÷ohuma
1302 4523 1433 4597 pontica.

183 4582 388 4682 computabat.
404 4584 534 4645 Allectus
549 4590 673 4662 injmiis,
699 4597 726 4650 et
752 4584 880 4666 graviter
902 4599 1016 4657 saucia·
1459 4629 1502 4684 ig,

182 4671 243 4740 tus,
258 4669 461 4743 affligentibus
476 4693 507 4734 se
521 4677 741 4752 deprecabatur
758 4683 889 4743 reniam.
907 4687 1014 4745 Crede·

180 4755 243 4902 ῙῘὲεί,
259 4761 344 4833 quod
359 4763 508 4862 didicerat
522 4784 540 4824 a
553 4784 626 4869 vero
641 4771 796 4874 magistro,
814 4772 844 4831 in
869 4775 1013 4850 patientia
1101 4831 1126 4887 Μ
1287 4745 1474 4889 1⁰⁸ds³ffl⁰
1493 4746 1649 4788 mmm·
1793 4835 1799 4848 υ

212 4846 303 4905 fldem
315 4865 433 4910 animas
445 4857 602 4928 possulum,
618 4860 726 4917 virtute
741 4866 841 4936 ,taque
853 4869 956 4922 vectus
971 4867 1012 4925 ad
1127 4845 1207 4901 agna
1221 4846 1279 4890 vox
1299 4847 1339 4888 au
1362 4848 1499 4890 esonora
1512 4837 1541 4890 te
1553 4833 1639 4892 decet
1647 4851 1702 4908 per
1715 4850 1899 4910 omniaque

180 4933 330 5010 sublimia,
343 4943 519 5002 sacerdotali
533 4946 642 5004 meruit
653 4947 749 5007 inlula
760 4950 905 5012 decorari.
932 4956 1011 5014 Obti-
1063 4919 1126 4992 p⁰li
1150 4921 1259 4978 ⁰h⁰r⁶⁸
1274 4921 1425 4979 manli
1439 4938 1592 4997 ‘mmmm’
1624 4929 1702 4982 wrm
1725 4924 1846 4999 Plaudit
1870 4930 1901 4982 ⁰¹

176 5025 333 5084 nuiiouim
347 5029 422 5089 iliud
437 5033 592 5111 sapientis,
606 5039 690 5112 quod
704 5039 736 5098 in
750 5043 886 5117 tempore
898 5044 949 5106 π
963 5045 1008 5108 [ἃ.
1063 5008 1187 5067 resultat
1199 5009 1292 5082 digne
1306 5015 1388 5068 tanto
1414 5012 1551 5112 preasule.
1578 5014 1600 5072 0
1629 5029 1714 5071 sacer
1740 5015 1900 5072 lamberte

177 5114 243 5168 ctus
257 5118 302 5173 est
312 5121 524 5182 reconciliatio.
1063 5101 1188 5173 martyr·
1201 5101 1273 5156 '⁰¹⁸
1284 5105 1387 5159 ³⁰⁵²?ss
1402 5117 1531 5178 ⁸⁰⁸0¹P0=

213 5199 318 5260 Fidelis
333 5207 439 5268 Christi
451 5213 605 5276 confessor
618 5219 761 5298 AEgidius,
777 5239 885 5296 genere
896 5227 1005 5305 clarus,
1461 5219 1492 5274 Χ·

176 5287 376 5396 sed'scienti'a,
390 5299 498 5362 virtute
512 5309 541 5363 et
554 5323 644 5382 opere
659 5309 749 5386 longe
775 5315 867 5377 clario
883 5321 1003 5380 exstitit,
1398 5336 1452 5379 ruo
1472 5335 1551 5380 nucu.

171 5379 433 5536 1228&aessng
434 5407 520 5541 (ricglrg
532 5398 622 5500 stirpe
635 5401 726 5504 luisse
736 5408 921 5509 progenitus.
933 5413 1004 5512 'Sed
1095 5421 1207 5489 Regum
1218 5418 1357 5492 princeps
1368 5422 1459 5493 atque
1472 5418 1574 5518 virtus,
1596 5418 1682 5491 cujus
1704 5423 1778 5476 nutu
1787 5419 1898 5478 mundi

391 5520 398 5548 ,
521 5486 612 5546 eraba
627 5491 798 5553 rudimenta
826 5496 999 5572 dispositus,
1059 5505 1895 5582 ooelumgyrat,terraperstat,dusponuntursaeeula:regi

170 5557 309 5620 doctores
321 5581 457 5630 summos
468 5572 768 5656 brerimqulparavit.
781 5587 858 5644 llum
871 5590 1000 5662 potentis
1059 5591 1572 5666 nobertonatostrpenobuissima,
1581 5591 1756 5652 sicdomare
1777 5592 1832 5652 des
1846 5609 1898 5650 su·
