<?xml version="1.0" encoding="UTF-8"?>
<!DOCTYPE html PUBLIC "-//W3C//DTD XHTML 1.0 Transitional//EN"
    "http://www.w3.org/TR/xhtml1/DTD/xhtml1-transitional.dtd">
<html xmlns="http://www.w3.org/1999/xhtml" xml:lang="en" lang="en">
 <head>
  <title>
</title>
<meta http-equiv="Content-Type" content="text/html;charset=utf-8" />
  <meta name='ocr-system' content='tesseract 3.04.00' />
  <meta name='ocr-capabilities' content='ocr_page ocr_carea ocr_par ocr_line ocrx_word'/>
</head>
<body>
  <div class='ocr_page' id='page_1' title='image "./patrologiaecurs127unkngoog_0086.png"; bbox 0 0 4044 6184; ppageno 0'>
   <div class='ocr_carea' id='block_1_1' title="bbox 208 152 1914 217">
    <p class='ocr_par' dir='ltr' id='par_1_1' title="bbox 208 152 1914 217">
     <span class='ocr_line' id='line_1_1' title="bbox 208 152 1914 217; baseline 0.002 -4"><span class='ocrx_word' id='word_1_1' title='bbox 208 159 258 216; x_wconf 73' lang='lat' dir='ltr'><strong>l03</strong></span> <span class='ocrx_word' id='word_1_2' title='bbox 695 158 723 214; x_wconf 92' lang='lat' dir='ltr'><strong>S.</strong></span> <span class='ocrx_word' id='word_1_3' title='bbox 745 155 946 214; x_wconf 67' lang='lat' dir='ltr'><strong>incusatus</strong></span> <span class='ocrx_word' id='word_1_4' title='bbox 964 152 1204 216; x_wconf 71' lang='lat' dir='ltr'><strong>CARNOTENSIS</strong></span> <span class='ocrx_word' id='word_1_5' title='bbox 1224 157 1423 217; x_wconf 67' lang='lat' dir='ltr'><strong>cristanus.</strong></span> <span class='ocrx_word' id='word_1_6' title='bbox 1863 162 1914 216; x_wconf 81' lang='lat' dir='ltr'><strong>tot</strong></span> 
     </span>
    </p>
   </div>
   <div class='ocr_carea' id='block_1_2' title="bbox 203 277 1918 1161">
    <p class='ocr_par' dir='ltr' id='par_1_2' title="bbox 203 277 1918 1070">
     <span class='ocr_line' id='line_1_2' title="bbox 206 277 1915 357; baseline 0.001 -19"><span class='ocrx_word' id='word_1_7' title='bbox 206 285 346 339; x_wconf 88' lang='lat' dir='ltr'><strong>matrona</strong></span> <span class='ocrx_word' id='word_1_8' title='bbox 358 277 499 353; x_wconf 81' lang='lat' dir='ltr'><strong>quaedam</strong></span> <span class='ocrx_word' id='word_1_9' title='bbox 513 281 578 336; x_wconf 89' lang='lat' dir='ltr'><strong>erat</strong></span> <span class='ocrx_word' id='word_1_10' title='bbox 598 279 721 351; x_wconf 91' lang='lat' dir='ltr'><strong>nobilis,</strong></span> <span class='ocrx_word' id='word_1_11' title='bbox 736 296 805 354; x_wconf 76' lang='lat' dir='ltr'><strong>qum</strong></span> <span class='ocrx_word' id='word_1_12' title='bbox 818 286 870 338; x_wconf 90' lang='lat' dir='ltr'><strong>aut</strong></span> <span class='ocrx_word' id='word_1_13' title='bbox 887 281 960 355; x_wconf 89' lang='lat' dir='ltr'><strong>quia</strong></span> <span class='ocrx_word' id='word_1_14' title='bbox 972 297 1037 338; x_wconf 88' lang='lat' dir='ltr'><strong>mu·</strong></span> <span class='ocrx_word' id='word_1_15' title='bbox 1054 285 1154 340; x_wconf 75' lang='lat' dir='ltr'><strong>nicto</strong></span> <span class='ocrx_word' id='word_1_16' title='bbox 1181 299 1305 357; x_wconf 90' lang='lat' dir='ltr'><strong>corpore</strong></span> <span class='ocrx_word' id='word_1_17' title='bbox 1327 281 1481 352; x_wconf 81' lang='lat' dir='ltr'><strong>emarcuit,</strong></span> <span class='ocrx_word' id='word_1_18' title='bbox 1511 297 1546 340; x_wconf 88' lang='lat' dir='ltr'><strong>ac</strong></span> <span class='ocrx_word' id='word_1_19' title='bbox 1564 281 1711 340; x_wconf 82' lang='lat' dir='ltr'><strong>bonificis</strong></span> <span class='ocrx_word' id='word_1_20' title='bbox 1737 281 1915 340; x_wconf 75' lang='lat' dir='ltr'>stridoribus</span> 
     </span>
     <span class='ocr_line' id='line_1_3' title="bbox 205 369 1918 444; baseline 0.002 -18"><span class='ocrx_word' id='word_1_21' title='bbox 205 370 312 427; x_wconf 89' lang='lat' dir='ltr'><strong>lterum</strong></span> <span class='ocrx_word' id='word_1_22' title='bbox 323 384 418 442; x_wconf 77' lang='lat' dir='ltr'><strong>genus</strong></span> <span class='ocrx_word' id='word_1_23' title='bbox 445 383 564 440; x_wconf 85' lang='lat' dir='ltr'><strong>semper</strong></span> <span class='ocrx_word' id='word_1_24' title='bbox 591 383 717 426; x_wconf 89' lang='lat' dir='ltr'><strong>avarum</strong></span> <span class='ocrx_word' id='word_1_25' title='bbox 738 369 857 441; x_wconf 82' lang='lat' dir='ltr'><strong>legitur,</strong></span> <span class='ocrx_word' id='word_1_26' title='bbox 877 374 929 427; x_wconf 89' lang='lat' dir='ltr'><strong>aut</strong></span> <span class='ocrx_word' id='word_1_27' title='bbox 956 375 1033 428; x_wconf 88' lang='lat' dir='ltr'><strong>certe</strong></span> <span class='ocrx_word' id='word_1_28' title='bbox 1088 371 1221 443; x_wconf 82' lang='lat' dir='ltr'><strong>garriens</strong></span> <span class='ocrx_word' id='word_1_29' title='bbox 1231 373 1377 430; x_wconf 79' lang='lat' dir='ltr'><strong>infelicem</strong></span> <span class='ocrx_word' id='word_1_30' title='bbox 1393 372 1528 444; x_wconf 86' lang='lat' dir='ltr'><strong>spiritum</strong></span> <span class='ocrx_word' id='word_1_31' title='bbox 1540 387 1612 428; x_wconf 93' lang='lat' dir='ltr'><strong>orco</strong></span> <span class='ocrx_word' id='word_1_32' title='bbox 1622 369 1743 430; x_wconf 90' lang='lat' dir='ltr'><strong>dimisit.</strong></span> <span class='ocrx_word' id='word_1_33' title='bbox 1757 373 1847 444; x_wconf 77' lang='lat' dir='ltr'><strong>cuius</strong></span> <span class='ocrx_word' id='word_1_34' title='bbox 1862 377 1918 430; x_wconf 91' lang='lat' dir='ltr'><strong>ter-</strong></span> 
     </span>
     <span class='ocr_line' id='line_1_4' title="bbox 206 456 1916 534; baseline 0.002 -18"><span class='ocrx_word' id='word_1_35' title='bbox 206 457 354 516; x_wconf 90' lang='lat' dir='ltr'><strong>diabolico</strong></span> <span class='ocrx_word' id='word_1_36' title='bbox 368 456 520 526; x_wconf 88' lang='lat' dir='ltr'><strong>instinctu,</strong></span> <span class='ocrx_word' id='word_1_37' title='bbox 535 460 646 514; x_wconf 91' lang='lat' dir='ltr'><strong>terram</strong></span> <span class='ocrx_word' id='word_1_38' title='bbox 661 461 771 515; x_wconf 80' lang='lat' dir='ltr'><strong>sanctes</strong></span> <span class='ocrx_word' id='word_1_39' title='bbox 789 458 929 532; x_wconf 86' lang='lat' dir='ltr'><strong>martyris</strong></span> <span class='ocrx_word' id='word_1_40' title='bbox 953 458 1033 529; x_wconf 83' lang='lat' dir='ltr'><strong>agris</strong></span> <span class='ocrx_word' id='word_1_41' title='bbox 1087 460 1163 518; x_wconf 84' lang='lat' dir='ltr'><strong>ribiii</strong></span> <span class='ocrx_word' id='word_1_42' title='bbox 1179 462 1258 520; x_wconf 85' lang='lat' dir='ltr'><strong>exitu</strong></span> <span class='ocrx_word' id='word_1_43' title='bbox 1272 466 1405 521; x_wconf 89' lang='lat' dir='ltr'><strong>aratores</strong></span> <span class='ocrx_word' id='word_1_44' title='bbox 1429 461 1517 519; x_wconf 86' lang='lat' dir='ltr'><strong>valde</strong></span> <span class='ocrx_word' id='word_1_45' title='bbox 1541 461 1679 534; x_wconf 81' lang='lat' dir='ltr'><strong>exterriti,</strong></span> <span class='ocrx_word' id='word_1_46' title='bbox 1692 461 1794 520; x_wconf 88' lang='lat' dir='ltr'><strong>relicto</strong></span> <span class='ocrx_word' id='word_1_47' title='bbox 1816 468 1916 520; x_wconf 90' lang='lat' dir='ltr'><strong>aratro</strong></span> 
     </span>
     <span class='ocr_line' id='line_1_5' title="bbox 206 545 1916 625; baseline 0.004 -23"><span class='ocrx_word' id='word_1_48' title='bbox 206 547 267 603; x_wconf 89' lang='lat' dir='ltr'><strong>suis</strong></span> <span class='ocrx_word' id='word_1_49' title='bbox 278 546 410 604; x_wconf 88' lang='lat' dir='ltr'><strong>vicinam</strong></span> <span class='ocrx_word' id='word_1_50' title='bbox 419 545 616 604; x_wconf 90' lang='lat' dir='ltr'><strong>immoderate</strong></span> <span class='ocrx_word' id='word_1_51' title='bbox 643 547 823 621; x_wconf 85' lang='lat' dir='ltr'><strong>concupivit,</strong></span> <span class='ocrx_word' id='word_1_52' title='bbox 852 551 1033 620; x_wconf 88' lang='lat' dir='ltr'><strong>arantesque</strong></span> <span class='ocrx_word' id='word_1_53' title='bbox 1087 549 1236 623; x_wconf 81' lang='lat' dir='ltr'><strong>ingerunt,</strong></span> <span class='ocrx_word' id='word_1_54' title='bbox 1250 567 1285 608; x_wconf 91' lang='lat' dir='ltr'><strong>ac</strong></span> <span class='ocrx_word' id='word_1_55' title='bbox 1297 551 1327 608; x_wconf 90' lang='lat' dir='ltr'><strong>in</strong></span> <span class='ocrx_word' id='word_1_56' title='bbox 1341 567 1460 608; x_wconf 91' lang='lat' dir='ltr'><strong>sommo</strong></span> <span class='ocrx_word' id='word_1_57' title='bbox 1480 549 1586 608; x_wconf 87' lang='lat' dir='ltr'><strong>habitu</strong></span> <span class='ocrx_word' id='word_1_58' title='bbox 1605 550 1655 608; x_wconf 81' lang='lat' dir='ltr'><strong>vix</strong></span> <span class='ocrx_word' id='word_1_59' title='bbox 1676 549 1834 625; x_wconf 80' lang='lat' dir='ltr'><strong>palpantes</strong></span> <span class='ocrx_word' id='word_1_60' title='bbox 1861 550 1916 608; x_wconf 88' lang='lat' dir='ltr'><strong>do-</strong></span> 
     </span>
     <span class='ocr_line' id='line_1_6' title="bbox 204 634 1916 710; baseline 0.002 -18"><span class='ocrx_word' id='word_1_61' title='bbox 204 635 423 694; x_wconf 88' lang='lat' dir='ltr'><strong>monachorum</strong></span> <span class='ocrx_word' id='word_1_62' title='bbox 435 634 583 692; x_wconf 89' lang='lat' dir='ltr'><strong>bubulcos</strong></span> <span class='ocrx_word' id='word_1_63' title='bbox 595 635 731 710; x_wconf 86' lang='lat' dir='ltr'>plurimis</span> <span class='ocrx_word' id='word_1_64' title='bbox 743 636 866 694; x_wconf 82' lang='lat' dir='ltr'><strong>affectos</strong></span> <span class='ocrx_word' id='word_1_65' title='bbox 880 641 1033 694; x_wconf 88' lang='lat' dir='ltr'><strong>contume·</strong></span> <span class='ocrx_word' id='word_1_66' title='bbox 1087 639 1169 696; x_wconf 92' lang='lat' dir='ltr'><strong>mino</strong></span> <span class='ocrx_word' id='word_1_67' title='bbox 1184 655 1239 698; x_wconf 90' lang='lat' dir='ltr'><strong>suo</strong></span> <span class='ocrx_word' id='word_1_68' title='bbox 1252 655 1315 698; x_wconf 93' lang='lat' dir='ltr'><strong>rem</strong></span> <span class='ocrx_word' id='word_1_69' title='bbox 1330 646 1429 698; x_wconf 83' lang='lat' dir='ltr'><strong>actmn</strong></span> <span class='ocrx_word' id='word_1_70' title='bbox 1439 638 1611 697; x_wconf 89' lang='lat' dir='ltr'><strong>retulerunt.</strong></span> <span class='ocrx_word' id='word_1_71' title='bbox 1628 641 1664 695; x_wconf 80' lang='lat' dir='ltr'><strong>at</strong></span> <span class='ocrx_word' id='word_1_72' title='bbox 1675 638 1723 696; x_wconf 90' lang='lat' dir='ltr'><strong>ille</strong></span> <span class='ocrx_word' id='word_1_73' title='bbox 1737 653 1868 696; x_wconf 88' lang='lat' dir='ltr'><strong>moerens</strong></span> <span class='ocrx_word' id='word_1_74' title='bbox 1878 639 1916 696; x_wconf 89' lang='lat' dir='ltr'><strong>de</strong></span> 
     </span>
     <span class='ocr_line' id='line_1_7' title="bbox 203 724 1917 802; baseline 0.002 -22"><span class='ocrx_word' id='word_1_75' title='bbox 203 724 249 780; x_wconf 90' lang='lat' dir='ltr'><strong>liis</strong></span> <span class='ocrx_word' id='word_1_76' title='bbox 263 724 447 796; x_wconf 74' lang='lat' dir='ltr'><strong>aingeribus</strong></span> <span class='ocrx_word' id='word_1_77' title='bbox 460 725 581 798; x_wconf 80' lang='lat' dir='ltr'>expulit.</span> <span class='ocrx_word' id='word_1_78' title='bbox 597 726 735 800; x_wconf 86' lang='lat' dir='ltr'><strong>Sequenti</strong></span> <span class='ocrx_word' id='word_1_79' title='bbox 762 743 833 784; x_wconf 89' lang='lat' dir='ltr'><strong>vero</strong></span> <span class='ocrx_word' id='word_1_80' title='bbox 847 726 895 784; x_wconf 91' lang='lat' dir='ltr'><strong>die</strong></span> <span class='ocrx_word' id='word_1_81' title='bbox 910 727 1032 801; x_wconf 91' lang='lat' dir='ltr'><strong>proprio</strong></span> <span class='ocrx_word' id='word_1_82' title='bbox 1086 727 1218 785; x_wconf 90' lang='lat' dir='ltr'><strong>mulieris</strong></span> <span class='ocrx_word' id='word_1_83' title='bbox 1232 728 1360 799; x_wconf 89' lang='lat' dir='ltr'><strong>interitu,</strong></span> <span class='ocrx_word' id='word_1_84' title='bbox 1374 744 1430 802; x_wconf 91' lang='lat' dir='ltr'><strong>pro</strong></span> <span class='ocrx_word' id='word_1_85' title='bbox 1452 728 1597 785; x_wconf 82' lang='lat' dir='ltr'><strong>cadavere</strong></span> <span class='ocrx_word' id='word_1_86' title='bbox 1621 727 1711 800; x_wconf 80' lang='lat' dir='ltr'><strong>misit,</strong></span> <span class='ocrx_word' id='word_1_87' title='bbox 1731 727 1917 802; x_wconf 87' lang='lat' dir='ltr'><strong>allatumque</strong></span> 
     </span>
     <span class='ocr_line' id='line_1_8' title="bbox 203 814 1916 890; baseline 0.004 -21"><span class='ocrx_word' id='word_1_88' title='bbox 203 829 324 871; x_wconf 87' lang='lat' dir='ltr'><strong>vomere</strong></span> <span class='ocrx_word' id='word_1_89' title='bbox 340 830 376 871; x_wconf 90' lang='lat' dir='ltr'><strong>ea</strong></span> <span class='ocrx_word' id='word_1_90' title='bbox 387 814 494 886; x_wconf 80' lang='lat' dir='ltr'><strong>jugera</strong></span> <span class='ocrx_word' id='word_1_91' title='bbox 520 831 620 872; x_wconf 89' lang='lat' dir='ltr'><strong>secare</strong></span> <span class='ocrx_word' id='word_1_92' title='bbox 640 815 716 885; x_wconf 86' lang='lat' dir='ltr'><strong>iecit,</strong></span> <span class='ocrx_word' id='word_1_93' title='bbox 734 831 856 890; x_wconf 76' lang='lat' dir='ltr'><strong>sumque</strong></span> <span class='ocrx_word' id='word_1_94' title='bbox 871 816 974 873; x_wconf 89' lang='lat' dir='ltr'><strong>ditioni</strong></span> <span class='ocrx_word' id='word_1_95' title='bbox 996 832 1032 873; x_wconf 89' lang='lat' dir='ltr'><strong>ea</strong></span> <span class='ocrx_word' id='word_1_96' title='bbox 1086 821 1170 873; x_wconf 75' lang='lat' dir='ltr'><strong>terrae</strong></span> <span class='ocrx_word' id='word_1_97' title='bbox 1181 818 1392 884; x_wconf 74' lang='lat' dir='ltr'><strong>condiditoua</strong></span> <span class='ocrx_word' id='word_1_98' title='bbox 1402 817 1452 875; x_wconf 91' lang='lat' dir='ltr'><strong>tali</strong></span> <span class='ocrx_word' id='word_1_99' title='bbox 1464 817 1556 874; x_wconf 92' lang='lat' dir='ltr'><strong>modo</strong></span> <span class='ocrx_word' id='word_1_100' title='bbox 1566 817 1720 884; x_wconf 79' lang='lat' dir='ltr'><strong>exstincta,</strong></span> <span class='ocrx_word' id='word_1_101' title='bbox 1735 822 1813 874; x_wconf 88' lang='lat' dir='ltr'><strong>terra</strong></span> <span class='ocrx_word' id='word_1_102' title='bbox 1827 835 1916 875; x_wconf 91' lang='lat' dir='ltr'><strong>sune·</strong></span> 
     </span>
     <span class='ocr_line' id='line_1_9' title="bbox 203 903 1916 981; baseline 0.003 -22"><span class='ocrx_word' id='word_1_103' title='bbox 203 903 366 976; x_wconf 86' lang='lat' dir='ltr'><strong>subjugare</strong></span> <span class='ocrx_word' id='word_1_104' title='bbox 386 905 586 979; x_wconf 73' lang='lat' dir='ltr'><strong>praesumpsit.</strong></span> <span class='ocrx_word' id='word_1_105' title='bbox 613 909 709 979; x_wconf 80' lang='lat' dir='ltr'><strong>Atque</strong></span> <span class='ocrx_word' id='word_1_106' title='bbox 731 906 773 964; x_wconf 90' lang='lat' dir='ltr'><strong>ita</strong></span> <span class='ocrx_word' id='word_1_107' title='bbox 794 905 904 963; x_wconf 87' lang='lat' dir='ltr'><strong>coelesti</strong></span> <span class='ocrx_word' id='word_1_108' title='bbox 926 905 1031 962; x_wconf 77' lang='lat' dir='ltr'><strong>virtute</strong></span> <span class='ocrx_word' id='word_1_109' title='bbox 1086 912 1122 964; x_wconf 85' lang='lat' dir='ltr'><strong>tce</strong></span> <span class='ocrx_word' id='word_1_110' title='bbox 1137 908 1278 981; x_wconf 85' lang='lat' dir='ltr'><strong>martyris</strong></span> <span class='ocrx_word' id='word_1_111' title='bbox 1295 912 1356 964; x_wconf 89' lang='lat' dir='ltr'><strong>tuta</strong></span> <span class='ocrx_word' id='word_1_112' title='bbox 1369 907 1408 965; x_wconf 90' lang='lat' dir='ltr'><strong>ab</strong></span> <span class='ocrx_word' id='word_1_113' title='bbox 1422 906 1565 964; x_wconf 91' lang='lat' dir='ltr'><strong>omnibus</strong></span> <span class='ocrx_word' id='word_1_114' title='bbox 1589 907 1742 976; x_wconf 79' lang='lat' dir='ltr'><strong>remansit,</strong></span> <span class='ocrx_word' id='word_1_115' title='bbox 1755 908 1826 964; x_wconf 88' lang='lat' dir='ltr'><strong>etin</strong></span> <span class='ocrx_word' id='word_1_116' title='bbox 1852 925 1916 964; x_wconf 91' lang='lat' dir='ltr'><strong>mo·</strong></span> 
     </span>
     <span class='ocr_line' id='line_1_10' title="bbox 204 995 1606 1070; baseline 0.002 -21"><span class='ocrx_word' id='word_1_117' title='bbox 204 997 305 1050; x_wconf 92' lang='lat' dir='ltr'><strong>actum</strong></span> <span class='ocrx_word' id='word_1_118' title='bbox 319 997 363 1050; x_wconf 87' lang='lat' dir='ltr'><strong>est</strong></span> <span class='ocrx_word' id='word_1_119' title='bbox 375 995 501 1066; x_wconf 68' lang='lat' dir='ltr'><strong>uadum</strong></span> <span class='ocrx_word' id='word_1_120' title='bbox 514 995 594 1054; x_wconf 85' lang='lat' dir='ltr'><strong>illae</strong></span> <span class='ocrx_word' id='word_1_121' title='bbox 607 996 668 1052; x_wconf 90' lang='lat' dir='ltr'><strong>suis</strong></span> <span class='ocrx_word' id='word_1_122' title='bbox 678 996 812 1054; x_wconf 89' lang='lat' dir='ltr'><strong>terminis</strong></span> <span class='ocrx_word' id='word_1_123' title='bbox 826 1011 933 1068; x_wconf 76' lang='lat' dir='ltr'><strong>agrum</strong></span> <span class='ocrx_word' id='word_1_124' title='bbox 947 995 1031 1053; x_wconf 86' lang='lat' dir='ltr'><strong>illum</strong></span> <span class='ocrx_word' id='word_1_125' title='bbox 1085 997 1252 1055; x_wconf 88' lang='lat' dir='ltr'><strong>nachorum</strong></span> <span class='ocrx_word' id='word_1_126' title='bbox 1268 1000 1373 1070; x_wconf 90' lang='lat' dir='ltr'><strong>postea</strong></span> <span class='ocrx_word' id='word_1_127' title='bbox 1381 995 1493 1052; x_wconf 87' lang='lat' dir='ltr'><strong>ditione</strong></span> <span class='ocrx_word' id='word_1_128' title='bbox 1503 995 1606 1067; x_wconf 88' lang='lat' dir='ltr'><strong>jacuit.</strong></span> 
     </span>
    </p>

    <p class='ocr_par' dir='ltr' id='par_1_3' title="bbox 203 1082 1032 1161">
     <span class='ocr_line' id='line_1_11' title="bbox 203 1082 1032 1161; baseline 0.002 -21"><span class='ocrx_word' id='word_1_129' title='bbox 203 1082 383 1141; x_wconf 89' lang='lat' dir='ltr'><strong>denormare</strong></span> <span class='ocrx_word' id='word_1_130' title='bbox 389 1083 518 1155; x_wconf 86' lang='lat' dir='ltr'><strong>juberet,</strong></span> <span class='ocrx_word' id='word_1_131' title='bbox 530 1085 700 1161; x_wconf 75' lang='lat' dir='ltr'><strong>acriterque</strong></span> <span class='ocrx_word' id='word_1_132' title='bbox 720 1085 877 1159; x_wconf 80' lang='lat' dir='ltr'><strong>insisteret,</strong></span> <span class='ocrx_word' id='word_1_133' title='bbox 897 1089 1032 1143; x_wconf 84' lang='lat' dir='ltr'><strong>actutum</strong></span> 
     </span>
    </p>
   </div>
   <div class='ocr_carea' id='block_1_3' title="bbox 204 1278 1898 1314">
    <p class='ocr_par' dir='ltr' id='par_1_4' title="bbox 204 1278 1898 1314">
     <span class='ocr_line' id='line_1_12' title="bbox 204 1278 1898 1314; baseline -0.001 -2"><span class='ocrx_word' id='word_1_134' title='bbox 204 1278 1636 1314; x_wconf 46' lang='lat' dir='ltr'><strong>ww</strong></span> <span class='ocrx_word' id='word_1_135' title='bbox 1645 1279 1898 1312; x_wconf 80' lang='grc'><em>““““““““““““““““·</em></span> 
     </span>
    </p>
   </div>
   <div class='ocr_carea' id='block_1_4' title="bbox 856 1463 1261 1514">
    <p class='ocr_par' dir='ltr' id='par_1_5' title="bbox 856 1463 1261 1514">
     <span class='ocr_line' id='line_1_13' title="bbox 856 1463 1261 1514; baseline -0.002 0"><span class='ocrx_word' id='word_1_136' title='bbox 856 1465 953 1514; x_wconf 78' lang='grc' dir='ltr'><strong>ΑΝΝΟ</strong></span> <span class='ocrx_word' id='word_1_137' title='bbox 977 1463 1107 1514; x_wconf 84' lang='lat' dir='ltr'>DOMINI</span> <span class='ocrx_word' id='word_1_138' title='bbox 1131 1465 1261 1514; x_wconf 77' lang='lat' dir='ltr'><strong>mxxix.</strong></span> 
     </span>
    </p>
   </div>
   <div class='ocr_carea' id='block_1_5' title="bbox 433 1647 1690 1872">
    <p class='ocr_par' dir='ltr' id='par_1_6' title="bbox 406 1647 1690 1872">
     <span class='ocr_line' id='line_1_14' title="bbox 433 1647 1690 1872; baseline 0.013 -96.643"><span class='ocrx_word' id='word_1_139' title='bbox 433 1647 935 1798; x_wconf 72' lang='lat' dir='ltr'><strong>sanatus</strong></span> <span class='ocrx_word' id='word_1_140' title='bbox 1018 1647 1690 1872; x_wconf 74' lang='lat' dir='ltr'><strong>reinnerus</strong></span> 
     </span>
    </p>
   </div>
   <div class='ocr_carea' id='block_1_6' title="bbox 827 1907 1281 1966">
    <p class='ocr_par' dir='ltr' id='par_1_7' title="bbox 827 1907 1281 1966">
     <span class='ocr_line' id='line_1_15' title="bbox 827 1907 1281 1966; baseline 0 -2"><span class='ocrx_word' id='word_1_141' title='bbox 827 1907 1065 1966; x_wconf 80' lang='lat' dir='ltr'><strong>CARNOTENSIS</strong></span> <span class='ocrx_word' id='word_1_142' title='bbox 1085 1907 1281 1966; x_wconf 84' lang='lat' dir='ltr'><strong>EPISCOPUS.</strong></span> 
     </span>
    </p>
   </div>
   <div class='ocr_carea' id='block_1_7' title="bbox 528 2087 1580 2180">
    <p class='ocr_par' dir='ltr' id='par_1_8' title="bbox 528 2087 1580 2180">
     <span class='ocr_line' id='line_1_16' title="bbox 528 2087 1580 2180; baseline -0.001 -2"><span class='ocrx_word' id='word_1_143' title='bbox 528 2087 746 2178; x_wconf 82' lang='lat' dir='ltr'><strong>NOTITIA</strong></span> <span class='ocrx_word' id='word_1_144' title='bbox 789 2091 1085 2180; x_wconf 83' lang='lat' dir='ltr'><strong>HlSTORICA</strong></span> <span class='ocrx_word' id='word_1_145' title='bbox 1124 2091 1189 2180; x_wconf 85' lang='lat' dir='ltr'><strong>ET</strong></span> <span class='ocrx_word' id='word_1_146' title='bbox 1229 2090 1580 2180; x_wconf 77' lang='lat' dir='ltr'><strong>Ll&#39;ttbltllrtn.</strong></span> 
     </span>
    </p>
   </div>
   <div class='ocr_carea' id='block_1_8' title="bbox 796 2270 1312 2343">
    <p class='ocr_par' dir='ltr' id='par_1_9' title="bbox 796 2270 1312 2343">
     <span class='ocr_line' id='line_1_17' title="bbox 796 2270 1312 2343; baseline 0 -15"><span class='ocrx_word' id='word_1_147' title='bbox 796 2270 928 2343; x_wconf 82' lang='lat' dir='ltr'><strong>(ondin,</strong></span> <span class='ocrx_word' id='word_1_148' title='bbox 944 2271 1056 2342; x_wconf 83' lang='lat' dir='ltr'><strong>Script.</strong></span> <span class='ocrx_word' id='word_1_149' title='bbox 1070 2272 1184 2330; x_wconf 84' lang='lat' dir='ltr'><strong>Eccles.</strong></span> <span class='ocrx_word' id='word_1_150' title='bbox 1203 2275 1236 2341; x_wconf 89' lang='lat' dir='ltr'><strong>tl,</strong></span> <span class='ocrx_word' id='word_1_151' title='bbox 1249 2276 1312 2330; x_wconf 75' lang='lat' dir='ltr'><strong>tto.</strong></span> 
     </span>
    </p>
   </div>
   <div class='ocr_carea' id='block_1_9' title="bbox 198 2603 1912 2770">
    <p class='ocr_par' dir='ltr' id='par_1_10' title="bbox 198 2603 1912 2770">
     <span class='ocr_line' id='line_1_18' title="bbox 236 2603 1910 2680; baseline 0.002 -19"><span class='ocrx_word' id='word_1_152' title='bbox 236 2605 264 2661; x_wconf 89' lang='lat' dir='ltr'><strong>S.</strong></span> <span class='ocrx_word' id='word_1_153' title='bbox 280 2603 435 2661; x_wconf 78' lang='lat' dir='ltr'><strong>nrthcrtus</strong></span> <span class='ocrx_word' id='word_1_154' title='bbox 451 2605 642 2662; x_wconf 89' lang='lat' dir='ltr'><strong>Camotensis</strong></span> <span class='ocrx_word' id='word_1_155' title='bbox 654 2605 826 2680; x_wconf 89' lang='lat' dir='ltr'><strong>episcopus,</strong></span> <span class='ocrx_word' id='word_1_156' title='bbox 839 2606 905 2664; x_wconf 78' lang='lat' dir='ltr'><strong>vitre</strong></span> <span class='ocrx_word' id='word_1_157' title='bbox 921 2607 1027 2664; x_wconf 89' lang='lat' dir='ltr'><strong>saneti·</strong></span> <span class='ocrx_word' id='word_1_158' title='bbox 1046 2611 1065 2664; x_wconf 88' lang='lat' dir='ltr'>B</span> <span class='ocrx_word' id='word_1_159' title='bbox 1080 2611 1183 2678; x_wconf 81' lang='lat' dir='ltr'><strong>Deum,</strong></span> <span class='ocrx_word' id='word_1_160' title='bbox 1197 2607 1229 2664; x_wconf 93' lang='lat' dir='ltr'><strong>in</strong></span> <span class='ocrx_word' id='word_1_161' title='bbox 1243 2607 1289 2664; x_wconf 90' lang='lat' dir='ltr'><strong>his</strong></span> <span class='ocrx_word' id='word_1_162' title='bbox 1303 2623 1371 2680; x_wconf 88' lang='lat' dir='ltr'><strong>quae</strong></span> <span class='ocrx_word' id='word_1_163' title='bbox 1383 2607 1561 2678; x_wconf 78' lang='lat' dir='ltr'><strong>ingertmtur</strong></span> <span class='ocrx_word' id='word_1_164' title='bbox 1571 2606 1727 2677; x_wconf 90' lang='lat' dir='ltr'><strong>molestiis,</strong></span> <span class='ocrx_word' id='word_1_165' title='bbox 1741 2608 1910 2666; x_wconf 92' lang='lat' dir='ltr'><strong>consolatio</strong></span> 
     </span>
     <span class='ocr_line' id='line_1_19' title="bbox 198 2693 1912 2770; baseline 0.002 -20"><span class='ocrx_word' id='word_1_166' title='bbox 198 2693 301 2751; x_wconf 91' lang='lat' dir='ltr'><strong>monia</strong></span> <span class='ocrx_word' id='word_1_167' title='bbox 314 2697 342 2751; x_wconf 93' lang='lat' dir='ltr'><strong>et</strong></span> <span class='ocrx_word' id='word_1_168' title='bbox 356 2693 522 2752; x_wconf 78' lang='lat' dir='ltr'><strong>eruditione</strong></span> <span class='ocrx_word' id='word_1_169' title='bbox 535 2711 592 2752; x_wconf 92' lang='lat' dir='ltr'><strong>sua</strong></span> <span class='ocrx_word' id='word_1_170' title='bbox 615 2699 700 2752; x_wconf 83' lang='lat' dir='ltr'><strong>aetate</strong></span> <span class='ocrx_word' id='word_1_171' title='bbox 729 2695 924 2764; x_wconf 88' lang='lat' dir='ltr'><strong>clarissimus,</strong></span> <span class='ocrx_word' id='word_1_172' title='bbox 952 2695 1029 2754; x_wconf 87' lang='lat' dir='ltr'><strong>Guil·</strong></span> <span class='ocrx_word' id='word_1_173' title='bbox 1081 2699 1110 2754; x_wconf 91' lang='lat' dir='ltr'><strong>et</strong></span> <span class='ocrx_word' id='word_1_174' title='bbox 1123 2695 1279 2770; x_wconf 84' lang='lat' dir='ltr'><strong>respiratio</strong></span> <span class='ocrx_word' id='word_1_175' title='bbox 1290 2695 1424 2752; x_wconf 79' lang='lat' dir='ltr'><strong>funditus</strong></span> <span class='ocrx_word' id='word_1_176' title='bbox 1438 2695 1581 2770; x_wconf 84' lang='lat' dir='ltr'><strong>pendent.</strong></span> <span class='ocrx_word' id='word_1_177' title='bbox 1595 2719 1609 2747; x_wconf 77' lang='lat' dir='ltr'><strong>r</strong></span> <span class='ocrx_word' id='word_1_178' title='bbox 1621 2699 1713 2756; x_wconf 91' lang='lat' dir='ltr'><strong>Suam</strong></span> <span class='ocrx_word' id='word_1_179' title='bbox 1725 2713 1796 2755; x_wconf 83' lang='lat' dir='ltr'><strong>vero</strong></span> <span class='ocrx_word' id='word_1_180' title='bbox 1810 2697 1912 2754; x_wconf 91' lang='lat' dir='ltr'><strong>humi-</strong></span> 
     </span>
    </p>
   </div>
   <div class='ocr_carea' id='block_1_10' title="bbox 72 2782 1912 2859">
    <p class='ocr_par' dir='ltr' id='par_1_11' title="bbox 72 2782 1912 2859">
     <span class='ocr_line' id='line_1_20' title="bbox 72 2782 1912 2859; baseline 0.003 -21"><span class='ocrx_word' id='word_1_181' title='bbox 72 2836 77 2850; x_wconf 35' lang='lat'><strong>,</strong></span> <span class='ocrx_word' id='word_1_182' title='bbox 197 2782 279 2840; x_wconf 88' lang='lat' dir='ltr'><strong>lelmi</strong></span> <span class='ocrx_word' id='word_1_183' title='bbox 288 2782 457 2855; x_wconf 72' lang='lat' dir='ltr'><strong>aquitanici</strong></span> <span class='ocrx_word' id='word_1_184' title='bbox 471 2783 556 2840; x_wconf 91' lang='lat' dir='ltr'><strong>ducis</strong></span> <span class='ocrx_word' id='word_1_185' title='bbox 566 2783 678 2855; x_wconf 84' lang='lat' dir='ltr'><strong>lavore,</strong></span> <span class='ocrx_word' id='word_1_186' title='bbox 694 2784 826 2857; x_wconf 91' lang='lat' dir='ltr'><strong>primum</strong></span> <span class='ocrx_word' id='word_1_187' title='bbox 837 2785 1026 2842; x_wconf 74' lang='lat' dir='ltr'><strong>pictaviensis</strong></span> <span class='ocrx_word' id='word_1_188' title='bbox 1080 2785 1195 2842; x_wconf 83' lang='lat' dir='ltr'><strong>litatem</strong></span> <span class='ocrx_word' id='word_1_189' title='bbox 1205 2785 1310 2842; x_wconf 89' lang='lat' dir='ltr'><strong>astruit</strong></span> <span class='ocrx_word' id='word_1_190' title='bbox 1324 2785 1370 2841; x_wconf 90' lang='lat' dir='ltr'><strong>bis</strong></span> <span class='ocrx_word' id='word_1_191' title='bbox 1384 2784 1494 2854; x_wconf 76' lang='lat' dir='ltr'><strong>verbis,</strong></span> <span class='ocrx_word' id='word_1_192' title='bbox 1509 2785 1636 2859; x_wconf 90' lang='lat' dir='ltr'><strong>epistola</strong></span> <span class='ocrx_word' id='word_1_193' title='bbox 1647 2789 1681 2844; x_wconf 79' lang='grc'><strong>68</strong></span> <span class='ocrx_word' id='word_1_194' title='bbox 1695 2785 1735 2843; x_wconf 90' lang='lat' dir='ltr'><strong>ad</strong></span> <span class='ocrx_word' id='word_1_195' title='bbox 1752 2785 1912 2844; x_wconf 83' lang='lat' dir='ltr'><strong>Odilonem</strong></span> 
     </span>
    </p>
   </div>
   <div class='ocr_carea' id='block_1_11' title="bbox 190 2871 1912 5092">
    <p class='ocr_par' dir='ltr' id='par_1_12' title="bbox 190 2871 1912 5092">
     <span class='ocr_line' id='line_1_21' title="bbox 199 2871 1912 2949; baseline 0.003 -21"><span class='ocrx_word' id='word_1_196' title='bbox 199 2873 336 2931; x_wconf 80' lang='lat' dir='ltr'><strong>Ecclesiae</strong></span> <span class='ocrx_word' id='word_1_197' title='bbox 353 2873 381 2930; x_wconf 88' lang='lat' dir='ltr'><strong>S.</strong></span> <span class='ocrx_word' id='word_1_198' title='bbox 394 2871 495 2928; x_wconf 84' lang='lat' dir='ltr'><strong>Hilarii</strong></span> <span class='ocrx_word' id='word_1_199' title='bbox 506 2872 867 2942; x_wconf 87' lang='lat' dir='ltr'><strong>thesaurariusiactus,ut</strong></span> <span class='ocrx_word' id='word_1_200' title='bbox 879 2875 1029 2946; x_wconf 84' lang='lat' dir='ltr'><strong>fragmen·</strong></span> <span class='ocrx_word' id='word_1_201' title='bbox 1081 2875 1224 2932; x_wconf 85' lang='lat' dir='ltr'><strong>abbatem</strong></span> <span class='ocrx_word' id='word_1_202' title='bbox 1237 2873 1462 2934; x_wconf 74' lang='lat' dir='ltr'><strong>cluniacensem</strong></span> <span class='ocrx_word' id='word_1_203' title='bbox 1477 2892 1483 2930; x_wconf 93' lang='lat'>:</span> <span class='ocrx_word' id='word_1_204' title='bbox 1501 2897 1514 2924; x_wconf 78' lang='lat' dir='ltr'><strong>c</strong></span> <span class='ocrx_word' id='word_1_205' title='bbox 1532 2873 1628 2946; x_wconf 89' lang='lat' dir='ltr'><strong>Decet,</strong></span> <span class='ocrx_word' id='word_1_206' title='bbox 1642 2880 1737 2948; x_wconf 84' lang='lat' dir='ltr'><strong>pater,</strong></span> <span class='ocrx_word' id='word_1_207' title='bbox 1751 2879 1784 2932; x_wconf 90' lang='lat' dir='ltr'><strong>ut</strong></span> <span class='ocrx_word' id='word_1_208' title='bbox 1793 2881 1824 2932; x_wconf 89' lang='lat' dir='ltr'><strong>tu</strong></span> <span class='ocrx_word' id='word_1_209' title='bbox 1834 2891 1912 2949; x_wconf 91' lang='lat' dir='ltr'><strong>quo-</strong></span> 
     </span>
     <span class='ocr_line' id='line_1_22' title="bbox 197 2960 1909 3040; baseline 0.001 -22"><span class='ocrx_word' id='word_1_210' title='bbox 197 2965 262 3018; x_wconf 84' lang='lat' dir='ltr'><strong>tum</strong></span> <span class='ocrx_word' id='word_1_211' title='bbox 289 2960 422 3018; x_wconf 74' lang='lat' dir='ltr'><strong>Historiae</strong></span> <span class='ocrx_word' id='word_1_212' title='bbox 448 2960 631 3034; x_wconf 69' lang='lat' dir='ltr'><strong>Aquitanica</strong></span> <span class='ocrx_word' id='word_1_213' title='bbox 655 2961 751 3018; x_wconf 83' lang='lat' dir='ltr'><strong>refert.</strong></span> <span class='ocrx_word' id='word_1_214' title='bbox 779 2962 922 3037; x_wconf 88' lang='lat' dir='ltr'><strong>idemque</strong></span> <span class='ocrx_word' id='word_1_215' title='bbox 944 2963 1026 3035; x_wconf 84' lang='lat' dir='ltr'><strong>leges</strong></span> <span class='ocrx_word' id='word_1_216' title='bbox 1080 2980 1139 3037; x_wconf 90' lang='lat' dir='ltr'><strong>que</strong></span> <span class='ocrx_word' id='word_1_217' title='bbox 1151 2963 1283 3020; x_wconf 84' lang='lat' dir='ltr'><strong>vicissim</strong></span> <span class='ocrx_word' id='word_1_218' title='bbox 1299 2978 1347 3020; x_wconf 88' lang='lat' dir='ltr'><strong>me</strong></span> <span class='ocrx_word' id='word_1_219' title='bbox 1360 2966 1446 3020; x_wconf 90' lang='lat' dir='ltr'><strong>tuum</strong></span> <span class='ocrx_word' id='word_1_220' title='bbox 1461 2962 1613 3021; x_wconf 85' lang='lat' dir='ltr'><strong>servulum</strong></span> <span class='ocrx_word' id='word_1_221' title='bbox 1627 2964 1702 3022; x_wconf 91' lang='lat' dir='ltr'><strong>dete</strong></span> <span class='ocrx_word' id='word_1_222' title='bbox 1717 2964 1909 3040; x_wconf 85' lang='lat' dir='ltr'><strong>pendentem,</strong></span> 
     </span>
     <span class='ocr_line' id='line_1_23' title="bbox 198 3049 1912 3127; baseline 0.003 -21"><span class='ocrx_word' id='word_1_223' title='bbox 198 3049 280 3122; x_wconf 90' lang='lat' dir='ltr'><strong>apud</strong></span> <span class='ocrx_word' id='word_1_224' title='bbox 300 3049 484 3106; x_wconf 82' lang='lat' dir='ltr'><strong>Ademarum</strong></span> <span class='ocrx_word' id='word_1_225' title='bbox 509 3049 716 3108; x_wconf 84' lang='lat' dir='ltr'><strong>Cabanensem</strong></span> <span class='ocrx_word' id='word_1_226' title='bbox 735 3050 766 3107; x_wconf 93' lang='lat' dir='ltr'><strong>in</strong></span> <span class='ocrx_word' id='word_1_227' title='bbox 782 3052 937 3110; x_wconf 79' lang='lat' dir='ltr'><strong>Chronico.</strong></span> <span class='ocrx_word' id='word_1_228' title='bbox 953 3052 1028 3111; x_wconf 88' lang='lat' dir='ltr'><strong>lusi·</strong></span> <span class='ocrx_word' id='word_1_229' title='bbox 1081 3057 1168 3126; x_wconf 90' lang='lat' dir='ltr'><strong>teque</strong></span> <span class='ocrx_word' id='word_1_230' title='bbox 1183 3068 1245 3109; x_wconf 90' lang='lat' dir='ltr'><strong>non</strong></span> <span class='ocrx_word' id='word_1_231' title='bbox 1259 3052 1321 3109; x_wconf 92' lang='lat' dir='ltr'><strong>sine</strong></span> <span class='ocrx_word' id='word_1_232' title='bbox 1336 3067 1449 3122; x_wconf 77' lang='lat' dir='ltr'><strong>magna</strong></span> <span class='ocrx_word' id='word_1_233' title='bbox 1461 3051 1574 3109; x_wconf 89' lang='lat' dir='ltr'><strong>fiducia</strong></span> <span class='ocrx_word' id='word_1_234' title='bbox 1585 3053 1912 3127; x_wconf 85' lang='lat' dir='ltr'><strong>respectantem,sacris</strong></span> 
     </span>
     <span class='ocr_line' id='line_1_24' title="bbox 197 3138 1911 3217; baseline 0.002 -21"><span class='ocrx_word' id='word_1_235' title='bbox 197 3138 263 3211; x_wconf 75' lang='lat' dir='ltr'><strong>gnis</strong></span> <span class='ocrx_word' id='word_1_236' title='bbox 277 3139 339 3197; x_wconf 77' lang='lat' dir='ltr'><strong>vita</strong></span> <span class='ocrx_word' id='word_1_237' title='bbox 353 3143 382 3196; x_wconf 90' lang='lat' dir='ltr'><strong>et</strong></span> <span class='ocrx_word' id='word_1_238' title='bbox 390 3139 568 3211; x_wconf 89' lang='lat' dir='ltr'><strong>eruditione,</strong></span> <span class='ocrx_word' id='word_1_239' title='bbox 578 3139 762 3217; x_wconf 87' lang='lat' dir='ltr'><strong>lucernaque</strong></span> <span class='ocrx_word' id='word_1_240' title='bbox 773 3141 882 3199; x_wconf 91' lang='lat' dir='ltr'><strong>ardens</strong></span> <span class='ocrx_word' id='word_1_241' title='bbox 897 3159 916 3200; x_wconf 91' lang='lat' dir='ltr'><strong>a</strong></span> <span class='ocrx_word' id='word_1_242' title='bbox 929 3142 1027 3200; x_wconf 86' lang='lat' dir='ltr'><strong>Domi-</strong></span> <span class='ocrx_word' id='word_1_243' title='bbox 1080 3140 1342 3198; x_wconf 89' lang='lat' dir='ltr'><strong>intercessionibus</strong></span> <span class='ocrx_word' id='word_1_244' title='bbox 1361 3140 1494 3212; x_wconf 88' lang='lat' dir='ltr'><strong>adjuves.</strong></span> <span class='ocrx_word' id='word_1_245' title='bbox 1508 3143 1580 3197; x_wconf 93' lang='lat' dir='ltr'><strong>Sum</strong></span> <span class='ocrx_word' id='word_1_246' title='bbox 1590 3141 1671 3198; x_wconf 89' lang='lat' dir='ltr'><strong>enim</strong></span> <span class='ocrx_word' id='word_1_247' title='bbox 1681 3141 1769 3200; x_wconf 85' lang='lat' dir='ltr'><strong>valde</strong></span> <span class='ocrx_word' id='word_1_248' title='bbox 1784 3141 1911 3200; x_wconf 89' lang='lat' dir='ltr'><strong>misera-</strong></span> 
     </span>
     <span class='ocr_line' id='line_1_25' title="bbox 196 3227 1909 3304; baseline 0.001 -17"><span class='ocrx_word' id='word_1_249' title='bbox 196 3247 236 3288; x_wconf 90' lang='lat' dir='ltr'><strong>no</strong></span> <span class='ocrx_word' id='word_1_250' title='bbox 248 3230 384 3288; x_wconf 72' lang='lat' dir='ltr'><strong>Ecclesia</strong></span> <span class='ocrx_word' id='word_1_251' title='bbox 400 3231 557 3289; x_wconf 69' lang='lat' dir='ltr'><strong>Gallicana</strong></span> <span class='ocrx_word' id='word_1_252' title='bbox 586 3231 769 3289; x_wconf 89' lang='lat' dir='ltr'><strong>candelabro</strong></span> <span class='ocrx_word' id='word_1_253' title='bbox 784 3247 940 3302; x_wconf 89' lang='lat' dir='ltr'><strong>accensus,</strong></span> <span class='ocrx_word' id='word_1_254' title='bbox 969 3237 1026 3291; x_wconf 85' lang='lat' dir='ltr'><strong>Ro·</strong></span> <span class='ocrx_word' id='word_1_255' title='bbox 1079 3229 1147 3287; x_wconf 88' lang='lat' dir='ltr'><strong>bilis</strong></span> <span class='ocrx_word' id='word_1_256' title='bbox 1162 3231 1265 3298; x_wconf 89' lang='lat' dir='ltr'><strong>homo,</strong></span> <span class='ocrx_word' id='word_1_257' title='bbox 1281 3227 1333 3304; x_wconf 92' lang='lat' dir='ltr'><strong>qui</strong></span> <span class='ocrx_word' id='word_1_258' title='bbox 1345 3245 1414 3285; x_wconf 91' lang='lat' dir='ltr'><strong>cum</strong></span> <span class='ocrx_word' id='word_1_259' title='bbox 1428 3228 1468 3286; x_wconf 90' lang='lat' dir='ltr'><strong>ad</strong></span> <span class='ocrx_word' id='word_1_260' title='bbox 1482 3230 1638 3304; x_wconf 87' lang='lat' dir='ltr'><strong>propriam</strong></span> <span class='ocrx_word' id='word_1_261' title='bbox 1649 3247 1711 3288; x_wconf 92' lang='lat' dir='ltr'><strong>non</strong></span> <span class='ocrx_word' id='word_1_262' title='bbox 1726 3231 1909 3302; x_wconf 88' lang='lat' dir='ltr'><strong>sufficerem,</strong></span> 
     </span>
     <span class='ocr_line' id='line_1_26' title="bbox 194 3319 1910 3394; baseline 0.001 -17"><span class='ocrx_word' id='word_1_263' title='bbox 194 3319 270 3378; x_wconf 85' lang='lat' dir='ltr'><strong>berti</strong></span> <span class='ocrx_word' id='word_1_264' title='bbox 289 3319 368 3391; x_wconf 82' lang='lat' dir='ltr'><strong>regis</strong></span> <span class='ocrx_word' id='word_1_265' title='bbox 394 3319 646 3390; x_wconf 80' lang='lat' dir='ltr'><strong>Ghnsoanissimt,</strong></span> <span class='ocrx_word' id='word_1_266' title='bbox 671 3321 719 3377; x_wconf 90' lang='lat' dir='ltr'><strong>cui</strong></span> <span class='ocrx_word' id='word_1_267' title='bbox 740 3321 927 3392; x_wconf 80' lang='lat' dir='ltr'><strong>gratissimus</strong></span> <span class='ocrx_word' id='word_1_268' title='bbox 951 3327 1025 3394; x_wconf 88' lang='lat' dir='ltr'><strong>erat,</strong></span> <span class='ocrx_word' id='word_1_269' title='bbox 1080 3319 1119 3376; x_wconf 90' lang='lat' dir='ltr'><strong>ad</strong></span> <span class='ocrx_word' id='word_1_270' title='bbox 1132 3319 1286 3392; x_wconf 84' lang='lat' dir='ltr'><strong>publicam</strong></span> <span class='ocrx_word' id='word_1_271' title='bbox 1308 3333 1412 3376; x_wconf 90' lang='lat' dir='ltr'><strong>curam</strong></span> <span class='ocrx_word' id='word_1_272' title='bbox 1443 3319 1544 3377; x_wconf 90' lang='lat' dir='ltr'><strong>nescio</strong></span> <span class='ocrx_word' id='word_1_273' title='bbox 1565 3336 1627 3394; x_wconf 91' lang='lat' dir='ltr'><strong>qua</strong></span> <span class='ocrx_word' id='word_1_274' title='bbox 1655 3337 1708 3378; x_wconf 89' lang='lat' dir='ltr'><strong>seu</strong></span> <span class='ocrx_word' id='word_1_275' title='bbox 1727 3321 1841 3378; x_wconf 88' lang='lat' dir='ltr'><strong>ratione</strong></span> <span class='ocrx_word' id='word_1_276' title='bbox 1854 3337 1910 3378; x_wconf 90' lang='lat' dir='ltr'><strong>seu</strong></span> 
     </span>
     <span class='ocr_line' id='line_1_27' title="bbox 195 3408 1908 3483; baseline -0.001 -16"><span class='ocrx_word' id='word_1_277' title='bbox 195 3410 380 3478; x_wconf 86' lang='lat' dir='ltr'><strong>auctoritato,</strong></span> <span class='ocrx_word' id='word_1_278' title='bbox 397 3408 586 3466; x_wconf 81' lang='lat' dir='ltr'><strong>carnotensis</strong></span> <span class='ocrx_word' id='word_1_279' title='bbox 612 3409 771 3481; x_wconf 90' lang='lat' dir='ltr'><strong>episcopus</strong></span> <span class='ocrx_word' id='word_1_280' title='bbox 785 3409 1025 3482; x_wconf 85' lang='lat' dir='ltr'><strong>postiiodolium</strong></span> <span class='ocrx_word' id='word_1_281' title='bbox 1080 3409 1242 3466; x_wconf 86' lang='lat' dir='ltr'><strong>temeritate</strong></span> <span class='ocrx_word' id='word_1_282' title='bbox 1257 3408 1420 3483; x_wconf 89' lang='lat' dir='ltr'><strong>perductus</strong></span> <span class='ocrx_word' id='word_1_283' title='bbox 1436 3424 1552 3466; x_wconf 80' lang='lat' dir='ltr'><strong>sum.»</strong></span> <span class='ocrx_word' id='word_1_284' title='bbox 1581 3411 1698 3476; x_wconf 88' lang='lat' dir='ltr'><strong>Quanta</strong></span> <span class='ocrx_word' id='word_1_285' title='bbox 1712 3425 1784 3468; x_wconf 85' lang='lat' dir='ltr'><strong>vcro</strong></span> <span class='ocrx_word' id='word_1_286' title='bbox 1803 3410 1908 3467; x_wconf 90' lang='lat' dir='ltr'><strong>amici-</strong></span> 
     </span>
     <span class='ocr_line' id='line_1_28' title="bbox 196 3497 1908 3572; baseline 0.001 -17"><span class='ocrx_word' id='word_1_287' title='bbox 196 3503 312 3556; x_wconf 87' lang='lat' dir='ltr'><strong>creetus</strong></span> <span class='ocrx_word' id='word_1_288' title='bbox 326 3502 383 3568; x_wconf 88' lang='lat' dir='ltr'><strong>est,</strong></span> <span class='ocrx_word' id='word_1_289' title='bbox 400 3514 418 3554; x_wconf 92' lang='lat' dir='ltr'><strong>a</strong></span> <span class='ocrx_word' id='word_1_290' title='bbox 438 3497 599 3554; x_wconf 87' lang='lat' dir='ltr'><strong>bietberico</strong></span> <span class='ocrx_word' id='word_1_291' title='bbox 617 3497 842 3571; x_wconf 79' lang='lat' dir='ltr'><strong>archiepiscopo</strong></span> <span class='ocrx_word' id='word_1_292' title='bbox 868 3503 896 3556; x_wconf 88' lang='lat' dir='ltr'><strong>et</strong></span> <span class='ocrx_word' id='word_1_293' title='bbox 919 3505 1026 3558; x_wconf 87' lang='lat' dir='ltr'><strong>metro-</strong></span> <span class='ocrx_word' id='word_1_294' title='bbox 1079 3497 1119 3554; x_wconf 89' lang='lat' dir='ltr'><strong>tia</strong></span> <span class='ocrx_word' id='word_1_295' title='bbox 1147 3497 1222 3554; x_wconf 91' lang='lat' dir='ltr'><strong>inter</strong></span> <span class='ocrx_word' id='word_1_296' title='bbox 1246 3497 1346 3570; x_wconf 91' lang='lat' dir='ltr'><strong>ipsum</strong></span> <span class='ocrx_word' id='word_1_297' title='bbox 1372 3501 1401 3554; x_wconf 92' lang='lat' dir='ltr'><strong>et</strong></span> <span class='ocrx_word' id='word_1_298' title='bbox 1424 3497 1581 3555; x_wconf 88' lang='lat' dir='ltr'><strong>Odilonem</strong></span> <span class='ocrx_word' id='word_1_299' title='bbox 1607 3497 1784 3572; x_wconf 79' lang='lat' dir='ltr'><strong>pradictum</strong></span> <span class='ocrx_word' id='word_1_300' title='bbox 1809 3498 1908 3568; x_wconf 84' lang='lat' dir='ltr'><strong>tuerit,</strong></span> 
     </span>
     <span class='ocr_line' id='line_1_29' title="bbox 195 3585 1910 3662; baseline 0.001 -20"><span class='ocrx_word' id='word_1_301' title='bbox 195 3587 330 3660; x_wconf 87' lang='lat' dir='ltr'><strong>politano</strong></span> <span class='ocrx_word' id='word_1_302' title='bbox 344 3589 551 3653; x_wconf 86' lang='lat' dir='ltr'><strong>consecratus,</strong></span> <span class='ocrx_word' id='word_1_303' title='bbox 575 3587 836 3658; x_wconf 89' lang='lat' dir='ltr'><strong>quemadmodum</strong></span> <span class='ocrx_word' id='word_1_304' title='bbox 862 3588 927 3662; x_wconf 90' lang='lat' dir='ltr'><strong>ipse</strong></span> <span class='ocrx_word' id='word_1_305' title='bbox 956 3591 1024 3646; x_wconf 75' lang='lat' dir='ltr'><strong>Ful·</strong></span> <span class='ocrx_word' id='word_1_306' title='bbox 1078 3585 1166 3642; x_wconf 91' lang='lat' dir='ltr'><strong>docet</strong></span> <span class='ocrx_word' id='word_1_307' title='bbox 1192 3586 1360 3642; x_wconf 90' lang='lat' dir='ltr'><strong>monachus</strong></span> <span class='ocrx_word' id='word_1_308' title='bbox 1383 3585 1542 3659; x_wconf 85' lang='lat' dir='ltr'><strong>sylviniaci</strong></span> <span class='ocrx_word' id='word_1_309' title='bbox 1568 3586 1632 3643; x_wconf 78' lang='lat' dir='ltr'><strong>hmo</strong></span> <span class='ocrx_word' id='word_1_310' title='bbox 1652 3585 1785 3644; x_wconf 87' lang='lat' dir='ltr'><strong>scribens</strong></span> <span class='ocrx_word' id='word_1_311' title='bbox 1799 3585 1831 3644; x_wconf 91' lang='lat' dir='ltr'><strong>in</strong></span> <span class='ocrx_word' id='word_1_312' title='bbox 1843 3585 1910 3643; x_wconf 83' lang='lat' dir='ltr'><strong>Vita</strong></span> 
     </span>
     <span class='ocr_line' id='line_1_30' title="bbox 194 3673 1908 3748; baseline -0.001 -15"><span class='ocrx_word' id='word_1_313' title='bbox 194 3675 296 3733; x_wconf 88' lang='lat' dir='ltr'><strong>bertus</strong></span> <span class='ocrx_word' id='word_1_314' title='bbox 309 3675 439 3733; x_wconf 85' lang='lat' dir='ltr'><strong>affirmat</strong></span> <span class='ocrx_word' id='word_1_315' title='bbox 452 3673 578 3748; x_wconf 89' lang='lat' dir='ltr'><strong>epistola</strong></span> <span class='ocrx_word' id='word_1_316' title='bbox 589 3679 634 3746; x_wconf 78' lang='lat'><strong>2³,</strong></span> <span class='ocrx_word' id='word_1_317' title='bbox 646 3676 686 3732; x_wconf 87' lang='lat' dir='ltr'><strong>ed</strong></span> <span class='ocrx_word' id='word_1_318' title='bbox 700 3675 840 3733; x_wconf 90' lang='lat' dir='ltr'><strong>eumdem</strong></span> <span class='ocrx_word' id='word_1_319' title='bbox 858 3693 892 3734; x_wconf 79' lang='lat' dir='ltr'><strong>z«</strong></span> <span class='ocrx_word' id='word_1_320' title='bbox 903 3679 1025 3736; x_wconf 73' lang='lat' dir='ltr'><strong>Multum</strong></span> <span class='ocrx_word' id='word_1_321' title='bbox 1079 3673 1212 3732; x_wconf 88' lang='lat' dir='ltr'><strong>Odilonis</strong></span> <span class='ocrx_word' id='word_1_322' title='bbox 1229 3692 1235 3730; x_wconf 93' lang='lat'>:</span> <span class='ocrx_word' id='word_1_323' title='bbox 1258 3697 1272 3724; x_wconf 89' lang='lat'>«</span> <span class='ocrx_word' id='word_1_324' title='bbox 1286 3677 1346 3730; x_wconf 85' lang='lat' dir='ltr'><strong>Hoc</strong></span> <span class='ocrx_word' id='word_1_325' title='bbox 1372 3673 1495 3731; x_wconf 91' lang='lat' dir='ltr'><strong>nomine</strong></span> <span class='ocrx_word' id='word_1_326' title='bbox 1521 3675 1719 3748; x_wconf 74' lang='lat' dir='ltr'><strong>(Arctenqcti</strong></span> <span class='ocrx_word' id='word_1_327' title='bbox 1744 3676 1908 3733; x_wconf 81' lang='lat' dir='ltr'><strong>monneto-</strong></span> 
     </span>
     <span class='ocr_line' id='line_1_31' title="bbox 195 3763 1910 3839; baseline 0 -17"><span class='ocrx_word' id='word_1_328' title='bbox 195 3766 307 3824; x_wconf 88' lang='lat' dir='ltr'><strong>amoris</strong></span> <span class='ocrx_word' id='word_1_329' title='bbox 318 3769 409 3839; x_wconf 84' lang='lat' dir='ltr'><strong>atque</strong></span> <span class='ocrx_word' id='word_1_330' title='bbox 420 3765 579 3835; x_wconf 87' lang='lat' dir='ltr'><strong>fidelitatis,</strong></span> <span class='ocrx_word' id='word_1_331' title='bbox 595 3765 761 3835; x_wconf 83' lang='lat' dir='ltr'><strong>tibi,l&gt;ater,</strong></span> <span class='ocrx_word' id='word_1_332' title='bbox 778 3768 1024 3826; x_wconf 88' lang='lat' dir='ltr'><strong>medeberecen-</strong></span> <span class='ocrx_word' id='word_1_333' title='bbox 1078 3765 1155 3827; x_wconf 76' lang='lat' dir='ltr'><strong>cumi</strong></span> <span class='ocrx_word' id='word_1_334' title='bbox 1172 3763 1315 3821; x_wconf 89' lang='lat' dir='ltr'><strong>censebat</strong></span> <span class='ocrx_word' id='word_1_335' title='bbox 1328 3779 1398 3820; x_wconf 91' lang='lat' dir='ltr'><strong>eum</strong></span> <span class='ocrx_word' id='word_1_336' title='bbox 1422 3763 1637 3838; x_wconf 89' lang='lat' dir='ltr'><strong>appellandum</strong></span> <span class='ocrx_word' id='word_1_337' title='bbox 1652 3765 1683 3822; x_wconf 91' lang='lat' dir='ltr'><strong>in</strong></span> <span class='ocrx_word' id='word_1_338' title='bbox 1707 3765 1768 3822; x_wconf 90' lang='lat' dir='ltr'><strong>suis</strong></span> <span class='ocrx_word' id='word_1_339' title='bbox 1795 3781 1910 3822; x_wconf 89' lang='lat' dir='ltr'><strong>sermo-</strong></span> 
     </span>
     <span class='ocr_line' id='line_1_32' title="bbox 195 3853 1910 3932; baseline -0.001 -21"><span class='ocrx_word' id='word_1_340' title='bbox 195 3872 257 3930; x_wconf 86' lang='lat' dir='ltr'><strong>seo,</strong></span> <span class='ocrx_word' id='word_1_341' title='bbox 273 3873 327 3932; x_wconf 86' lang='lat' dir='ltr'><strong>per</strong></span> <span class='ocrx_word' id='word_1_342' title='bbox 341 3857 428 3928; x_wconf 89' lang='lat' dir='ltr'><strong>cujus</strong></span> <span class='ocrx_word' id='word_1_343' title='bbox 443 3871 570 3913; x_wconf 87' lang='lat' dir='ltr'><strong>manum</strong></span> <span class='ocrx_word' id='word_1_344' title='bbox 593 3854 831 3913; x_wconf 88' lang='lat' dir='ltr'><strong>benedictionem</strong></span> <span class='ocrx_word' id='word_1_345' title='bbox 852 3861 881 3914; x_wconf 86' lang='lat' dir='ltr'><strong>et</strong></span> <span class='ocrx_word' id='word_1_346' title='bbox 905 3874 1024 3917; x_wconf 79' lang='lat' dir='ltr'><strong>sacram</strong></span> <span class='ocrx_word' id='word_1_347' title='bbox 1077 3854 1167 3910; x_wconf 91' lang='lat' dir='ltr'><strong>nibus</strong></span> <span class='ocrx_word' id='word_1_348' title='bbox 1182 3857 1210 3910; x_wconf 91' lang='lat' dir='ltr'><strong>et</strong></span> <span class='ocrx_word' id='word_1_349' title='bbox 1224 3853 1364 3927; x_wconf 90' lang='lat' dir='ltr'><strong>epistolis.</strong></span> <span class='ocrx_word' id='word_1_350' title='bbox 1379 3853 1535 3910; x_wconf 74' lang='lat' dir='ltr'><strong>rutbertus</strong></span> <span class='ocrx_word' id='word_1_351' title='bbox 1561 3853 1608 3911; x_wconf 92' lang='lat' dir='ltr'><strong>ille</strong></span> <span class='ocrx_word' id='word_1_352' title='bbox 1624 3853 1681 3912; x_wconf 91' lang='lat' dir='ltr'><strong>sibi</strong></span> <span class='ocrx_word' id='word_1_353' title='bbox 1705 3854 1910 3928; x_wconf 72' lang='lat' dir='ltr'><strong>precordialis</strong></span> 
     </span>
     <span class='ocr_line' id='line_1_33' title="bbox 193 3943 1908 4021; baseline -0.003 -14"><span class='ocrx_word' id='word_1_354' title='bbox 193 3949 366 4006; x_wconf 87' lang='lat' dir='ltr'><strong>unctionem</strong></span> <span class='ocrx_word' id='word_1_355' title='bbox 379 3946 491 4020; x_wconf 91' lang='lat' dir='ltr'><strong>accepi.</strong></span> <span class='ocrx_word' id='word_1_356' title='bbox 503 3963 518 3999; x_wconf 71' lang='lat' dir='ltr'><strong>s</strong></span> <span class='ocrx_word' id='word_1_357' title='bbox 530 3950 557 4002; x_wconf 91' lang='lat' dir='ltr'><strong>ls</strong></span> <span class='ocrx_word' id='word_1_358' title='bbox 567 3946 884 4020; x_wconf 88' lang='lat' dir='ltr'><strong>autem,episcopalem</strong></span> <span class='ocrx_word' id='word_1_359' title='bbox 896 3949 1025 4019; x_wconf 75' lang='lat' dir='ltr'><strong>gradum</strong></span> <span class='ocrx_word' id='word_1_360' title='bbox 1044 3964 1065 4021; x_wconf 74' lang='lat' dir='ltr'><strong>c</strong></span> <span class='ocrx_word' id='word_1_361' title='bbox 1078 3944 1203 4012; x_wconf 87' lang='lat' dir='ltr'><strong>amicus,</strong></span> <span class='ocrx_word' id='word_1_362' title='bbox 1216 3943 1403 4002; x_wconf 79' lang='lat' dir='ltr'><strong>carnotensis</strong></span> <span class='ocrx_word' id='word_1_363' title='bbox 1419 3943 1589 4018; x_wconf 91' lang='lat' dir='ltr'><strong>episcopus,</strong></span> <span class='ocrx_word' id='word_1_364' title='bbox 1604 3945 1636 4000; x_wconf 90' lang='lat' dir='ltr'><strong>in</strong></span> <span class='ocrx_word' id='word_1_365' title='bbox 1662 3945 1823 4002; x_wconf 89' lang='lat' dir='ltr'><strong>sanctitate·</strong></span> <span class='ocrx_word' id='word_1_366' title='bbox 1843 3944 1908 4002; x_wconf 87' lang='lat' dir='ltr'><strong>lau·</strong></span> 
     </span>
     <span class='ocr_line' id='line_1_34' title="bbox 194 4033 1910 4108; baseline -0.001 -14"><span class='ocrx_word' id='word_1_367' title='bbox 194 4041 359 4108; x_wconf 88' lang='lat' dir='ltr'><strong>assecutus,</strong></span> <span class='ocrx_word' id='word_1_368' title='bbox 380 4035 529 4092; x_wconf 87' lang='lat' dir='ltr'><strong>libertates</strong></span> <span class='ocrx_word' id='word_1_369' title='bbox 545 4035 759 4092; x_wconf 89' lang='lat' dir='ltr'><strong>ecclesiasticas</strong></span> <span class='ocrx_word' id='word_1_370' title='bbox 769 4035 887 4106; x_wconf 74' lang='lat' dir='ltr'><strong>egregie</strong></span> <span class='ocrx_word' id='word_1_371' title='bbox 912 4039 1024 4092; x_wconf 87' lang='lat' dir='ltr'><strong>tutatus</strong></span> <span class='ocrx_word' id='word_1_372' title='bbox 1077 4033 1197 4103; x_wconf 85' lang='lat' dir='ltr'><strong>dabilis,</strong></span> <span class='ocrx_word' id='word_1_373' title='bbox 1211 4033 1242 4090; x_wconf 93' lang='lat' dir='ltr'><strong>in</strong></span> <span class='ocrx_word' id='word_1_374' title='bbox 1257 4033 1403 4108; x_wconf 89' lang='lat' dir='ltr'><strong>sapientia</strong></span> <span class='ocrx_word' id='word_1_375' title='bbox 1417 4033 1572 4105; x_wconf 88' lang='lat' dir='ltr'><strong>mirabills,</strong></span> <span class='ocrx_word' id='word_1_376' title='bbox 1582 4034 1613 4090; x_wconf 91' lang='lat' dir='ltr'><strong>in</strong></span> <span class='ocrx_word' id='word_1_377' title='bbox 1628 4035 1714 4106; x_wconf 88' lang='lat' dir='ltr'><strong>cujus</strong></span> <span class='ocrx_word' id='word_1_378' title='bbox 1728 4039 1824 4092; x_wconf 91' lang='lat' dir='ltr'><strong>morte</strong></span> <span class='ocrx_word' id='word_1_379' title='bbox 1844 4039 1910 4092; x_wconf 88' lang='lat' dir='ltr'><strong>stn-</strong></span> 
     </span>
     <span class='ocr_line' id='line_1_35' title="bbox 193 4123 1908 4200; baseline 0 -17"><span class='ocrx_word' id='word_1_380' title='bbox 193 4132 246 4196; x_wconf 90' lang='lat' dir='ltr'><strong>est,</strong></span> <span class='ocrx_word' id='word_1_381' title='bbox 262 4132 294 4184; x_wconf 90' lang='lat' dir='ltr'><strong>ut</strong></span> <span class='ocrx_word' id='word_1_382' title='bbox 303 4125 418 4200; x_wconf 88' lang='lat' dir='ltr'><strong>passim</strong></span> <span class='ocrx_word' id='word_1_383' title='bbox 432 4125 521 4182; x_wconf 86' lang='lat' dir='ltr'><strong>variis</strong></span> <span class='ocrx_word' id='word_1_384' title='bbox 550 4124 681 4198; x_wconf 89' lang='lat' dir='ltr'><strong>epistolis</strong></span> <span class='ocrx_word' id='word_1_385' title='bbox 697 4123 852 4195; x_wconf 81' lang='lat' dir='ltr'><strong>significat,</strong></span> <span class='ocrx_word' id='word_1_386' title='bbox 879 4140 956 4198; x_wconf 89' lang='lat' dir='ltr'><strong>quas</strong></span> <span class='ocrx_word' id='word_1_387' title='bbox 984 4124 1024 4181; x_wconf 91' lang='lat' dir='ltr'><strong>ad</strong></span> <span class='ocrx_word' id='word_1_388' title='bbox 1077 4125 1162 4180; x_wconf 92' lang='lat' dir='ltr'><strong>dium</strong></span> <span class='ocrx_word' id='word_1_389' title='bbox 1174 4123 1371 4198; x_wconf 85' lang='lat' dir='ltr'><strong>philosophiae</strong></span> <span class='ocrx_word' id='word_1_390' title='bbox 1391 4124 1422 4180; x_wconf 91' lang='lat' dir='ltr'><strong>in</strong></span> <span class='ocrx_word' id='word_1_391' title='bbox 1450 4123 1576 4182; x_wconf 82' lang='lat' dir='ltr'><strong>Francia</strong></span> <span class='ocrx_word' id='word_1_392' title='bbox 1585 4124 1681 4198; x_wconf 91' lang='lat' dir='ltr'><strong>periit,</strong></span> <span class='ocrx_word' id='word_1_393' title='bbox 1698 4130 1726 4182; x_wconf 89' lang='lat' dir='ltr'><strong>et</strong></span> <span class='ocrx_word' id='word_1_394' title='bbox 1752 4125 1846 4196; x_wconf 78' lang='lat' dir='ltr'><strong>glorie</strong></span> <span class='ocrx_word' id='word_1_395' title='bbox 1862 4141 1908 4183; x_wconf 89' lang='lat' dir='ltr'><strong>sa·</strong></span> 
     </span>
     <span class='ocr_line' id='line_1_36' title="bbox 193 4213 1910 4289; baseline 0.001 -19"><span class='ocrx_word' id='word_1_396' title='bbox 193 4215 349 4289; x_wconf 86' lang='lat' dir='ltr'><strong>pontifices</strong></span> <span class='ocrx_word' id='word_1_397' title='bbox 371 4214 533 4280; x_wconf 81' lang='lat' dir='ltr'><strong>maximos,</strong></span> <span class='ocrx_word' id='word_1_398' title='bbox 548 4229 634 4283; x_wconf 76' lang='lat' dir='ltr'><strong>reges</strong></span> <span class='ocrx_word' id='word_1_399' title='bbox 656 4218 685 4270; x_wconf 84' lang='lat' dir='ltr'><strong>et</strong></span> <span class='ocrx_word' id='word_1_400' title='bbox 709 4214 867 4287; x_wconf 90' lang='lat' dir='ltr'><strong>episcopos</strong></span> <span class='ocrx_word' id='word_1_401' title='bbox 896 4214 1021 4287; x_wconf 87' lang='lat' dir='ltr'><strong>scripsit,</strong></span> <span class='ocrx_word' id='word_1_402' title='bbox 1078 4215 1231 4272; x_wconf 89' lang='lat' dir='ltr'><strong>cerdotum</strong></span> <span class='ocrx_word' id='word_1_403' title='bbox 1244 4229 1321 4288; x_wconf 91' lang='lat' dir='ltr'><strong>pene</strong></span> <span class='ocrx_word' id='word_1_404' title='bbox 1343 4213 1462 4270; x_wconf 88' lang='lat' dir='ltr'><strong>decidit.</strong></span> <span class='ocrx_word' id='word_1_405' title='bbox 1485 4235 1498 4264; x_wconf 74' lang='lat' dir='ltr'><strong>a</strong></span> <span class='ocrx_word' id='word_1_406' title='bbox 1532 4213 1619 4280; x_wconf 88' lang='lat' dir='ltr'><strong>Quod</strong></span> <span class='ocrx_word' id='word_1_407' title='bbox 1642 4217 1740 4272; x_wconf 65' lang='lat' dir='ltr'><strong>auum</strong></span> <span class='ocrx_word' id='word_1_408' title='bbox 1770 4213 1910 4272; x_wconf 90' lang='lat' dir='ltr'><strong>nonnulli</strong></span> 
     </span>
     <span class='ocr_line' id='line_1_37' title="bbox 193 4295 1908 4378; baseline 0.001 -18"><span class='ocrx_word' id='word_1_409' title='bbox 193 4319 323 4378; x_wconf 90' lang='lat' dir='ltr'><strong>quarum</strong></span> <span class='ocrx_word' id='word_1_410' title='bbox 346 4303 500 4360; x_wconf 86' lang='lat' dir='ltr'><strong>nonnullae</strong></span> <span class='ocrx_word' id='word_1_411' title='bbox 528 4295 644 4359; x_wconf 85' lang='lat' dir='ltr'><strong>exstant</strong></span> <span class='ocrx_word' id='word_1_412' title='bbox 670 4303 709 4360; x_wconf 92' lang='lat' dir='ltr'><strong>ad</strong></span> <span class='ocrx_word' id='word_1_413' title='bbox 730 4305 915 4361; x_wconf 83' lang='lat' dir='ltr'><strong>Franconem</strong></span> <span class='ocrx_word' id='word_1_414' title='bbox 945 4304 1023 4361; x_wconf 88' lang='lat' dir='ltr'><strong>Pari·</strong></span> <span class='ocrx_word' id='word_1_415' title='bbox 1077 4317 1146 4359; x_wconf 90' lang='lat' dir='ltr'><strong>cum</strong></span> <span class='ocrx_word' id='word_1_416' title='bbox 1165 4303 1284 4361; x_wconf 87' lang='lat' dir='ltr'><strong>Roberti</strong></span> <span class='ocrx_word' id='word_1_417' title='bbox 1307 4303 1385 4374; x_wconf 79' lang='lat' dir='ltr'><strong>regis</strong></span> <span class='ocrx_word' id='word_1_418' title='bbox 1409 4303 1499 4360; x_wconf 88' lang='lat' dir='ltr'><strong>tuisse</strong></span> <span class='ocrx_word' id='word_1_419' title='bbox 1521 4303 1734 4362; x_wconf 90' lang='lat' dir='ltr'><strong>cancellarium</strong></span> <span class='ocrx_word' id='word_1_420' title='bbox 1760 4304 1908 4374; x_wconf 87' lang='lat' dir='ltr'><strong>scribunt,</strong></span> 
     </span>
     <span class='ocr_line' id='line_1_38' title="bbox 194 4391 1910 4466; baseline 0.002 -18"><span class='ocrx_word' id='word_1_421' title='bbox 194 4392 325 4448; x_wconf 89' lang='lat' dir='ltr'><strong>siensem</strong></span> <span class='ocrx_word' id='word_1_422' title='bbox 339 4391 507 4465; x_wconf 81' lang='lat' dir='ltr'><strong>praesulem,</strong></span> <span class='ocrx_word' id='word_1_423' title='bbox 523 4392 566 4447; x_wconf 87' lang='lat' dir='ltr'><strong>De</strong></span> <span class='ocrx_word' id='word_1_424' title='bbox 589 4392 809 4462; x_wconf 72' lang='lat' dir='ltr'><strong>extirpandae</strong></span> <span class='ocrx_word' id='word_1_425' title='bbox 831 4409 924 4450; x_wconf 82' lang='lat' dir='ltr'><strong>manu</strong></span> <span class='ocrx_word' id='word_1_426' title='bbox 942 4395 1022 4450; x_wconf 87' lang='lat' dir='ltr'><strong>toico</strong></span> <span class='ocrx_word' id='word_1_427' title='bbox 1076 4392 1262 4466; x_wconf 91' lang='lat' dir='ltr'><strong>probationis</strong></span> <span class='ocrx_word' id='word_1_428' title='bbox 1274 4391 1305 4448; x_wconf 92' lang='lat' dir='ltr'><strong>in</strong></span> <span class='ocrx_word' id='word_1_429' title='bbox 1319 4392 1501 4450; x_wconf 87' lang='lat' dir='ltr'><strong>documento</strong></span> <span class='ocrx_word' id='word_1_430' title='bbox 1523 4391 1702 4460; x_wconf 89' lang='lat' dir='ltr'><strong>destituitur,</strong></span> <span class='ocrx_word' id='word_1_431' title='bbox 1716 4409 1786 4451; x_wconf 90' lang='lat' dir='ltr'><strong>cum</strong></span> <span class='ocrx_word' id='word_1_432' title='bbox 1801 4410 1910 4452; x_wconf 80' lang='lat' dir='ltr'><strong>revera</strong></span> 
     </span>
     <span class='ocr_line' id='line_1_39' title="bbox 194 4480 1909 4555; baseline 0.001 -15"><span class='ocrx_word' id='word_1_433' title='bbox 194 4483 350 4554; x_wconf 67' lang='lat' dir='ltr'><strong>beneficiet.</strong></span> <span class='ocrx_word' id='word_1_434' title='bbox 362 4484 396 4538; x_wconf 88' lang='lat' dir='ltr'><strong>Et</strong></span> <span class='ocrx_word' id='word_1_435' title='bbox 405 4481 486 4554; x_wconf 89' lang='lat' dir='ltr'><strong>apud</strong></span> <span class='ocrx_word' id='word_1_436' title='bbox 501 4483 647 4536; x_wconf 78' lang='lat' dir='ltr'><strong>loannem</strong></span> <span class='ocrx_word' id='word_1_437' title='bbox 657 4480 830 4553; x_wconf 87' lang='lat' dir='ltr'><strong>pontificem</strong></span> <span class='ocrx_word' id='word_1_438' title='bbox 860 4483 1021 4540; x_wconf 75' lang='lat' dir='ltr'><strong>nannum</strong></span> <span class='ocrx_word' id='word_1_439' title='bbox 1076 4481 1175 4555; x_wconf 90' lang='lat' dir='ltr'><strong>potius</strong></span> <span class='ocrx_word' id='word_1_440' title='bbox 1201 4481 1534 4539; x_wconf 87' lang='lat' dir='ltr'><strong>cancellarius&#39;tantum</strong></span> <span class='ocrx_word' id='word_1_441' title='bbox 1554 4483 1743 4540; x_wconf 76' lang='lat' dir='ltr'><strong>carnotensis</strong></span> <span class='ocrx_word' id='word_1_442' title='bbox 1768 4483 1909 4541; x_wconf 77' lang='lat' dir='ltr'><strong>Ecclesiae</strong></span> 
     </span>
     <span class='ocr_line' id='line_1_40' title="bbox 193 4569 1909 4644; baseline 0.001 -16"><span class='ocrx_word' id='word_1_443' title='bbox 193 4573 321 4644; x_wconf 68' lang='lat' dir='ltr'><strong>muter</strong></span> <span class='ocrx_word' id='word_1_444' title='bbox 335 4569 527 4644; x_wconf 86' lang='lat' dir='ltr'><strong>conqueritur</strong></span> <span class='ocrx_word' id='word_1_445' title='bbox 542 4569 579 4626; x_wconf 91' lang='lat' dir='ltr'><strong>de</strong></span> <span class='ocrx_word' id='word_1_446' title='bbox 605 4569 734 4627; x_wconf 86' lang='lat' dir='ltr'><strong>Rodulfo</strong></span> <span class='ocrx_word' id='word_1_447' title='bbox 764 4571 881 4641; x_wconf 89' lang='lat' dir='ltr'><strong>comite,</strong></span> <span class='ocrx_word' id='word_1_448' title='bbox 907 4573 1021 4643; x_wconf 90' lang='lat' dir='ltr'><strong>jurium</strong></span> <span class='ocrx_word' id='word_1_449' title='bbox 1075 4571 1171 4628; x_wconf 87' lang='lat' dir='ltr'><strong>fuerit.</strong></span> <span class='ocrx_word' id='word_1_450' title='bbox 1185 4575 1275 4628; x_wconf 88' lang='lat' dir='ltr'><strong>Porro</strong></span> <span class='ocrx_word' id='word_1_451' title='bbox 1300 4587 1370 4629; x_wconf 92' lang='lat' dir='ltr'><strong>cum</strong></span> <span class='ocrx_word' id='word_1_452' title='bbox 1386 4585 1467 4629; x_wconf 90' lang='lat' dir='ltr'><strong>anno</strong></span> <span class='ocrx_word' id='word_1_453' title='bbox 1482 4575 1549 4629; x_wconf 73' lang='lat'>1020</span> <span class='ocrx_word' id='word_1_454' title='bbox 1564 4573 1636 4629; x_wconf 90' lang='lat' dir='ltr'><strong>urbs</strong></span> <span class='ocrx_word' id='word_1_455' title='bbox 1652 4578 1681 4630; x_wconf 88' lang='lat' dir='ltr'><strong>et</strong></span> <span class='ocrx_word' id='word_1_456' title='bbox 1694 4573 1817 4632; x_wconf 83' lang='lat' dir='ltr'><strong>basilica</strong></span> <span class='ocrx_word' id='word_1_457' title='bbox 1831 4589 1909 4630; x_wconf 90' lang='lat' dir='ltr'><strong>con-</strong></span> 
     </span>
     <span class='ocr_line' id='line_1_41' title="bbox 192 4659 1910 4735; baseline 0 -15"><span class='ocrx_word' id='word_1_458' title='bbox 192 4662 327 4720; x_wconf 76' lang='lat' dir='ltr'><strong>Ecclesiae</strong></span> <span class='ocrx_word' id='word_1_459' title='bbox 338 4677 399 4718; x_wconf 79' lang='lat' dir='ltr'><strong>suae</strong></span> <span class='ocrx_word' id='word_1_460' title='bbox 415 4659 1022 4735; x_wconf 77' lang='lat' dir='ltr'><strong>pervasoresacrilego,auxiliumaposto·</strong></span> <span class='ocrx_word' id='word_1_461' title='bbox 1074 4660 1262 4733; x_wconf 83' lang='lat' dir='ltr'><strong>flagrassent,</strong></span> <span class='ocrx_word' id='word_1_462' title='bbox 1290 4661 1488 4719; x_wconf 85' lang='lat' dir='ltr'><strong>fundamenta</strong></span> <span class='ocrx_word' id='word_1_463' title='bbox 1517 4661 1647 4719; x_wconf 83' lang='lat' dir='ltr'><strong>ecclesiae</strong></span> <span class='ocrx_word' id='word_1_464' title='bbox 1673 4661 1723 4720; x_wconf 85' lang='lat' dir='ltr'><strong>tlei</strong></span> <span class='ocrx_word' id='word_1_465' title='bbox 1751 4662 1910 4721; x_wconf 80' lang='lat' dir='ltr'><strong>Gcmtn&#39;cis</strong></span> 
     </span>
     <span class='ocr_line' id='line_1_42' title="bbox 190 4748 1909 4826; baseline -0.002 -14"><span class='ocrx_word' id='word_1_466' title='bbox 190 4754 282 4812; x_wconf 91' lang='lat' dir='ltr'><strong>licum</strong></span> <span class='ocrx_word' id='word_1_467' title='bbox 294 4751 614 4826; x_wconf 75' lang='lat' dir='ltr'><strong>imploranszrscqae,</strong></span> <span class='ocrx_word' id='word_1_468' title='bbox 623 4749 728 4823; x_wconf 89' lang='lat' dir='ltr'><strong>inquit,</strong></span> <span class='ocrx_word' id='word_1_469' title='bbox 738 4751 901 4808; x_wconf 75' lang='lat' dir='ltr'><strong>Eutherius</strong></span> <span class='ocrx_word' id='word_1_470' title='bbox 908 4757 937 4808; x_wconf 88' lang='lat' dir='ltr'><strong>et</strong></span> <span class='ocrx_word' id='word_1_471' title='bbox 945 4767 1022 4821; x_wconf 76' lang='lat' dir='ltr'><strong>pre·</strong></span> <span class='ocrx_word' id='word_1_472' title='bbox 1075 4749 1320 4821; x_wconf 71' lang='lat' dir='ltr'><strong>uubanusjcctc</strong></span> <span class='ocrx_word' id='word_1_473' title='bbox 1344 4749 1543 4824; x_wconf 89' lang='lat' dir='ltr'><strong>eamdemque</strong></span> <span class='ocrx_word' id='word_1_474' title='bbox 1565 4749 1642 4806; x_wconf 89' lang='lat' dir='ltr'><strong>miro</strong></span> <span class='ocrx_word' id='word_1_475' title='bbox 1656 4748 1776 4823; x_wconf 92' lang='lat' dir='ltr'><strong>lapideo</strong></span> <span class='ocrx_word' id='word_1_476' title='bbox 1791 4750 1909 4809; x_wconf 85' lang='lat' dir='ltr'><strong>iornicc</strong></span> 
     </span>
     <span class='ocr_line' id='line_1_43' title="bbox 191 4838 1908 4916; baseline -0.001 -16"><span class='ocrx_word' id='word_1_477' title='bbox 191 4843 283 4900; x_wconf 81' lang='lat' dir='ltr'><strong>clarae</strong></span> <span class='ocrx_word' id='word_1_478' title='bbox 303 4841 446 4898; x_wconf 72' lang='lat' dir='ltr'><strong>Ecclesiae</strong></span> <span class='ocrx_word' id='word_1_479' title='bbox 459 4839 592 4909; x_wconf 82' lang='lat' dir='ltr'><strong>pusitius</strong></span> <span class='ocrx_word' id='word_1_480' title='bbox 611 4839 774 4908; x_wconf 78' lang='lat' dir='ltr'><strong>episcopus.</strong></span> <span class='ocrx_word' id='word_1_481' title='bbox 796 4839 1019 4912; x_wconf 88' lang='lat' dir='ltr'><strong>Episcopatum,</strong></span> <span class='ocrx_word' id='word_1_482' title='bbox 1074 4843 1102 4896; x_wconf 90' lang='lat' dir='ltr'><strong>et</strong></span> <span class='ocrx_word' id='word_1_483' title='bbox 1117 4838 1253 4896; x_wconf 88' lang='lat' dir='ltr'><strong>tabulatu</strong></span> <span class='ocrx_word' id='word_1_484' title='bbox 1272 4839 1412 4912; x_wconf 85' lang='lat' dir='ltr'><strong>perfecit;</strong></span> <span class='ocrx_word' id='word_1_485' title='bbox 1442 4855 1503 4912; x_wconf 92' lang='lat' dir='ltr'><strong>quo</strong></span> <span class='ocrx_word' id='word_1_486' title='bbox 1527 4839 1650 4912; x_wconf 89' lang='lat' dir='ltr'><strong>quidem</strong></span> <span class='ocrx_word' id='word_1_487' title='bbox 1677 4839 1785 4910; x_wconf 81' lang='lat' dir='ltr'><strong>insigni</strong></span> <span class='ocrx_word' id='word_1_488' title='bbox 1812 4855 1908 4916; x_wconf 87' lang='lat' dir='ltr'><strong>opere</strong></span> 
     </span>
     <span class='ocr_line' id='line_1_44' title="bbox 190 4927 1910 5004; baseline -0.001 -15"><span class='ocrx_word' id='word_1_489' title='bbox 190 4937 223 4990; x_wconf 88' lang='lat' dir='ltr'><strong>ut</strong></span> <span class='ocrx_word' id='word_1_490' title='bbox 235 4929 482 4999; x_wconf 69' lang='lat' dir='ltr'><strong>diximuslavore</strong></span> <span class='ocrx_word' id='word_1_491' title='bbox 495 4928 613 4985; x_wconf 80' lang='lat' dir='ltr'><strong>Roberti</strong></span> <span class='ocrx_word' id='word_1_492' title='bbox 622 4927 799 4999; x_wconf 79' lang='lat' dir='ltr'><strong>regis,cujus</strong></span> <span class='ocrx_word' id='word_1_493' title='bbox 810 4931 1020 5001; x_wconf 90' lang='lat' dir='ltr'><strong>partescontra</strong></span> <span class='ocrx_word' id='word_1_494' title='bbox 1073 4927 1259 5003; x_wconf 76' lang='lat' dir='ltr'><strong>praecipuam</strong></span> <span class='ocrx_word' id='word_1_495' title='bbox 1274 4928 1354 5002; x_wconf 88' lang='lat' dir='ltr'><strong>apud</strong></span> <span class='ocrx_word' id='word_1_496' title='bbox 1370 4931 1506 5002; x_wconf 88' lang='lat' dir='ltr'><strong>posteros</strong></span> <span class='ocrx_word' id='word_1_497' title='bbox 1519 4929 1650 4986; x_wconf 90' lang='lat' dir='ltr'><strong>nominis</strong></span> <span class='ocrx_word' id='word_1_498' title='bbox 1666 4929 1713 4984; x_wconf 90' lang='lat' dir='ltr'><strong>sui</strong></span> <span class='ocrx_word' id='word_1_499' title='bbox 1723 4930 1910 5004; x_wconf 79' lang='lat' dir='ltr'><strong>propagarit</strong></span> 
     </span>
     <span class='ocr_line' id='line_1_45' title="bbox 190 5015 1911 5092; baseline -0.001 -14"><span class='ocrx_word' id='word_1_500' title='bbox 190 5019 536 5090; x_wconf 79' lang='lat' dir='ltr'><strong>constantiamreginam</strong></span> <span class='ocrx_word' id='word_1_501' title='bbox 545 5017 809 5090; x_wconf 64' lang='lat' dir='ltr'><strong>nanarscctatus</strong></span> <span class='ocrx_word' id='word_1_502' title='bbox 818 5018 1019 5092; x_wconf 88' lang='lat' dir='ltr'><strong>est,adeptum</strong></span> <span class='ocrx_word' id='word_1_503' title='bbox 1073 5017 1198 5090; x_wconf 86' lang='lat' dir='ltr'><strong>famam,</strong></span> <span class='ocrx_word' id='word_1_504' title='bbox 1205 5017 1348 5091; x_wconf 87' lang='lat' dir='ltr'><strong>pecunias</strong></span> <span class='ocrx_word' id='word_1_505' title='bbox 1356 5015 1565 5091; x_wconf 86' lang='lat' dir='ltr'><strong>suppeditante</strong></span> <span class='ocrx_word' id='word_1_506' title='bbox 1577 5017 1725 5092; x_wconf 84' lang='lat' dir='ltr'><strong>imprimis</strong></span> <span class='ocrx_word' id='word_1_507' title='bbox 1738 5018 1911 5089; x_wconf 76' lang='lat' dir='ltr'><strong>anglorum</strong></span> 
     </span>
    </p>
   </div>
   <div class='ocr_carea' id='block_1_12' title="bbox 188 5104 1915 5629">
    <p class='ocr_par' dir='ltr' id='par_1_13' title="bbox 188 5104 1915 5629">
     <span class='ocr_line' id='line_1_46' title="bbox 190 5104 1909 5186; baseline -0.002 -19"><span class='ocrx_word' id='word_1_508' title='bbox 190 5110 280 5168; x_wconf 88' lang='lat' dir='ltr'><strong>tuisse</strong></span> <span class='ocrx_word' id='word_1_509' title='bbox 294 5113 419 5186; x_wconf 89' lang='lat' dir='ltr'><strong>apparet</strong></span> <span class='ocrx_word' id='word_1_510' title='bbox 429 5127 466 5167; x_wconf 83' lang='lat' dir='ltr'><strong>ex</strong></span> <span class='ocrx_word' id='word_1_511' title='bbox 480 5108 607 5185; x_wconf 89' lang='lat' dir='ltr'><strong>epistola</strong></span> <span class='ocrx_word' id='word_1_512' title='bbox 622 5109 661 5166; x_wconf 88' lang='lat' dir='ltr'><strong>ad</strong></span> <span class='ocrx_word' id='word_1_513' title='bbox 671 5107 823 5181; x_wconf 89' lang='lat' dir='ltr'><strong>eumdem,</strong></span> <span class='ocrx_word' id='word_1_514' title='bbox 836 5125 898 5182; x_wconf 88' lang='lat' dir='ltr'><strong>qua</strong></span> <span class='ocrx_word' id='word_1_515' title='bbox 918 5109 955 5166; x_wconf 93' lang='lat' dir='ltr'><strong>de</strong></span> <span class='ocrx_word' id='word_1_516' title='bbox 966 5111 1019 5166; x_wconf 90' lang='lat' dir='ltr'><strong>Go-</strong></span> <span class='ocrx_word' id='word_1_517' title='bbox 1073 5120 1151 5177; x_wconf 76' lang='lat' dir='ltr'><strong>rege.</strong></span> <span class='ocrx_word' id='word_1_518' title='bbox 1169 5109 1229 5162; x_wconf 83' lang='lat' dir='ltr'><strong>licc</strong></span> <span class='ocrx_word' id='word_1_519' title='bbox 1239 5105 1383 5163; x_wconf 89' lang='lat' dir='ltr'><strong>discimus</strong></span> <span class='ocrx_word' id='word_1_520' title='bbox 1402 5121 1439 5162; x_wconf 85' lang='lat' dir='ltr'><strong>cx</strong></span> <span class='ocrx_word' id='word_1_521' title='bbox 1461 5104 1612 5163; x_wconf 91' lang='lat' dir='ltr'><strong>Willelmo</strong></span> <span class='ocrx_word' id='word_1_522' title='bbox 1638 5105 1909 5176; x_wconf 82' lang='lat' dir='ltr'><strong>ltalmesburiensi,</strong></span> 
     </span>
     <span class='ocr_line' id='line_1_47' title="bbox 190 5193 1913 5266; baseline -0.002 -8"><span class='ocrx_word' id='word_1_523' title='bbox 190 5201 297 5258; x_wconf 85' lang='lat' dir='ltr'><strong>detridi</strong></span> <span class='ocrx_word' id='word_1_524' title='bbox 308 5199 490 5257; x_wconf 83' lang='lat' dir='ltr'><strong>vicecomitis</strong></span> <span class='ocrx_word' id='word_1_525' title='bbox 501 5199 639 5257; x_wconf 83' lang='lat' dir='ltr'><strong>violentia</strong></span> <span class='ocrx_word' id='word_1_526' title='bbox 651 5197 796 5255; x_wconf 81' lang='lat' dir='ltr'><strong>adversus</strong></span> <span class='ocrx_word' id='word_1_527' title='bbox 807 5201 1019 5256; x_wconf 84' lang='lat' dir='ltr'><strong>carnotensem</strong></span> <span class='ocrx_word' id='word_1_528' title='bbox 1072 5195 1114 5252; x_wconf 90' lang='lat' dir='ltr'><strong>lib</strong></span> <span class='ocrx_word' id='word_1_529' title='bbox 1126 5211 1145 5250; x_wconf 92' lang='lat' dir='ltr'><strong>n</strong></span> <span class='ocrx_word' id='word_1_530' title='bbox 1160 5197 1200 5252; x_wconf 87' lang='lat' dir='ltr'><strong>lle</strong></span> <span class='ocrx_word' id='word_1_531' title='bbox 1215 5195 1306 5266; x_wconf 80' lang='lat' dir='ltr'><strong>gestis</strong></span> <span class='ocrx_word' id='word_1_532' title='bbox 1318 5193 1492 5266; x_wconf 76' lang='lat' dir='ltr'><strong>anglorum,</strong></span> <span class='ocrx_word' id='word_1_533' title='bbox 1509 5195 1555 5252; x_wconf 89' lang='lat' dir='ltr'><strong>his</strong></span> <span class='ocrx_word' id='word_1_534' title='bbox 1573 5194 1670 5252; x_wconf 81' lang='lat' dir='ltr'><strong>verbis</strong></span> <span class='ocrx_word' id='word_1_535' title='bbox 1686 5215 1693 5254; x_wconf 91' lang='lat'><strong>:</strong></span> <span class='ocrx_word' id='word_1_536' title='bbox 1717 5216 1732 5252; x_wconf 72' lang='grc' dir='ltr'><strong><em>ι</em></strong></span> <span class='ocrx_word' id='word_1_537' title='bbox 1749 5197 1810 5254; x_wconf 86' lang='lat' dir='ltr'><strong>liex</strong></span> <span class='ocrx_word' id='word_1_538' title='bbox 1824 5197 1913 5254; x_wconf 89' lang='lat' dir='ltr'><strong>Cnu·</strong></span> 
     </span>
     <span class='ocr_line' id='line_1_48' title="bbox 191 5283 1915 5376; baseline -0.002 -29"><span class='ocrx_word' id='word_1_539' title='bbox 191 5289 352 5347; x_wconf 87' lang='lat' dir='ltr'><strong>Ecclesiam</strong></span> <span class='ocrx_word' id='word_1_540' title='bbox 363 5289 406 5345; x_wconf 86' lang='lat' dir='ltr'><strong>sic</strong></span> <span class='ocrx_word' id='word_1_541' title='bbox 420 5293 602 5362; x_wconf 87' lang='lat' dir='ltr'><strong>conquestus</strong></span> <span class='ocrx_word' id='word_1_542' title='bbox 616 5293 661 5345; x_wconf 89' lang='lat' dir='ltr'><strong>cst</strong></span> <span class='ocrx_word' id='word_1_543' title='bbox 676 5307 682 5345; x_wconf 90' lang='lat'>:</span> <span class='ocrx_word' id='word_1_544' title='bbox 699 5287 865 5345; x_wconf 83' lang='lat' dir='ltr'><strong>«Pietatem</strong></span> <span class='ocrx_word' id='word_1_545' title='bbox 884 5293 1015 5346; x_wconf 84' lang='lat' dir='ltr'><strong>vestram</strong></span> <span class='ocrx_word' id='word_1_546' title='bbox 1037 5290 1102 5376; x_wconf 72' lang='lat' dir='ltr'><strong>Dte</strong></span> <span class='ocrx_word' id='word_1_547' title='bbox 1117 5284 1156 5342; x_wconf 90' lang='lat' dir='ltr'><strong>ad</strong></span> <span class='ocrx_word' id='word_1_548' title='bbox 1167 5285 1382 5343; x_wconf 89' lang='lat' dir='ltr'><strong>transmarinas</strong></span> <span class='ocrx_word' id='word_1_549' title='bbox 1398 5283 1544 5342; x_wconf 80' lang='lat' dir='ltr'><strong>Ecclesiae</strong></span> <span class='ocrx_word' id='word_1_550' title='bbox 1552 5286 1695 5359; x_wconf 89' lang='lat' dir='ltr'><strong>pecunias</strong></span> <span class='ocrx_word' id='word_1_551' title='bbox 1706 5285 1915 5356; x_wconf 87' lang='lat' dir='ltr'><strong>mittens,ma-</strong></span> 
     </span>
     <span class='ocr_line' id='line_1_49' title="bbox 190 5373 1914 5452; baseline -0.002 -15"><span class='ocrx_word' id='word_1_552' title='bbox 190 5395 260 5437; x_wconf 89' lang='lat' dir='ltr'><strong>cum</strong></span> <span class='ocrx_word' id='word_1_553' title='bbox 275 5384 339 5437; x_wconf 91' lang='lat' dir='ltr'><strong>tum</strong></span> <span class='ocrx_word' id='word_1_554' title='bbox 353 5377 425 5435; x_wconf 89' lang='lat' dir='ltr'><strong>fletu</strong></span> <span class='ocrx_word' id='word_1_555' title='bbox 439 5377 537 5434; x_wconf 85' lang='lat' dir='ltr'><strong>cordis</strong></span> <span class='ocrx_word' id='word_1_556' title='bbox 556 5383 584 5434; x_wconf 89' lang='lat' dir='ltr'><strong>ct</strong></span> <span class='ocrx_word' id='word_1_557' title='bbox 599 5379 707 5435; x_wconf 90' lang='lat' dir='ltr'><strong>mentis</strong></span> <span class='ocrx_word' id='word_1_558' title='bbox 718 5393 817 5450; x_wconf 81' lang='lat' dir='ltr'><strong>genua</strong></span> <span class='ocrx_word' id='word_1_559' title='bbox 832 5377 901 5435; x_wconf 87' lang='lat' dir='ltr'><strong>ilexi</strong></span> <span class='ocrx_word' id='word_1_560' title='bbox 915 5393 1018 5452; x_wconf 89' lang='lat' dir='ltr'><strong>preca·</strong></span> <span class='ocrx_word' id='word_1_561' title='bbox 1071 5374 1151 5432; x_wconf 82' lang='lat' dir='ltr'><strong>xime</strong></span> <span class='ocrx_word' id='word_1_562' title='bbox 1162 5376 1325 5432; x_wconf 80' lang='lat' dir='ltr'><strong>carnotum</strong></span> <span class='ocrx_word' id='word_1_563' title='bbox 1335 5373 1508 5444; x_wconf 88' lang='lat' dir='ltr'><strong>ditavit,ubi</strong></span> <span class='ocrx_word' id='word_1_564' title='bbox 1523 5378 1594 5430; x_wconf 89' lang='lat' dir='ltr'><strong>tunc</strong></span> <span class='ocrx_word' id='word_1_565' title='bbox 1602 5373 1729 5433; x_wconf 86' lang='lat' dir='ltr'><strong>florebat</strong></span> <span class='ocrx_word' id='word_1_566' title='bbox 1742 5374 1914 5434; x_wconf 76' lang='lat' dir='ltr'><strong>Eulbertus</strong></span> 
     </span>
     <span class='ocr_line' id='line_1_50' title="bbox 190 5463 1914 5539; baseline -0.002 -14"><span class='ocrx_word' id='word_1_567' title='bbox 190 5465 606 5537; x_wconf 81' lang='lat' dir='ltr'><strong>mur‚succurritesanctaeoei</strong></span> <span class='ocrx_word' id='word_1_568' title='bbox 617 5465 947 5536; x_wconf 81' lang='lat' dir='ltr'><strong>GenitrisEcclesiae,cui</strong></span> <span class='ocrx_word' id='word_1_569' title='bbox 957 5481 1014 5522; x_wconf 91' lang='lat' dir='ltr'><strong>nos</strong></span> <span class='ocrx_word' id='word_1_570' title='bbox 1071 5465 1241 5539; x_wconf 75' lang='lat' dir='ltr'><strong>episcopm,</strong></span> <span class='ocrx_word' id='word_1_571' title='bbox 1257 5464 1289 5521; x_wconf 91' lang='lat' dir='ltr'><strong>in</strong></span> <span class='ocrx_word' id='word_1_572' title='bbox 1308 5463 1461 5521; x_wconf 90' lang='lat' dir='ltr'><strong>sanctitate</strong></span> <span class='ocrx_word' id='word_1_573' title='bbox 1474 5467 1503 5521; x_wconf 92' lang='lat' dir='ltr'><strong>et</strong></span> <span class='ocrx_word' id='word_1_574' title='bbox 1518 5463 1710 5539; x_wconf 88' lang='lat' dir='ltr'><strong>philosophia</strong></span> <span class='ocrx_word' id='word_1_575' title='bbox 1725 5463 1914 5522; x_wconf 81' lang='lat' dir='ltr'><strong>nominatis·-</strong></span> 
     </span>
     <span class='ocr_line' id='line_1_51' title="bbox 188 5553 1912 5629; baseline -0.002 -13"><span class='ocrx_word' id='word_1_576' title='bbox 188 5557 291 5616; x_wconf 86' lang='lat' dir='ltr'><strong>fideles</strong></span> <span class='ocrx_word' id='word_1_577' title='bbox 304 5561 419 5614; x_wconf 87' lang='lat' dir='ltr'><strong>vestros</strong></span> <span class='ocrx_word' id='word_1_578' title='bbox 429 5560 576 5629; x_wconf 90' lang='lat' dir='ltr'><strong>quantum</strong></span> <span class='ocrx_word' id='word_1_579' title='bbox 588 5572 763 5629; x_wconf 89' lang='lat' dir='ltr'><strong>possumus,</strong></span> <span class='ocrx_word' id='word_1_580' title='bbox 783 5555 851 5612; x_wconf 90' lang='lat' dir='ltr'><strong>licet</strong></span> <span class='ocrx_word' id='word_1_581' title='bbox 864 5553 1019 5626; x_wconf 79' lang='lat' dir='ltr'><strong>indignos,</strong></span> <span class='ocrx_word' id='word_1_582' title='bbox 1071 5554 1175 5610; x_wconf 87' lang='lat' dir='ltr'><strong>simus.</strong></span> <span class='ocrx_word' id='word_1_583' title='bbox 1191 5553 1247 5622; x_wconf 83' lang='lat' dir='ltr'><strong>Qui</strong></span> <span class='ocrx_word' id='word_1_584' title='bbox 1255 5555 1331 5610; x_wconf 89' lang='lat' dir='ltr'><strong>inter</strong></span> <span class='ocrx_word' id='word_1_585' title='bbox 1344 5557 1451 5610; x_wconf 88' lang='lat' dir='ltr'><strong>caetera</strong></span> <span class='ocrx_word' id='word_1_586' title='bbox 1462 5553 1615 5610; x_wconf 80' lang='lat' dir='ltr'><strong>industriae</strong></span> <span class='ocrx_word' id='word_1_587' title='bbox 1630 5570 1691 5610; x_wconf 85' lang='lat' dir='ltr'><strong>suae</strong></span> <span class='ocrx_word' id='word_1_588' title='bbox 1707 5555 1912 5629; x_wconf 83' lang='lat' dir='ltr'><strong>documenta,</strong></span> 
     </span>
    </p>
   </div>
   <div class='ocr_carea' id='block_1_13' title="bbox 188 5644 1914 5724">
    <p class='ocr_par' dir='ltr' id='par_1_14' title="bbox 188 5644 1914 5724">
     <span class='ocr_line' id='line_1_52' title="bbox 188 5644 1914 5724; baseline -0.002 -16"><span class='ocrx_word' id='word_1_589' title='bbox 188 5647 472 5724; x_wconf 57' lang='lat' dir='ltr'><strong>praesscvotnnun</strong></span> <span class='ocrx_word' id='word_1_590' title='bbox 486 5660 615 5718; x_wconf 88' lang='lat' dir='ltr'><strong>quorum</strong></span> <span class='ocrx_word' id='word_1_591' title='bbox 625 5663 645 5703; x_wconf 88' lang='lat' dir='ltr'><strong>a</strong></span> <span class='ocrx_word' id='word_1_592' title='bbox 656 5647 741 5705; x_wconf 87' lang='lat' dir='ltr'><strong>robis</strong></span> <span class='ocrx_word' id='word_1_593' title='bbox 747 5645 940 5705; x_wconf 88' lang='lat' dir='ltr'><strong>solummodo</strong></span> <span class='ocrx_word' id='word_1_594' title='bbox 946 5649 1018 5720; x_wconf 89' lang='lat' dir='ltr'><strong>pest</strong></span> <span class='ocrx_word' id='word_1_595' title='bbox 1070 5644 1206 5704; x_wconf 76' lang='lat' dir='ltr'><strong>Ecclesia</strong></span> <span class='ocrx_word' id='word_1_596' title='bbox 1221 5645 1352 5704; x_wconf 76' lang='lat' dir='ltr'><strong>domina</strong></span> <span class='ocrx_word' id='word_1_597' title='bbox 1363 5647 1472 5704; x_wconf 77' lang='lat' dir='ltr'><strong>nostre</strong></span> <span class='ocrx_word' id='word_1_598' title='bbox 1486 5647 1596 5704; x_wconf 78' lang='lat' dir='ltr'><strong>sanctae</strong></span> <span class='ocrx_word' id='word_1_599' title='bbox 1610 5644 1718 5716; x_wconf 71' lang='lat' dir='ltr'><strong>larice,</strong></span> <span class='ocrx_word' id='word_1_600' title='bbox 1733 5645 1819 5719; x_wconf 78' lang='lat' dir='ltr'><strong>cuijus</strong></span> <span class='ocrx_word' id='word_1_601' title='bbox 1834 5645 1914 5704; x_wconf 85' lang='lat' dir='ltr'><strong>iun-</strong></span> 
     </span>
    </p>
   </div>
   <div class='ocr_carea' id='block_1_14' title="bbox 0 0 2026 6184">
    <p class='ocr_par' dir='ltr' id='par_1_15' title="bbox 0 0 2026 6184">
     <span class='ocr_line' id='line_1_53' title="bbox 0 0 2026 6184; baseline 0 0"><span class='ocrx_word' id='word_1_602' title='bbox 0 0 2026 6184; x_wconf 95' lang='lat' dir='ltr'><strong> </strong></span> 
     </span>
    </p>
   </div>
  </div>
 </body>
</html>
