4002 6174
152 163 205 225 see

842 149 1006 219 aunuente
1025 148 1175 216 creetur.
1222 161 1226 170 “

1744 101 1754 112 ’
1814 153 1870 219 ne

153 283 238 350 uitur
265 285 341 348 adeo
364 279 534 363 diaphonia
557 279 691 344 obuncat
716 282 929 360 principatum,
948 283 982 341 ut
999 284 1059 340 00
1085 283 1128 340 00
1148 247 1240 340 (iiie
1259 279 1305 340 00
1326 279 1408 342 000
1430 283 1489 340 00
1526 279 1712 342 0000000

155 373 343 454 apusstmum
356 387 448 452 supra
472 379 595 433 oaecoros
619 373 752 433 obtineat
774 373 885 444 locum,
898 369 982 430 uide·-

154 481 223 526 mus
238 477 256 524 a
271 459 410 538 Gregorio
424 475 487 524 non
498 460 647 524 immerito
655 459 723 540 plus
731 463 844 524 ceteris
858 459 983 522 vocibus

154 551 339 615 adamatum.
361 549 475 612 etenim
489 555 584 614 multa
612 549 760 612 melorum
784 547 943 631 principia,
956 553 985 610 et

152 637 298 720 plurimas
312 639 554 720 repercussiones
566 643 656 715 dedii,
670 641 703 702 ui
717 661 805 719 saepe,
823 644 847 702 si
866 645 903 702 dc
918 637 984 716 eius

153 735 244 788 cantu
259 732 317 790 triti
330 735 361 792 0.
376 731 406 792 ei
416 743 442 791 c.
460 727 664 806 subtrahatur,
682 743 776 808 prope
794 725 985 791 medietatem

153 813 255 877 tulisse
277 815 416 880 ridearis.
443 817 616 898 uiaphoniae
629 826 778 897 praecepta
806 821 877 880 data
904 824 983 891 suut,

153 919 222 984 ques
237 905 274 969 eit
287 907 431 990 exemplis
445 907 565 989 probes,
576 911 705 987 perfecte
720 923 894 985 cognosces.

469 1055 583 1112 nerui
601 1058 667 1112 iiiii.

235 1161 332 1220 Dicte
349 1157 518 1233 moesone
531 1177 590 1234 per
608 1163 746 1233 exempto
764 1161 911 1233 proiecto.

190 1261 281 1338 Igitur
295 1277 313 1324 0
327 1261 395 1325 trito
410 1251 482 1325 ncn'
491 1261 672 1342 deponimus
687 1279 847 1340 organum,
870 1267 933 1325 sive
953 1265 985 1324 iu

154 1365 201 1428 οο,
218 1349 324 1415 sivein
339 1353 533 1433 sequentihus
547 1353 678 1429 iiniatur,
693 1353 752 1414 hoc
764 1355 856 1415 modo
873 1376 879 1415 :

365 1467 778 1526 FFGGFFDEFEDG

373 1531 776 1950 ''tt

359 1533 602 1950 uti

156 1999 229 2055 0000
242 1989 310 2056 iinis
326 1999 524 2057 distinctionis
538 1999 569 2056 in
582 1999 649 2057 trito
663 2001 693 2058 C.
709 2016 728 2058 a
742 2015 803 2073 quo
818 2016 880 2057 non
894 1991 986 2074 depo·

155 2083 256 2144 nimus
267 2103 427 2159 organum,
444 2087 590 2164 quianon
604 2087 696 2148 habet
710 2081 767 2146 sub
782 2105 813 2146 se
823 2091 928 2146 tonum
938 2079 986 2146 vei

155 2175 303 2247 ditonum,
319 2177 430 2252 quibus
444 2179 477 2236 tit
491 2194 645 2249 occursus,
660 2177 714 2236 sed
727 2177 819 2236 habet
833 2171 986 2236 semidito-

155 2281 241 2339 num,
256 2282 311 2342 per
323 2284 416 2342 quem
427 2285 489 2327 non
502 2267 536 2326 fit
547 2284 700 2326 occursus.

440 2378 699 2436 0000000

422 2465 554 2524 eervofi
608 2465 706 2524 dem

440 2557 701 2614 0000000

156 2663 230 2719 0000
241 2661 300 2720 elic
314 2661 463 2722 distinctio
476 2661 508 2721 in
522 2663 590 2722 trito
605 2666 634 2721 0.
649 2663 681 2720 in
699 2675 761 2738 quo
781 2665 811 2720 et
830 2662 945 2737 quartis
969 2679 988 2720 0

156 2761 188 2806 ee
201 2751 325 2809 uocibus
340 2767 395 2827 por
412 2753 598 2811 diatessaron
625 2752 849 2826 subsequimur,
873 2757 903 2810 et
924 2751 987 2810 dia»

155 2841 291 2898 ucenae
306 2843 464 2899 succentus
477 2840 641 2916 plusquam
654 2854 798 2899 occursus
811 2841 910 2916 piacet
923 2859 930 2898 r

464 2945 684 3007 0000000

458 3035 684 3112 immmm

462 3123 683 3185 0000000

156 3207 230 3272 uoce
244 3205 303 3273 000
317 3209 456 3289 eiusdem
471 3213 555 3273 mcci
569 3213 627 3273 triti
641 3212 672 3273 in
688 3215 717 3273 0.

369 3299 572 3363 000000
599 3300 778 3362 00000

361 3387 402 3448 00
412 3389 483 3450 voti
495 3407 514 3449 o
528 3401 568 3449 ne
597 3402 665 3449 com
679 3387 734 3450 mit
748 3391 788 3449 to.

370 3475 570 3538 ceuceu
599 3479 778 3539 00000

155 3559 230 3620 icccc
241 3563 300 3622 altu
320 3561 471 3624 distinctio
482 3565 514 3623 in
529 3565 616 3641 proto
629 3569 661 3625 0.
687 3567 719 3624 in
733 3575 795 3641 qua
818 3569 847 3625 et
861 3568 924 3626 toni
936 3577 987 3627 oe-

155 3649 529 3728 mmuoadssnemputct.

380 3739 443 3802 cn
480 3741 541 3803 00
568 3743 589 3802 0
620 3741 765 3802 0000

151 3897 155 3900 ,
245 3833 316 3891 item
333 3831 449 3892 tiiomo
462 3835 526 3893 erat
539 3827 570 3893 in
585 3831 778 3908 thoracatum,
795 3835 919 3895 entitas

380 3919 441 3982 00
477 3920 582 3983 000
616 3919 759 3983 0000

490 4011 655 4072 00000

471 4097 663 4161 Hierusalem.

485 4187 659 4249 00000

157 4291 231 4352 eece
245 4287 435 4354 distinction
450 4287 574 4355 deutero
589 4293 620 4354 0.
637 4295 668 4354 in
682 4305 744 4372 qua
758 4295 788 4355 et
801 4287 863 4356 toni
881 4305 987 4357 occur·
1045 4327 1123 4384 vpffl,

158 4399 209 4441 aus
222 4377 261 4442 00
275 4383 367 4442 finem
382 4389 472 4460 patet.

256 4469 963 4536 CFF'DF‘CDDC‘DFFGED'

241 4561 313 4624 Veni
325 4561 366 4624 ad
380 4565 553 4624 docendum
566 4581 621 4624 vos
636 4565 718 4624 uiam
730 4563 907 4640 prudentia.

259 4651 880 4716 CCCCCGGACOGCCCD

157 4737 310 4803 bisiinctio
322 4737 355 4804 in
368 4750 455 4820 proto
470 4749 503 4803 A.
527 4737 628 4803 niae
650 4739 839 4803 distinctione
860 4745 891 4802 in
914 4737 988 4804 iaie-

155 4829 310 4894 riorctrito
326 4837 357 4910 C,
370 4831 423 4911 qui
435 4833 488 4892 tini
502 4827 638 4909 proxime
650 4829 755 4892 subest
781 4832 813 4908 0,
835 4841 924 4892 voces
936 4835 988 4893 00-

155 4919 255 4982 missae
271 4923 352 4994 aunt,
364 4923 393 4984 et
405 4921 490 4982 locus
504 4919 586 4998 prior
597 4915 681 4980 finita
693 4915 835 4994 gravitate
845 4918 987 4996 repetitus

155 5011 212 5083 est,
224 5007 277 5070 ubi
290 5009 422 5071 diximus
437 5007 517 5073 00000
528 5007 709 5084 prudentie.
737 5005 770 5068 et
784 5011 815 5068 in
830 5011 888 5070 hac
903 5010 986 5070 simi·

156 5183 341 5248 renerus
372 5185 429 5248 00
465 5187 521 5250 ati
576 5183 680 5248 000
713 5181 897 5248 00000000

156 5273 248 5336 Sexta
262 5271 339 5335 hora
357 5269 433 5336 sedit
447 5295 536 5353 snper
555 5277 689 5354 puteum.

156 5359 438 5426 0003000000
475 5363 534 5425 00
589 5363 691 5428 CCC
726 5361 900 5427 00000000

155 5453 229 5516 Ecce
243 5457 277 5514 ut
290 5455 426 5515 ascendit
439 5469 600 5531 organum,
608 5469 645 5517 ne
661 5453 692 5517 in
707 5457 812 5517 010000
826 5451 988 5517 distinctio

154 5565 193 5610 ne
206 5547 372 5608 succineret
386 5562 505 5608 mvens.

190 5657 248 5738 (tt)
267 5659 343 5734 Lege
357 5661 387 5727 et
398 5655 436 5717 0.
452 5659 552 5718 teneat
570 5645 651 5721 001.

1037 373 1124 428 sente
1154 368 1230 429 hora
1261 369 1364 429 sedit
1395 381 1485 446 super
1520 375 1655 447 puteum.

1035 459 1080 515 00
1098 457 1164 516 000
1183 457 1270 519 0000
1289 463 1330 519 00
1350 461 1391 519 00
1411 460 1500 518 000
1538 453 1733 519 00000000

1036 549 1109 607 0000
1122 549 1289 625 quomodo,
1304 545 1477 609 admittente
1497 549 1618 607 cantore
1643 550 1796 621 graviores
1814 563 1870 611 vo⁴

1037 657 1095 711 ces,
1110 653 1259 712 organum
1275 649 1457 714 suspensum
1473 641 1609 698 tenemus
1619 639 1650 696 in
1665 641 1741 698 trito.

1157 723 1349 788 cedde
1387 729 1749 788 eencacnuu

1143 819 1240 877 Victor
1255 817 1391 876 ascendit
1406 818 1498 876 ooeloe
1513 816 1593 876 unde
1607 817 1778 879 descendet.

1145 909 1245 966 000
1278 908 1378 966 000
1416 905 1479 966 Gt}
1523 907 1586 966 00
1629 907 1755 966 0000

1038 1001 1111 1056 0000
1126 997 1159 1056 ut
1171 997 1210 1055 00
1224 999 1256 1056 G.
1268 997 1374 1056 etam
1389 995 1448 1055 fine
1462 995 1656 1071 subsequitur
1677 998 1709 1056 0.
1734 997 1816 1057 idem
1837 1000 1871 1058 iu

1036 1081 1149 1162 plagali
1163 1088 1228 1145 trito
1243 1087 1377 1145 inuenies
1385 1088 1576 1161 usurpatum,
1589 1089 1621 1144 ut
1635 1083 1740 1145 edCet
1753 1087 1774 1146 d
1787 1074 1874 1180 0οη

1038 1175 1251 1252 subsequatur,
1277 1175 1354 1234 sieut
1374 1175 1414 1234 ad
1437 1180 1458 1234 G
1474 1181 1503 1234 et
1517 1175 1557 1234 ad
1571 1187 1590 1233 a
1604 1177 1738 1250 sequitu
1765 1174 1797 1237 0.
1811 1179 1873 1238 hoc

1038 1267 1155 1326 modo:

1270 1353 1379 1414 eod
1433 1351 1471 1413 de
1503 1353 1563 1412 dod
1581 1353 1637 1412 de

1251 1443 1290 1504 00
1310 1441 1388 1504 nite
1424 1445 1470 1503 Ad
1502 1453 1650 1502 oremus.

1264 1543 1281 1592 c
1309 1546 1325 1592 o
1355 1548 1372 1592 c
1427 1541 1471 1591 cc
1490 1546 1523 1592 co
1537 1519 1633 1618 buo

1360 1619 1477 1682 00000
1496 1625 1549 1682 xx.

1039 1729 1189 1800 Quomodo
1203 1725 1318 1788 musica
1333 1745 1371 1788 00
1382 1727 1561 1788 malleorum
1570 1723 1668 1787 00000
1683 1721 1722 1786 sii
1736 1725 1872 1789 tuucuiu.

1075 1816 1115 1878 ue
1127 1817 1249 1892 origines
1262 1825 1363 1878 autem
1376 1816 1500 1878 musice
1514 1815 1595 1889 ariis,
1611 1819 1683 1896 quia
1705 1819 1814 1877 rudem
1829 1820 1873 1878 ie·

1039 1907 1153 1967 ctorem
1164 1901 1305 1980 vidimus,
1322 1905 1354 1966 in
1368 1901 1473 1983 primis
1498 1909 1658 1980 tacuimus,
1685 1917 1780 1983 quam
1805 1910 1873 1983 jam

1040 1991 1209 2069 exercitato,
1222 1996 1381 2073 magisque
1394 1989 1496 2056 scienti
1511 1999 1680 2057 tribuimus.
1695 1991 1784 2057 drani
1798 1997 1875 2058 anii-

1040 2091 1142 2164 quitus
1154 2089 1353 2147 instrumenta
1367 2081 1491 2160 incerta,
1505 2091 1533 2146 ei
1552 2085 1724 2146 canentium
1738 2086 1875 2148 multitu-

1040 2180 1091 2251 do,
1108 2180 1161 2236 sed
1175 2196 1255 2236 caeca
1270 2197 1277 2236 :
1294 2176 1394 2236 nullus
1407 2179 1487 2236 enim
1501 2179 1660 2236 hominum
1681 2195 1791 2236 vocum
1813 2180 1875 2236 dit-

1040 2263 1180 2326 terentias
1194 2261 1423 2343 etsymphonrae
1447 2265 1657 2327 discretionem
1681 2271 1796 2343 poterat
1817 2269 1875 2326 ali-

1040 2375 1101 2435 qua
1117 2349 1374 2430 argumentatione
1388 2351 1526 2430 colligere
1550 2376 1556 2414 :
1584 2373 1683 2433 neque
1697 2361 1803 2432 posset
1816 2375 1876 2416 un·

1040 2465 1135 2522 quam
1149 2447 1263 2506 certum
1278 2441 1392 2522 aliquid
1406 2439 1444 2505 de
1455 2448 1513 2506 hac
1533 2451 1595 2506 arte
1609 2447 1875 2520 cognosceremur

1040 2537 1163 2596 tandem
1177 2527 1296 2595 bonitas
1310 2531 1423 2608 divina,
1441 2527 1524 2611 quod
1548 2531 1693 2613 sequitur,
1715 2553 1771 2596 suo
1797 2538 1875 2596 nutu

1040 2625 1221 2700 disponeret.

1077 2720 1151 2774 Cum
1172 2715 1356 2789 Pythagoras
1382 2707 1509 2790 quidam
1523 2723 1655 2786 magnus
1670 2712 1875 2791 philosophus

1040 2795 1113 2860 iorte
1128 2800 1182 2861 iter
1194 2809 1304 2876 ageret,
1320 2811 1441 2862 ventum
1456 2805 1500 2861 est
1522 2804 1562 2862 ad
1588 2798 1745 2872 fabricam,
1766 2805 1797 2860 in
1811 2815 1876 2879 qua

1041 2908 1131 2966 super
1144 2908 1238 2950 unam
1254 2885 1395 2950 incudem
1419 2892 1554 2966 quinque
1578 2888 1679 2950 mailei
1702 2893 1874 2951 tenebant:

1004 2993 1025 3054 c
1040 2998 1171 3056 quorum
1187 2993 1312 3040 suavem
1325 2981 1519 3040 concordiam
1531 2981 1657 3040 miratus
1670 2980 1874 3058 philosophus

1040 3068 1173 3140 accessit,
1188 3065 1380 3146 primumque
1394 3073 1425 3129 in
1437 3086 1585 3130 manuum
1594 3070 1736 3132 varietate
1747 3089 1875 3148 sperans

1040 3158 1103 3216 vim
1116 3158 1182 3217 soni
1196 3177 1231 3220 ac
1251 3158 1465 3221 modulationis
1488 3161 1625 3232 existere,
1651 3163 1778 3222 mutavit
1800 3157 1876 3221 mai-

930 3275 933 3280 *
1040 3245 1102 3307 lcos
1117 3269 1124 3320 ;
1139 3268 1201 3325 quo
1215 3243 1294 3309 iacto
1311 3269 1366 3310 sua
1376 3253 1421 3310 vis
1433 3270 1587 3327 quemque
1601 3258 1703 3313 secuta
1713 3253 1768 3311 est.
1796 3245 1874 3312 Sub-

1041 3342 1134 3398 traeto
1157 3336 1269 3416 itaque,
1294 3343 1346 3416 qui
1369 3337 1512 3400 dissonus
1533 3341 1596 3400 erat
1620 3359 1638 3400 a
1659 3343 1782 3415 cetenis,
1797 3343 1875 3400 aiios

1040 3427 1227 3504 ponderavit,
1240 3432 1412 3506 mirumque
1425 3431 1456 3490 in
1470 3421 1598 3490 modum
1609 3431 1712 3492 divino
1724 3437 1801 3490 nutu
1811 3433 1875 3508 pri-

1041 3535 1109 3576 mus
1124 3523 1178 3593 iiii,
1193 3520 1345 3578 secundus
1361 3521 1403 3592 1x,
1418 3519 1521 3580 tertius
1534 3516 1602 3592 vrit,
1622 3523 1748 3596 quartus
1762 3515 1807 3590 tu,
1819 3539 1875 3580 ne-

1041 3610 1103 3667 scio
1117 3610 1228 3686 quibus
1242 3611 1426 3686 ponderibus
1442 3605 1643 3687 appendebat.
1658 3605 1803 3683 Cognovit
1823 3603 1878 3670 ita-

1041 3716 1100 3774 que
1115 3696 1146 3757 in
1157 3717 1354 3759 numerorum
1363 3701 1555 3777 proportione
1566 3701 1595 3760 et
1609 3699 1766 3760 collatione
1781 3701 1876 3759 musi-

1041 3806 1084 3846 cae
1099 3791 1209 3848 versari
1222 3788 1387 3849 scientiam.
1405 3793 1472 3849 Erat
1486 3788 1566 3849 enim
1589 3809 1626 3850 ea
1649 3785 1821 3850 constitutio
1843 3791 1875 3848 in

1042 3885 1172 3953 quatuor
1186 3873 1312 3949 matteis,
1327 3898 1396 3956 qum
1411 3885 1458 3939 est
1471 3881 1563 3938 modo
1575 3881 1607 3938 in
1625 3887 1756 3955 quatuor
1768 3881 1875 3938 litteris

1041 3973 1065 4026 A
1081 3973 1102 4026 0
1118 3973 1178 4027 00.
1195 3969 1328 4044 Denique
1343 3971 1367 4028 si
1380 3975 1412 4028 A.
1430 3971 1528 4043 granis
1539 3963 1631 4029 habet
1643 3968 1699 4029 itii.
1715 3974 1744 4028 et
1757 3987 1786 4028 a.
1800 3987 1874 4029 acu-

979 4122 981 4128 ,
1041 4061 1128 4116 tavi.
1143 4062 1224 4117 tenet
1234 4076 1266 4117 se
1276 4064 1365 4118 acuta
1383 4077 1411 4119 a.
1432 4077 1503 4118 cum
1518 4066 1542 4117 A
1557 4059 1641 4133 gravi
1667 4057 1873 4134 proportione.

1042 4163 1111 4222 quae
1125 4147 1212 4204 estin
1233 4139 1425 4207 Arithmetica
1449 4147 1553 4223 dupla,
1579 4144 1610 4206 in
1631 4147 1749 4206 musica
1771 4151 1874 4206 autem

1043 4237 1191 4311 diapason
1214 4231 1421 4296 consenantia.
1446 4241 1478 4296 0.
1506 4255 1578 4296 vero
1606 4231 1718 4309 gravis,
1741 4255 1810 4313 quae
1831 4243 1876 4294 est

1140 4344 1211 4384 cum
1225 4330 1255 4384 E.
1272 4323 1354 4398 gravi
1369 4328 1453 4402 quod
1466 4331 1510 4386 est
1523 4321 1591 4385 vua
1608 4321 1687 4385 tanei
1702 4344 1732 4384 sc
1745 4342 1872 4402 propor-

1042 4415 1132 4488 tione,
1148 4432 1217 4489 quae
1231 4415 1319 4473 estin
1332 4416 1518 4474 arithmetica
1533 4415 1750 4490 sesquioctava,
1774 4405 1806 4472 td
1819 4419 1873 4484 est,

1043 4505 1209 4580 epogdous,
1231 4505 1262 4562 in
1276 4499 1393 4563 musica
1421 4509 1522 4562 autem
1548 4501 1636 4563 tonus
1664 4505 1873 4573 consonantia,

1042 4598 1115 4652 item
1128 4611 1156 4652 a.
1173 4599 1260 4653 acuta
1275 4612 1344 4653 cum
1356 4599 1376 4652 0
1390 4595 1484 4668 gravi,
1501 4587 1624 4654 sicuti).
1642 4595 1742 4668 gravis
1756 4605 1828 4652 cum
1840 4598 1873 4652 A.

1042 4683 1135 4756 gravi,
1151 4687 1270 4742 tenetse
1285 4684 1487 4759 proportione,
1503 4701 1572 4760 qua
1588 4683 1672 4742 estin
1687 4683 1875 4743 arithmetica

1043 4772 1239 4848 sesquitertia,
1255 4773 1285 4830 in
1296 4773 1413 4831 musica
1422 4789 1494 4832 vero
1505 4763 1691 4833 diatessaron
1706 4789 1876 4833 consonan-

1041 4862 1092 4920 tia.
1109 4866 1182 4920 ltem
1196 4878 1224 4920 a.
1241 4867 1330 4920 acuta
1344 4879 1414 4920 cum
1438 4855 1471 4920 n.
1488 4862 1583 4934 gravi,
1611 4861 1687 4921 siout
1713 4865 1744 4920 0.
1771 4861 1874 4934 gravis

1042 4967 1113 5009 cum
1127 4954 1160 5008 A.
1177 4943 1261 5024 gravi
1270 4955 1351 5010 tenet
1365 4968 1397 5009 se
1412 4941 1616 5028 proportione,
1629 4969 1698 5026 quar
1713 4951 1802 5009 estin
1818 4951 1875 5008 ari·

1041 5040 1183 5099 thmetica
1192 5031 1557 5115 sesquialtera,inmusica
1571 5057 1642 5100 vero
1654 5038 1795 5116 diapente
1805 5057 1876 5098 con·

1043 5130 1190 5188 sonantia.
1205 5133 1237 5186 aa
1252 5129 1276 5186 si
1290 5135 1322 5188 A.
1336 5123 1428 5188 habet
1441 5123 1496 5187 xii.
1513 5117 1643 5187 etuti.
1668 5129 1789 5188 ternarii
1804 5144 1874 5203 pra

1040 5236 1158 5294 passus,
1172 5211 1295 5276 habebit
1309 5222 1342 5277 A.
1367 5216 1398 5276 in
1422 5211 1476 5277 i'u.
1500 5220 1646 5277 ternarios
1673 5223 1820 5294 quatuor,
1844 5222 1874 5276 et

1042 5311 1074 5365 D.
1091 5309 1122 5367 in
1137 5309 1209 5366 viru
1221 5309 1366 5366 ternarios
1379 5313 1448 5367 tres.
1463 5311 1577 5366 Rursus
1605 5325 1675 5370 cum
1697 5295 1810 5366 habeat
1836 5311 1871 5366 A.

1040 5400 1095 5457 itti.
1112 5403 1141 5456 et
1153 5400 1191 5456 D.
1208 5404 1306 5456 teneat
1330 5399 1423 5456 VIIII.
1449 5399 1506 5472 (it)
1527 5397 1735 5472 quaternarios
1761 5414 1873 5474 passus

1040 5494 1099 5548 tres
1120 5481 1242 5546 habebit
1265 5494 1298 5546 A.
1324 5491 1355 5548 0.
1381 5506 1452 5548 vero
1476 5481 1565 5561 duos,
1581 5495 1610 5548 et
1624 5489 1764 5564 diapente
1778 5490 1870 5564 patet.

1043 5581 1106 5642 Sint
1130 5579 1239 5640 iterum
1264 5581 1318 5642 iili.
1347 5581 1379 5640 in
1401 5583 1435 5640 A.
1464 5584 1493 5639 et
1517 5582 1563 5642 Vl.
1598 5580 1629 5642 in
1655 5580 1749 5640 attera
1780 5595 1800 5640 0
1825 5595 1871 5639 aa·
