4044 6184
155 135 189 186 55
740 123 945 185 nonnanis.
966 91 1105 178 clausor
1124 122 1290 180 nonaum.
1833 129 1869 182 5,

149 253 220 311 ralis
235 253 363 310 remissa
375 257 420 312 est
440 252 599 310 manuam.
624 252 792 310 bernardus
816 245 979 306 wasconie
997 245 1119 302 ndum.
1137 248 1202 302 llux
1215 262 1284 304 vero
1309 246 1537 320 aquitanorum,
1561 264 1662 306 comes
1676 249 1868 319 Pictavimus,

150 342 213 399 dux
225 359 331 400 necem
353 343 426 400 tanti
442 341 495 398 viri
510 342 547 399 de
559 342 798 401 interfectoribus
816 340 882 412 ejus
897 335 982 412 puni·
1034 334 1206 407 jamdictus
1221 336 1383 394 willelmus
1399 337 1632 407 gloriosissimus
1660 343 1689 396 at
1700 339 1868 412 potentissi-

149 429 288 500 vitellos
301 429 477 503 suspendio,
502 429 576 487 alios
588 430 719 489 llammis
733 429 866 494 madens,
880 431 907 480 et
921 439 984 480 om·
1037 441 1116 496 mus,
1130 426 1222 483 extin't
1236 425 1506 497 cunctisamabilis,
1522 427 1869 502 consiliomagnuspru-

150 537 221 578 nem
248 519 331 577 illam
365 519 587 592 possessionem
607 519 836 592 Regulatensem
852 518 889 582 t’,
914 529 983 588 quae
1038 513 1389 589 denciaconspicuus,in
1408 515 1511 573 dando
1524 515 1869 586 liberalissimusdefen·

152 614 221 666 aute
234 608 264 664 in
280 607 329 664 lite
341 607 547 665 invadentium
561 615 634 674 erat,
650 609 713 665 sina
734 607 782 665 lite
794 604 903 662 debinc
917 617 983 659 mo·
1038 617 1088 658 sor
1101 618 1283 678 pauperum,
1307 607 1393 678 pater
1413 603 1644 674 monachorum,
1660 603 1824 663 aedificator
1842 610 1871 664 et

152 697 258 755 nachis
273 695 392 753 Francis
422 697 518 754 sancti
534 696 682 754 Benedicti
701 694 818 771 paravit
831 691 984 750 vindioau·
1038 698 1156 750 amator
1170 693 1375 765 ecclesiarum,
1390 697 1420 750 et
1437 696 1587 769 praecipue
1618 700 1736 752 amator
1758 700 1869 753 sanctae

152 785 235 843 dam.
251 789 423 842 nexantem
443 785 601 843 notho-tus
613 802 669 859 pro
683 785 825 842 defuncto
839 779 985 839 ordinavit
1039 782 1174 839 Ecclesiae
1185 785 1337 841 Romana.
1350 782 1593 855 Cuiajuventute
1607 785 1793 842 cousuetudo
1803 785 1869 858 luit,

152 874 296 932 abbatem
310 874 502 945 Gauzlenum,
525 874 593 932 licet
613 877 817 948 repugnarent
844 869 985 928 monachi
1037 874 1071 942 ut
1088 886 1207 944 semper
1217 871 1300 928 omni
1308 887 1388 929 anno
1411 871 1450 928 ad
1466 870 1571 929 limina
1584 872 1791 946 apostolorum
1814 875 1869 931 lto-

152 963 287 1020 nolentes
304 963 361 1020 sibi
375 979 502 1036 praeesse
515 963 611 1021 lilium
624 963 723 1020 scorti.
749 964 816 1019 Erat
828 960 908 1018 enim
922 958 985 1033 ipse
1039 975 1123 1016 mam
1138 964 1323 1034 properaret,
1339 965 1367 1017 et
1380 975 1416 1017 eo
1438 976 1499 1034 quo
1514 963 1640 1018 Romam
1652 978 1715 1018 non
1728 977 1870 1037 propera-

151 1051 329 1110 uobilissimi
346 1055 528 1110 Francorum
554 1051 697 1126 principis
713 1051 788 1124 (ild)
810 1049 889 1106 lilius
903 1063 987 1106 man·
1039 1049 1092 1106 bat
1102 1063 1193 1116 anno,
1207 1049 1247 1106 ad
1259 1053 1398 1107 sanctum
1410 1049 1556 1107 Jacobum
1567 1050 1694 1108 Galliciae
1704 1067 1869 1126 reconpen-

153 1157 211 1209 zer,
227 1156 245 1196 a
259 1156 354 1214 puero
370 1139 400 1196 in
425 1140 608 1197 monasterio
623 1138 717 1197 sancti
730 1137 878 1195 Benedicti
896 1135 987 1193 nutri·
1040 1142 1118 1195 saret
1129 1139 1348 1196 iterdevotum.
1365 1141 1398 1195 Et
1411 1154 1594 1213 quocunque
1611 1139 1666 1198 iter
1690 1144 1802 1211 agaret,
1822 1141 1870 1197 vel

154 1235 211 1288 tus.
239 1233 334 1296 Quem
346 1231 436 1287 etiarn
449 1246 502 1287 rex
525 1246 618 1304 supra
644 1229 772 1303 scriptus
787 1225 986 1302 archiepisco·
1040 1232 1222 1284 conventum
1236 1226 1392 1302 publicum
1418 1234 1577 1297 exerceret,
1591 1229 1690 1303 potius
1704 1245 1757 1287 rex
1775 1245 1870 1304 quam

153 1335 228 1393 pum
241 1319 471 1376 bituricensibus
485 1319 553 1376 iacit
566 1323 672 1394 postea
686 1323 755 1392 post
768 1321 894 1374 mortem
912 1317 985 1373 llae-
1039 1332 1105 1374 esse
1115 1317 1178 1374 dux
1195 1315 1357 1391 putabatur
1392 1317 1547 1375 honestate
1562 1321 1592 1374 et
1621 1317 1797 1376 claritudine
1811 1335 1873 1394 qua

153 1407 230 1465 berti
249 1407 477 1482 archicpiscopi.
499 1407 557 1466 Sed
578 1414 607 1465 et
619 1407 676 1482 ipsi
690 1405 898 1481 quinquennio
911 1403 987 1462 sedi·
1040 1405 1183 1463 affluebat
1196 1405 1330 1463 honoris.
1346 1409 1410 1464 Non
1423 1407 1521 1464 solum
1533 1423 1605 1464 vero
1618 1424 1740 1466 omnem
1751 1409 1871 1483 Aquita-

155 1497 272 1554 cionem
283 1501 419 1568 agentes,
434 1497 596 1554 noluerunt
619 1513 689 1554 eum
704 1496 734 1553 in
748 1495 897 1553 civitatem
911 1493 986 1552 reci·
1039 1495 1122 1552 niam
1138 1511 1193 1552 suo
1204 1495 1330 1567 subiecit
1348 1495 1486 1569 immrio,
1517 1499 1548 1552 ut
1562 1511 1652 1554 nemo
1671 1501 1775 1554 contra
1802 1514 1872 1554 eum

154 1602 235 1662 pere,
263 1585 395 1643 dicentes
429 1601 492 1642 una
519 1601 618 1643 vacce:
648 1587 718 1643 Non
742 1585 823 1642 decet
850 1585 986 1642 domiuo·
1006 1583 1140 1653 plorare
1164 1599 1290 1642 manum
1316 1585 1449 1655 auderet,
1477 1585 1696 1644 verumetiam
1720 1603 1822 1658 regem
1844 1589 1872 1644 e·

155 1676 185 1734 ri
213 1675 356 1733 Ecclesiae
386 1676 486 1746 filium
518 1677 619 1733 scorti.
662 1674 857 1732 Postmodum
888 1677 989 1731 tamen
1043 1677 1224 1731 Francorum
1240 1673 1647 1750 sibihabuitcomplacitum.
1662 1669 1757 1733 lmmo
1771 1676 1873 1751 llispa-

155 1769 183 1822 1·
195 1764 274 1836 regis
292 1763 429 1821 voluntas
458 1761 623 1837 praevaluit,
652 1768 681 1821 et
701 1763 750 1821 liei
765 1769 840 1820 nutu
867 1762 987 1820 insede
1040 1764 1097 1822 nive
1116 1779 1220 1835 regem
1234 1763 1431 1833 ildefonsum,
1458 1780 1621 1839 regemque
1650 1769 1787 1823 Navarroe
1801 1767 1873 1823 San-

156 1857 314 1927 susceptus
329 1858 373 1909 est
388 1853 448 1926 (aa.
466 1857 556 1922 1009).
572 1857 609 1910 ht
623 1852 772 1912 Bernardo
791 1852 906 1910 insidiis
919 1870 986 1909 mu·
1042 1853 1126 1922 tium,
1141 1868 1196 1909 nec
1207 1868 1268 1910 non
1284 1857 1312 1910 et
1325 1867 1426 1924 regem
1437 1851 1714 1911 danamarchorum
1729 1859 1758 1912 et
1778 1859 1873 1926 Ange-

155 1941 299 2000 liebribus
318 1941 364 2012 ¹³⁵,
380 1941 524 1999 maleficis
543 1943 658 2000 artibus
672 1958 797 2018 corpore
816 1943 986 2009 latescente,
1040 1942 1139 2000 lorum
1155 1943 1277 2000 nomine
1291 1943 1498 2014 canotum‚ita
1512 1943 1568 2002 sibi
1584 1961 1704 2002 summo
1714 1944 1874 2003 lavorede

156 2027 231 2086 vitae'
239 2029 366 2104 privato,
385 2029 514 2096 Sentius,
525 2029 616 2088 irater
634 2031 709 2104 ejus,
730 2031 791 2088 dux
805 2034 988 2088 wasconum
1041 2030 1186 2100 vinxerat,
1202 2036 1236 2089 ut
1248 2031 1372 2104 singulis
1383 2033 1471 2090 annis
1497 2033 1661 2104 legationes
1675 2050 1781 2092 eorum
1793 2035 1873 2092 exci-

156 2119 258 2177 extitit.
273 2121 314 2176 Ex
333 2118 475 2176 defuncta
488 2120 619 2193 conjugo
635 2120 770 2177 willelmi
785 2121 870 2178 ducis
884 2123 922 2190 ³⁶,
951 2136 987 2178 ex
1041 2125 1125 2195 peret
1134 2120 1271 2194 pretiosis
1283 2138 1353 2178 cum
1372 2121 1549 2179 muneribus
1559 2123 1645 2196 (116),
1670 2123 1795 2198 ipseque
1809 2139 1875 2198 pre

156 2225 218 2284 qua
233 2212 407 2283 susceperat
418 2208 514 2266 filium
530 2210 719 2282 willelmum,
734 2209 889 2267 idemdux
907 2225 988 2268 soro·
1042 2210 1163 2266 tiosiora
1182 2209 1224 2266 eis
1248 2209 1409 2268 remitteret
1432 2225 1568 2268 munera.
1598 2214 1673 2268 Cum
1694 2212 1874 2286 imperatore

155 2316 220 2358 rem
236 2297 328 2358 Sentii
341 2299 472 2356 Briscam
483 2299 514 2356 in
534 2315 657 2358 uxorem
669 2299 821 2374 copulavit
833 2300 899 2370 sibi,
918 2316 988 2374 quae
1043 2298 1180 2360 Heinrico
1195 2298 1235 2356 ita
1248 2299 1404 2356 amicicitis
1418 2299 1577 2373 copulatus
1591 2303 1681 2372 est,ut
1699 2300 1875 2358 muneribus

155 2389 183 2446 ei
194 2388 330 2447 odonem
351 2387 568 2460 genuitfilium.
1043 2376 1218 2446 alterutrum
1234 2404 1264 2446 se
1289 2389 1481 2446 honorarent.
1498 2392 1576 2446 inter
1603 2389 1779 2464 multiplicia
1793 2390 1875 2449 deni-

191 2482 236 2536 40.
251 2478 399 2537 Paridem
427 2483 546 2552 tempus
578 2480 697 2535 mortno
730 2477 865 2535 Gosirido
879 2477 988 2536 abbate
1041 2494 1101 2552 que
1117 2466 1318 2542 muner-adun
1334 2477 1495 2536 willelmus
1509 2478 1661 2549 ingentem
1676 2495 1712 2536 ex
1725 2495 1799 2538 auro
1813 2495 1871 2553 pu·

158 2567 254 2624 sancti
268 2566 412 2625 Mareialis
436 2566 498 2639 (an.
519 2566 593 2640 998),
620 2570 648 2622 et
677 2566 853 2624 succedente
875 2583 931 2641 pro
952 2583 988 2625 co
1042 2566 1161 2623 rissimo
1176 2582 1279 2624 ensem
1292 2565 1399 2624 direxit
1409 2566 1445 2637 ei,
1458 2565 1489 2622 in
1501 2581 1644 2640 quoense
1658 2565 1761 2624 litterae
1775 2567 1875 2637 signa-

155 2656 323 2714 ddalbaldo
337 2654 483 2726 regularis
515 2655 622 2726 meriti,
637 2657 666 2712 et
680 2654 803 2712 widona
818 2659 847 2712 et
859 2655 988 2714 alduino
1041 2656 1153 2715 bantur
1166 2656 1298 2727 legentes
1317 2674 1324 2712 ε
1340 2657 1505 2714 Hammone
1525 2657 1689 2728 imperator
1709 2671 1794 2714 cesar
1822 2671 1876 2714 au·

155 2745 298 2820 episcopo
312 2744 401 2802 iratae
414 2743 479 2816 ejus
498 2743 714 2802 revertentibus
729 2760 855 2818 propere
867 2744 907 2802 ab
921 2744 989 2802 Hie·
1042 2751 1156 2818 gustus.
1168 2745 1295 2802 Romani
1308 2744 1464 2818 pontifices
1479 2761 1549 2802 eum
1563 2744 1732 2803 venientem
1746 2747 1874 2803 Romam

155 2834 315 2907 rosolimis,
331 2834 524 2909 sepulchrum
537 2833 632 2891 sancti
647 2833 785 2907 Eparchii
801 2833 913 2892 clarere
945 2835 988 2892 in·
1042 2834 1085 2891 sic
1099 2838 1265 2892 reverenter
1283 2833 1481 2908 excipiebant,
1503 2833 1565 2891 acsi
1582 2837 1663 2898 ¹esset
1686 2849 1791 2891 eorum
1822 2850 1874 2898 au·

155 2925 289 2982 numeris
304 2925 394 2998 coepit
405 2923 557 2982 miracrdis
570 2923 638 2998 plus
649 2922 746 2980 solito.
759 2925 792 2981 Et
802 2923 880 2980 visio
894 2926 989 2983 mani·
1009 2923 1874 3006 (2gustus,omnisqueRomanussenatuspatremeumsibi

157 3013 233 3071 laeta
245 3011 394 3087 patefacta
417 3017 461 3070 est
480 3010 633 3069 Fulchcn'o
652 3010 756 3069 abbati
770 3012 865 3069 sancti
880 3013 992 3072 Garrod
1045 3012 1384 3087 adclamabatcumque
1395 3012 1535 3070 comitem
1549 3011 1797 3085 andegavensem
1811 3012 1875 3071 Ful-

155 3107 183 3160 et
201 3102 371 3172 monachis,
388 3105 421 3159 ut
435 3105 574 3159 sanctum
594 3100 710 3173 lignum
722 3101 819 3158 crucis
832 3101 871 3160 ad
890 3107 991 3162 tumu-
1045 3105 1174 3161 chonam
1188 3102 1219 3159 in
1234 3102 1376 3160 manibus
1401 3101 1463 3158 suis
1477 3100 1721 3160 commendatam
1738 3101 1874 3175 haberet,

154 3191 219 3250 lum
233 3191 384 3248 deferrent
412 3190 493 3248 beati
513 3189 659 3265 Eparchii.
677 3190 762 3256 Quod
779 3195 927 3248 conventu
947 3210 994 3250 so-
1046 3193 1233 3248 concesserat
1245 3190 1272 3248 ei
1286 3207 1341 3264 pro
1368 3189 1515 3247 beneficio
1530 3188 1704 3246 losdunum
1714 3189 1790 3262 (117)
1805 3205 1875 3246 cum

155 3280 268 3355 lempni
281 3284 438 3355 peractum
452 3283 507 3352 est,
532 3283 561 3336 ei
581 3279 691 3336 abbate
711 3278 877 3351 uaginoldo
897 3283 993 3353 lingo·
1046 3280 1110 3338 aliis
1124 3278 1266 3338 nonnulis
1280 3279 1384 3336 castris
1397 3278 1627 3337 inPictavorum
1638 3277 1711 3346 solo,
1729 3279 1876 3336 Santonas

156 3369 292 3427 lisnmnsi
305 3372 495 3444 procurante,
502 3373 661 3443 exceptum
672 3371 717 3424 est
729 3373 867 3425 sanctum
875 3367 991 3440 lignum
1045 3385 1167 3444 quoque
1182 3385 1252 3426 cum
1265 3368 1450 3442 quibusdam
1465 3367 1604 3427 castellis.
1622 3368 1703 3426 idem
1718 3367 1877 3425 duxsicle·

157 3459 188 3514 iu
200 3459 324 3515 basilica
347 3457 428 3514 beati
443 3456 579 3530 Eparchii
603 3457 634 3512 in
662 3455 710 3513 dia
738 3456 804 3528 eius
818 3456 990 3531 festivitatis,
1045 3459 1141 3517 risum
1156 3457 1303 3533 sapientia
1313 3462 1455 3516 ornatum
1473 3457 1596 3526 videret,
1610 3473 1731 3514 summo
1746 3473 1816 3515 eum
1827 3473 1877 3514 ex·

157 3545 205 3602 die
220 3546 318 3618 primo
331 3544 443 3602 mensis
458 3543 527 3600 iulii
544 3563 551 3613 ;
567 3549 596 3600 et
608 3544 788 3618 adimpletis,
808 3562 876 3619 quae
890 3547 992 3606 divina
1045 3543 1172 3602 colebat.
1199 3541 1283 3601 Unde
1296 3541 1487 3612 ltainaldum,
1498 3545 1699 3613 cognomento
1710 3540 1875 3614 Platonem,

158 3633 348 3692 ordinaverat
370 3634 476 3708 pietas,
503 3634 645 3691 monachi
674 3634 769 3692 sancti
789 3635 901 3694 carrofi
916 3637 993 3694 vale·
1045 3634 1230 3690 monachum
1238 3648 1294 3706 pro
1310 3631 1579 3706 sapientioeomatn
1591 3629 1877 3704 prmiecitabhatem

158 3723 292 3781 dicentes
319 3723 461 3781 iratribus
490 3721 777 3795 Engolismensihus,
793 3741 862 3783 cum
886 3730 991 3785 sancto
1044 3740 1081 3780 ex
1096 3722 1235 3780 coenobio
1259 3721 1354 3779 sancti
1378 3720 1525 3779 Maxentii.
1555 3719 1736 3794 Episcopum
1754 3736 1877 3794 quoque

158 3812 241 3884 ligno
256 3812 383 3885 gloriose
399 3817 534 3870 remeant
547 3815 587 3870 4‘.
1046 3813 1180 3872 carnotis
1195 3811 1378 3876 Fulbertum,
1389 3809 1537 3884 sapientia
1549 3812 1745 3883 cumptum,a
1760 3810 1878 3868 Frentia

193 3905 239 3959 41.
256 3905 362 3960 Comes
376 3901 506 3976 denique
522 3901 701 3974 engolisma
716 3902 889 3974 willelmus,
902 3922 992 3980 copu-
1045 3906 1205 3960 evocatum
1217 3900 1343 3958 donavit
1352 3899 1538 3958 thesamaria
1557 3898 1653 3956 sancti
1667 3897 1777 3972 llylarii
1792 3897 1875 3972 (118),

158 3991 220 4049 lata
232 3990 288 4048 sibi
302 3989 333 4048 in
347 3991 489 4064 conjugio
513 3991 666 4064 Girbarga,
693 4007 795 4050 sorore
821 3993 937 4051 comitis
951 3997 990 4051 δ’.
1044 3996 1073 4051 et
1086 4008 1179 4067 penes
1192 4007 1225 4048 se
1245 3989 1445 4048 reverendum
1469 3987 1612 4046 exhibuit.
1628 3987 1799 4063 Aliquando
1811 4003 1878 4045 esse

160 4078 308 4149 Frrlconis,
322 4077 401 4136 filios
417 4095 498 4136 exea
512 4079 642 4154 suscepit
656 4079 833 4140 Hilduinum
843 4081 991 4140 116οείτί-
1042 4082 1094 4141 vix
1103 4080 1311 4140 inveniebatur
1321 4078 1384 4137 sine
1397 4077 1878 4153 aliquoepiscopornmdlonaste·

162 4257 189 4311 1·
204 4253 413 4313 cumecclesia
432 4256 528 4314 sancti
542 4256 617 4315 Petri
632 4257 702 4314 add.
719 4262 744 4316 2.
782 4258 810 4316 2·
831 4264 985 4335 sequestro
998 4261 1124 4321 odilone
1139 4259 1249 4319 abbate
1260 4263 1287 4316 i.
1325 4260 1354 4317 3·
1368 4255 1550 4315 Pictavensis
1564 4256 1637 4314 odd.
1654 4261 1681 4314 2.
1701 4257 1730 4312 4·
1745 4255 1879 4330 lienique

75 4375 77 4378 .
195 4325 254 4383 hoc
266 4325 396 4384 crucisli
419 4343 493 4384 num
508 4326 545 4384 dc
555 4344 642 4385 cruce
657 4328 810 4388 dominica
824 4338 913 4400 extat,
929 4333 1013 4408 quod
1034 4332 1296 4391 iherosolimorum
1325 4327 1496 4403 patriarcha
1510 4327 1574 4400 regi
1596 4329 1702 4399 llagno
1715 4327 1821 4385 Carolo
1836 4325 1879 4382 di-

197 4401 324 4466 rexerat,
338 4398 388 4455 eti
411 4414 460 4455 em
474 4399 516 4456 im
539 4403 637 4457 erutor
650 4399 682 4457 in
694 4401 801 4458 eadem
825 4403 959 4473 basilica,
976 4419 1070 4479 quam
1093 4401 1227 4461 condidit
1255 4399 1410 4472 liotgerius
1434 4415 1536 4456 comes
1553 4397 1771 4456 lemovicensis
1781 4397 1812 4454 in
1827 4397 1881 4453 ho-

197 4483 270 4525 nore
286 4468 447 4527 Salvatoris
462 4415 547 4553 (till,
559 4471 701 4544 reposuit.
719 4475 813 4531 locus
829 4479 929 4534 autem
945 4476 1070 4550 aubquo
1082 4488 1221 4532 sermone
1237 4471 1391 4530 Gallorum
1406 4469 1545 4530 Carrolus
1558 4470 1880 4542 vocitabaturpropter

197 4555 353 4596 carrorum
366 4539 506 4612 confinia,
523 4542 554 4598 1d
569 4547 612 4600 est
625 4543 812 4602 veiculorum
848 4546 1027 4616 ublicornm,
1042 4552 1071 4605 et
1084 4545 1226 4620 deinceps
1240 4560 1296 4619 pro
1309 4543 1480 4600 reverencia
1495 4541 1592 4599 crucis
1616 4542 1758 4599 Sanctum
1776 4541 1879 4618 carro

197 4611 262 4668 ium
278 4610 423 4686 appellari
437 4611 557 4687 placuit.
572 4614 642 4672 odd.
659 4618 686 4672 2.
725 4617 753 4672 5·
767 4620 812 4673 An
836 4618 994 4689 agavensis
1009 4618 1080 4678 add.
1096 4622 1123 4674 2.
1162 4615 1191 4674 6⁰
1205 4617 1236 4674 G.
1254 4631 1278 4672 r.
1290 4613 1518 4674 amicissimum¹
1536 4611 1661 4680 habens,
1672 4625 1735 4684 proe
1763 4611 1879 4665 carmus

197 4681 325 4740 ducibus
336 4683 366 4740 in
381 4683 447 4756 ejus
463 4683 576 4757 palatio
588 4685 805 4746 honorabatur.
817 4692 844 4747 2.

204 4932 240 4969 m
256 4931 432 4990 mulieribus
449 4937 474 4988 ¹·
850 4869 965 4925 tanim
985 4869 1188 4928 anemonas.

971 5061 1083 5123 NOTAE.

197 5237 261 5302 (111
286 5234 418 5307 lingonis
433 5237 542 5310 Capeti.
1041 5239 1229 5307 timeantur,
1246 5239 1302 5294 etc.

197 5306 259 5378 (ita
288 5304 330 5364 Gi.
360 5305 430 5366 llist.
460 5307 565 5369 concil.
588 5313 708 5372 Lemov.
733 5330 761 5373 a.
788 5317 866 5373 1031.
892 5313 984 5372 Labb.
1079 5311 1154 5383 (117)
1167 5309 1209 5368 m.
1224 5324 1250 5365 c.
1263 5309 1308 5364 ³0.
1368 5373 1374 5386 .

160 5377 249 5435 Cone.
267 5380 309 5435 lll.
325 5393 356 5452 p.
376 5380 439 5450 882)
451 5396 457 5436 :
468 5381 549 5439 Ante
563 5382 615 5441 leus
628 5391 739 5456 septem
753 5402 848 5445 annos
859 5386 987 5444 resen·
1077 5383 1152 5456 (118)
1170 5379 1211 5437 t'l.
1229 5375 1312 5435 Fulb.
1328 5391 1344 5432 e
1366 5375 1413 5431 ist.
1436 5373 1497 5456 tii,
1511 5377 1577 5456 etc„

157 5449 278 5520 plorum
302 5449 556 5536 duciAquitonia
574 5457 691 5528 regalia
703 5473 829 5518 munem
843 5458 925 5515 misti
947 5458 987 5514 „a
1078 5453 1153 5524 (m)
1213 5447 1315 5523 ,dipl
1343 5391 1470 5516 lotgeru
1503 5443 1665 5510 llabrllon„
1692 5445 1768 5497 Anu.
1796 5440 1829 5509 ll,
1845 5451 1878 5511 p.

158 5520 280 5604 mulque
290 5521 419 5580 codicem
446 5524 554 5581 titteris
583 5529 682 5587 aureis
710 5531 987 5605 scriptuma'nqao
1043 5529 1106 5584 711.

157 5605 279 5651 nomano
292 5599 464 5653 sanctorum
479 5595 622 5657 dutmala
636 5615 704 5658 cum
718 5601 899 5679 imaginem
916 5615 986 5658 ccu-
