3996 6186
81 186 133 238 etii

354 183 399 238 aa
419 183 540 240 assrrs
559 171 772 242 aoamaavc
792 181 911 238 aucun
931 180 1020 238 uem
1039 185 1137 242 raas.
1158 183 1309 242 -1reaa
1330 183 1489 240 rrarrus.
1740 181 1791 232 aaa

79 307 159 370 tatis,
173 307 360 378 constipatus
372 306 547 376 dignissime
561 307 722 364 comitibus
754 305 910 364 mibiibus·
929 311 951 362 Α
967 305 1075 364 vimus.
1093 310 1143 365 ilis
1159 325 1228 378 roge
1243 308 1374 365 ,alstemo
1391 307 1516 380 pacifice
1540 303 1661 372 salotis,
1689 303 1792 360 nobis-

78 413 142 470 que
153 395 322 466 condignis,
339 396 420 454 vovit
434 397 547 454 Christo
559 413 590 452 se
604 413 732 467 reguum
753 395 911 454 auxiliatu-
968 412 1027 468 que
1039 399 1068 453 vi
1080 407 1238 456 ventorum
1255 396 1555 466 icrramWatgrorum
1569 392 1720 462 ingressis,
1734 392 1792 465 ipsi

77 501 163 555 rum,
179 484 312 557 nullique
327 501 461 558 unquam
476 485 623 544 iartvrrum
639 486 847 559 praejudicium
872 483 914 540 ui·

78 574 157 631 lum.
175 578 243 630 Erat
256 589 388 646 namque
401 575 513 632 ditatus
528 575 693 632 bonoribus
708 574 913 634 sanctimonim

78 671 109 719 ei
126 663 367 734 magnificentie,
391 664 554 722 illustratus
570 665 758 724 commerciis
786 665 917 738 pruden-

78 755 130 809 tiae
144 759 173 809 et
185 753 319 824 nesiche,
340 757 433 812 saneti
459 755 583 827 Spiritus
610 755 768 812 clementia
782 768 917 826 praeun-

80 847 120 898 te.
137 845 265 900 Terrena
288 843 379 912 bajus
408 843 510 900 saeculi
537 843 639 902 animo
665 841 915 916 parvipendebat,

80 930 171 984 sicuti
185 929 216 984 iu
229 928 531 1002 pueritiadavoverat.
562 931 689 1002 Legibus
709 929 841 1002 paternis
865 943 917 1000 po-

81 1027 194 1097 pulum
221 1031 340 1082 strenue
362 1027 495 1097 regebat,
521 1028 630 1100 bisque
665 1045 733 1084 reos
764 1025 917 1098 suppliciis

80 1116 261 1174 damnabat.
278 1116 346 1172 Vitas
358 1117 527 1176 innocentis
541 1117 677 1186 regulam
693 1116 815 1173 sedulus
840 1120 917 1172 teue-

80 1205 147 1272 bat,
165 1205 368 1261 ecclesiasticae
384 1205 615 1277 dispensationis
635 1205 841 1276 gubernacula
867 1203 917 1260 lai-

81 1294 142 1350 cali
155 1294 259 1350 ordine
275 1297 421 1364 sagaciter
437 1294 676 1350 administrabat.
693 1294 791 1350 Animi
814 1308 916 1364 corpo-

81 1385 186 1455 risque
200 1383 306 1442 virtuie
322 1384 464 1442 omnibus
481 1384 680 1456 precellebat.
704 1399 803 1440 rerum
818 1383 915 1438 foren-

82 1472 164 1530 sium
177 1472 338 1544 prudentia
352 1489 459 1530 omncs
474 1473 685 1545 exsuperabat.
702 1476 789 1528 Boura
813 1470 918 1527 volun·

83 1562 155 1618 tatis
168 1561 307 1634 exemplo
322 1577 427 1620 omnes
439 1563 632 1632 intormabat,
643 1562 779 1618 doctrina
803 1560 917 1633 patieu-

970 487 1208 562 conglabaioqaa
1223 489 1354 544 exercita
1369 486 1529 542 volucrunt
1541 487 1676 540 resistere
1695 481 1791 538 uobis.

970 575 1048 637 Quos
1063 583 1229 650 opportune
1245 576 1422 641 invasimus,
1436 589 1547 646 eosque
1571 571 1658 627 nobis
1687 570 1795 643 preliis

970 659 1796 738 subjugavimus,ioiamquepraetermunitionesarbium

969 753 1231 826 depopulavimus.
1248 756 1378 827 lienique
1394 751 1590 810 liadcbodum
1630 749 1795 817 l'risonem,

971 842 1100 915 hincque
1129 844 1284 900 lisinerum
1305 843 1527 900 llasbacensem
1550 837 1794 913 penetravimus3

970 931 1037 986 illos
1048 932 1135 988 nobis
1147 931 1314 988 tributarios
1329 931 1464 987 lecimus.
1481 930 1531 986 llis
1550 933 1591 986 ria
1615 943 1645 984 se
1660 925 1795 982 babenti·

973 1019 1038 1090 bus,
1056 1021 1210 1076 branciam
1228 1021 1372 1086 venimus,
1385 1035 1513 1090 eamque
1536 1017 1620 1074 bellis
1644 1030 1797 1090 praeoccu-

971 1110 1120 1180 pavimus.
1138 1111 1229 1165 bobis
1242 1125 1312 1164 vcro
1324 1107 1510 1164 morantibus
1524 1109 1554 1162 in
1575 1106 1730 1164 obsidione
1743 1103 1797 1160 cir·

971 1214 1006 1254 ca
1021 1199 1160 1270 Parisios,
1176 1205 1299 1272 propter
1312 1213 1446 1254 amorem
1459 1197 1536 1266 regis
1549 1195 1668 1251 alstemi
1684 1193 1795 1263 anglos

970 1287 1077 1344 iterum
1093 1289 1316 1362 repedavimus,
1332 1286 1456 1358 injurios
1471 1285 1663 1355 infidelesque
1679 1285 1742 1353 ejus
1767 1281 1796 1338 vi

972 1380 1000 1431 et
1014 1383 1160 1448 potestate
1175 1378 1371 1448 subjecimus.
1391 1375 1494 1444 anglis
1509 1389 1577 1430 vero
1592 1377 1700 1428 nostrae
1715 1371 1799 1426 ditio·

972 1467 1017 1522 nis
1037 1467 1159 1523 arbitrio
1187 1469 1248 1536 regi
1273 1466 1364 1521 Alster
1390 1481 1409 1521 o
1437 1463 1563 1530 subacti,
1589 1477 1659 1518 oum
1685 1459 1799 1530 majore

973 1555 1070 1627 priore
1108 1557 1238 1612 exercitu
1270 1553 1425 1611 l'raneiam
1465 1551 1677 1626 repedavimus
1702 1548 1801 1604 bellis·

84 1651 132 1704 tire
146 1655 175 1708 et
190 1650 341 1720 religionis
354 1653 763 1721 omnescogobst.aonsians
775 1650 952 1713 defensore.
972 1660 1029 1716 que
1069 1661 1135 1700 eam
1176 1645 1313 1718 plurimis
1352 1643 1558 1699 contrivimus.
1600 1640 1708 1696 Videas
1748 1653 1800 1694 au·

81 1743 150 1796 crat
162 1739 192 1796 in
208 1739 354 1808 adversis,
369 1739 544 1798 ooneibaior
558 1739 771 1808 sagacissimus
786 1740 817 1794 in
834 1755 918 1812 pros-
972 1739 1031 1791 iem
1042 1749 1091 1790 rex
1108 1734 1242 1802 Carolus,
1262 1733 1346 1806 quod
1358 1748 1420 1790 non
1439 1731 1615 1805 prrevalcrei
1638 1729 1800 1787 adversum

81 1828 176 1900 peris.
190 1828 302 1884 Veritas
315 1832 343 1886 ai
355 1827 449 1897 gloria
461 1828 491 1884 in
509 1829 600 1884 domo
629 1829 705 1900 ejus,
734 1828 861 1900 aequitas
889 1835 918 1884 et
972 1823 1444 1898 nos,pacemctroncordiama
1466 1821 1555 1878 nobis
1574 1819 1738 1892 requisivit,
1767 1818 1801 1874 ii-

79 1915 200 1986 justiiia
212 1916 244 1974 in
254 1915 396 1987 operibus
410 1916 484 1986 ejus.
502 1919 643 1974 Sermone
657 1916 785 1974 veritatis
811 1932 916 1985 argue·
971 1915 1103 1986 liamque
1116 1931 1203 1969 saum
1218 1913 1334 1970 itolloni
1344 1912 1483 1985 iuopatri
1499 1911 1528 1966 in
1540 1909 1682 1980 conjugio
1705 1907 1798 1964 dedit.

82 2004 141 2062 bai
164 2004 382 2077 delinquentes,
403 2005 587 2078 correptione
609 2004 797 2060 severissima
823 2005 917 2060 incre·
973 2005 1114 2077 llancquc
1130 2010 1238 2060 terram
1253 2018 1309 2076 pro
1322 2002 1447 2075 pignora
1470 2000 1553 2074 pacis
1567 2000 1597 2055 in
1621 2004 1799 2072 perpetuam

83 2093 319 2164 pabetdesides.
337 2097 410 2151 Cum
435 2098 534 2150 subm
557 2093 666 2150 talibus
695 2110 831 2168 superna.
858 2095 917 2150 dis·
971 2092 1548 2165 haeredumnostrorumpossessionem
1561 2088 1799 2144 nobisvolunta·

82 2182 271 2252 pensationis
292 2181 469 2238 muneribus
496 2182 701 2240 abundantius
714 2183 847 2255 polleret,
864 2184 916 2240 bo·
970 2183 1010 2238 rie
1026 2182 1156 2251 tradidit,
1168 2183 1357 2254 britonesque
1366 2181 1405 2237 ad
1415 2179 1617 2244 serviendum,
1628 2183 1798 2250 terramque

82 2284 191 2340 niaque
206 2270 332 2328 actionis
346 2287 407 2326 susa
421 2271 503 2328 lema
515 2287 592 2344 pene
603 2289 657 2344 per
669 2272 847 2328 universum
866 2289 914 2328 or-
970 2273 1105 2346 ipsorum
1116 2273 1156 2328 ed
1170 2273 1333 2328 vivencium
1355 2269 1537 2341 subjugarit.
1564 2271 1648 2326 Patre
1672 2271 1723 2324 tuo
1746 2265 1799 2322 iibl

84 2358 153 2414 bem
163 2357 331 2426 largissime
341 2359 499 2432 propalata
510 2361 717 2426 crebresceret,
733 2365 868 2420 tenorem
883 2361 915 2418 li-
971 2362 1136 2434 superstite,
1151 2361 1202 2416 tibi
1216 2365 1404 2415 sacramento
1419 2374 1497 2414 verre
1511 2357 1581 2414 fidei
1590 2360 1620 2413 ei
1634 2355 1753 2412 servitio
1767 2369 1799 2410 se

84 2446 131 2502 dei
147 2463 242 2520 quam
257 2447 588 2521 promiseranipeaiius
603 2449 788 2520 abdicantes,
817 2467 917 2524 cirpe—
971 2451 1178 2506 subdiderunt.
1192 2452 1258 2504 l‘osi
1272 2448 1399 2514 lugubre
1414 2447 1562 2504 damnum
1587 2445 1691 2518 patris,
1706 2443 1799 2499 iidem

85 2541 155 2592 runi
167 2536 589 2594 conbaGuillelmumrlucem
603 2538 916 2610 esserebelles.lirq'us
970 2543 1147 2594 renovantes
1160 2537 1214 2592 tibi
1229 2552 1326 2608 usquc
1346 2535 1438 2590 modo
1462 2533 1636 2589 servierunt.
1668 2535 1750 2587 Nunc
1772 2535 1800 2587 et

83 2641 217 2698 namquo
232 2625 415 2686 inaestimata
431 2627 582 2699 opinionis
593 2627 704 2684 venus
717 2645 788 2684 cunr
802 2629 839 2684 art
863 2645 917 2686 no-
971 2643 1027 2683 nos
1043 2627 1117 2700 quid
1129 2625 1256 2682 iacimus
1270 2629 1374 2682 contra
1390 2622 1588 2680 deservientes
1615 2620 1800 2692 rebellesque

84 2713 179 2770 titiam
201 2713 297 2787 ipsius
319 2715 581 2788 praepotentissimi
605 2715 691 2771 ducis
720 2717 915 2788 pervenisset,
971 2717 1138 2784 Britannos,
1154 2715 1206 2788 qui
1221 2720 1303 2772 tanta
1318 2717 1347 2770 et
1374 2713 1445 2770 talia
1473 2711 1576 2786 praelia
1604 2709 1802 2783 peregimus?

83 2803 163 2859 misit
176 2802 291 2873 legatos
306 2819 376 2862 suos
391 2804 431 2860 ad
448 2805 589 2874 britones,
607 2809 638 2860 ut
649 2805 856 2877 resipiscerent
871 2823 916 2862 oe·
971 2807 1157 2864 ctl‘cmiueics
1181 2805 1355 2878 viribusque
1379 2805 1540 2860 exhaustos
1556 2817 1611 2857 nos
1640 2815 1704 2855 esse
1719 2813 1801 2854 raco-

82 2892 191 2960 leritcr,
204 2896 233 2950 et
245 2891 527 2952 venireutiamulari
543 2893 598 2950 sibi
614 2894 760 2952 liotbomo
776 2895 917 2952 testinan-
974 2901 1133 2965 guasconi,
1148 2895 1215 2950 ideo
1232 2894 1300 2950 talia
1314 2893 1493 2950 remandare
1509 2891 1574 2948 ausi
1588 2895 1667 2946 sunt.
1693 2889 1802 2946 Alimo-

84 2987 136 3038 ter.
155 2981 194 3038 illi
214 2987 314 3042 autem
339 2983 370 3040 iu
398 2980 580 3042 infidelitatis
606 2998 669 3038 sura
695 2985 917 3054 perseverantia
933 3019 953 3072 C
970 2987 1021 3042 nia
1037 2985 1128 3055 hujus
1145 2991 1236 3054 ianm,
1257 3001 1318 3056 qaa
1333 2989 1509 3054 vegetamur
1532 2996 1667 3055 corpore,
1694 2983 1801 3052 putant

84 3071 226 3128 stultitius
241 3075 473 3141 commorantes,
488 3070 602 3140 legatos
620 3071 798 3130 remiserunt
812 3073 851 3130 ad
864 3073 918 3130 du·
971 3090 1027 3130 nos
1041 3073 1171 3130 inermes
1182 3072 1436 3145 esse,virlbusque
1445 3071 1563 3144 penitus
1575 3069 1710 3127 deficere.
1728 3071 1800 3127 Sen-

84 3177 149 3216 rem
165 3159 366 3230 Guiiielmum,
382 3160 515 3218 dicentes
531 3178 538 3216 :
555 3183 570 3208 «
582 3164 645 3218 Nou
657 3160 853 3218 militabimus
863 3162 916 3220 tibi
970 3165 1047 3220 tiaut
1068 3163 1163 3218 robur
1186 3167 1322 3218 nostrum
1342 3162 1432 3232 hujus
1463 3161 1549 3230 regni
1573 3160 1799 3216 conversatione

85 3248 228 3306 ultraneo
242 3247 468 3315 famulabimus,
483 3247 555 3320 quia
568 3247 762 3320 subimperio
784 3252 916 3308 Francis·
970 3267 1030 3307 non
1051 3251 1199 3308 tabidum.
1231 3250 1426 3323 vigoremque
1448 3257 1584 3306 nostrum
1610 3248 1801 3320 experiantur

84 3353 125 3392 rar
138 3336 355 3394 dominationis
371 3353 490 3410 semper
505 3337 644 3400 viximus
663 3336 746 3396 Rollo
761 3354 832 3394 vero
848 3343 916 3396 tuus
969 3341 1226 3397 robustissimum.
1262 3338 1562 3413 comprehendantur
1597 3337 1627 3393 in
1657 3336 1797 3402 consibis,

85 3426 211 3495 renitor,
227 3425 416 3496 conglobatis
445 3425 643 3482 barbarorum
668 3426 916 3499 advenarumque
970 3431 1081 3503 quibus
1095 3430 1237 3500 cogitaui,
1252 3444 1402 3502 superque
1418 3425 1572 3501 responsis
1586 3426 1658 3497 suis,
1675 3426 1714 3482 sd
1729 3425 1801 3482 inte-

84 3515 190 3572 turmis
206 3515 360 3572 l‘rarciam
376 3514 449 3572 olim
471 3514 590 3585 invasit,
616 3518 645 3570 et
673 3519 793 3586 terram,
820 3533 914 3589 quarn
969 3520 1059 3576 ritum
1075 3524 1104 3576 et
1117 3519 1156 3576 ad
1184 3520 1402 3592 correptionem
1427 3518 1473 3574 sui
1498 3515 1707 3590 nequidquam
1730 3516 1800 3572 resi-

84 3607 176 3660 modo
191 3605 339 3678 possides,
357 3609 389 3660 ui
402 3602 545 3677 pacificus
564 3619 657 3674 regno
671 3609 760 3676 esset,
769 3605 822 3663 tibi
835 3607 915 3676 regis
968 3609 1094 3682 piscant.
1110 3607 1324 3682 Dispardamus
1339 3607 1542 3679 arrogantiam
1566 3607 1685 3664 illorum
1699 3606 1730 3664 in
1742 3605 1799 3662 vir-

84 3695 164 3752 doao
180 3695 447 3768 acquisivit.Terra
462 3708 543 3762 vero,
559 3709 653 3764 quam
677 3698 823 3764 tenemus,
852 3712 914 3752 non
969 3704 1030 3756 brie
1058 3705 1171 3768 nostra,
1197 3715 1363 3772 eorumque
1391 3698 1585 3771 supercilium
1607 3702 1798 3755 conteramus

83 3783 107 3837 ei
132 3781 205 3840 daia
221 3783 274 3840 tuit
292 3783 323 3840 iu
343 3781 497 3846 haeredum
527 3798 650 3839 suorum
677 3784 912 3855 possessionem,
968 3788 1102 3860 potentia
1115 3793 1245 3844 nosue.»

84 3871 135 3928 scd
151 3870 295 3928 attributa
309 3871 413 3928 tandiu
428 3875 460 3926 ut
471 3887 507 3928 ex
520 3885 556 3928 aa
566 3870 685 3938 viveret,
701 3871 797 3928 donec
812 3871 914 3930 resedi·
1290 3888 1482 3932 irosraorur.

83 3958 222 4017 licaretur
237 3965 323 4026 terra,
337 3975 430 4033 quam
445 3959 617 4030 donoregis
643 3966 794 4033 receperat
817 3966 915 4018 vasis·
969 3967 1074 4021 Otesu
1089 3963 1169 4019 testis
1185 3963 1290 4020 christi
1303 3961 1456 4018 Galillelme
1466 3961 1574 4028 lature,

84 4053 156 4106 tam.
172 4049 247 4105 Nihil
257 4050 344 4108 uobis
357 4053 385 4104 ei
400 4048 462 4116 libi,
477 4048 536 4104 nisi
549 4048 680 4107 amicitia
697 4053 725 4104 ct
740 4050 913 4120 concordia,
971 4057 1044 4109 Ecce
1058 4052 1186 4116 valesce,
1201 4052 1330 4120 vigesce,
1346 4065 1433 4106 sacro
1443 4048 1602 4104 conanime
1612 4047 1736 4104 sudans.

83 4138 208 4210 paribus
223 4137 426 4196 voluntatibus
441 4137 610 4210 aequalique
623 4137 746 4194 consilio
770 4136 915 4194 deiibers-
971 4141 1197 4214 Expergescitor
1210 4143 1239 4194 et
1253 4138 1434 4193 confortator
1447 4135 1600 4204 violenter,

84 4231 122 4282 to.
141 4231 250 4298 Regem
267 4226 455 4300 usquemodo
470 4225 644 4296 babuimus,
659 4224 736 4281 duce
760 4231 788 4282 ei
801 4232 914 4299 protec-
971 4235 1002 4288 iii
1019 4229 1132 4288 steriles
1148 4229 1262 4286 ratione
1277 4232 1374 4283 buces
1388 4241 1545 4300 compesce
1560 4226 1702 4298 Britoues,

85 4323 145 4376 iore
160 4335 220 4376 uon
236 4318 398 4376 caruimus.
417 4316 530 4374 Nullius
544 4321 629 4374 terras
644 4315 701 4372 nisi
717 4317 847 4374 Francia
871 4319 916 4376 ia·
968 4326 1064 4394 Atque
1078 4317 1270 4393 supercilium
1281 4317 1539 4373 feritercontunde
1549 4316 1723 4374 uelandum.

83 4409 187 4466 cubuit
201 4408 349 4466 Britannia
363 4406 492 4474 servitio,
509 4421 563 4462 nec
575 4405 748 4476 subjugavit
762 4423 793 4462 se
817 4408 915 4478 cujus·
971 4414 1104 4476 Quorum
1113 4408 1271 4464 concilium
1280 4406 1794 4480 effatuans,babciaquemalignum.

84 4513 177 4570 quam
187 4496 343 4568 imperio.»
370 4494 502 4555 audiam
531 4498 632 4550 autem
654 4493 826 4552 Guillelmus
852 4497 914 4554 dux
971 4504 1045 4557 Nam
1061 4498 1279 4564 lacarosbellis,
1292 4499 1434 4555 criniritos
1448 4501 1540 4571 peste,
1556 4497 1706 4570 fameque,

87 4589 233 4642 {iecorum
248 4585 338 4656 hujus
353 4583 527 4640 Britannicae
540 4582 697 4650 legationis
723 4584 913 4654 mandatum,
968 4588 1140 4654 ludulgens,
1157 4587 1312 4654 miserens,
1328 4603 1466 4661 parcens,
1482 4585 1618 4656 neglecta
1632 4583 1794 4639 remittens.

86 4678 231 4732 convocat
244 4672 393 4746 principes
409 4671 682 4728 Nortbmannorum
693 4671 777 4728 istius
790 4671 832 4728 rei
845 4688 916 4728 cau·
970 4681 1028 4732 lios
1043 4675 1141 4732 stabili
1154 4677 1334 4732 sacramenti
1348 4675 1508 4732 conamine
1520 4674 1631 4742 ilecies,

86 4781 118 4820 sa
142 4763 181 4820 ad
204 4761 433 4820 considendum.
457 4761 570 4826 Quibus
591 4761 779 4826 coadunatis,
804 4761 911 4818 seriem
969 4764 1643 4838 lbresipiscentesfamulabuniurrercrcnier.

86 4853 167 4910 istius
183 4851 330 4910 mirande
344 4849 500 4922 legationis
515 4850 546 4906 in
570 4850 696 4908 auribus
717 4865 822 4908 sorum
836 4857 914 4908 reta-
1003 4855 1096 4925 liujus
1111 4853 1324 4910 exhortationis
1334 4852 1465 4926 alloquio
1480 4846 1797 4908 Guillelmusatrociter

84 4943 124 4998 lit.
136 4946 218 4998 lunc
229 4941 355 5015 quidam
372 4939 538 4997 bernardus
555 4943 736 4996 secretorum
765 4940 912 4998 Gaillelmi
969 4949 1069 5000 motus
1085 4949 1113 5000 et
1127 4943 1294 5010 instigatus.
1311 4939 1502 5008 congregarit
1510 4935 1639 4993 universi
1651 4935 1735 5006 regni
1751 4935 1797 4992 sui

84 5031 168 5088 ducis
183 5031 334 5101 conscius,
349 5031 501 5104 Botboquc
512 5029 652 5102 princeps
666 5029 785 5096 domus,
814 5031 911 5088 admi·
968 5034 1083 5088 concite
1093 5031 1248 5091 exercitus,
1260 5029 1371 5100 ivdtque
1384 5041 1474 5098 super
1491 5023 1617 5081 llariurn
1644 5025 1794 5096 coysnon,

87 5121 139 5178 rati
163 5119 322 5194 superbis
347 5117 556 5190 legationibus,
585 5117 724 5175 dixerunt
747 5119 910 5176 omnibus:
969 5123 1122 5178 britonum
1134 5117 1353 5174 dominaturus.
1371 5115 1464 5185 liujus
1488 5114 1578 5184 igitur
1592 5111 1725 5169 adventu
1740 5105 1805 5170 Bri-'

88 5235 98 5260 a
116 5209 273 5276 Mirumst
292 5208 472 5278 inauditum,
501 5211 590 5280 atque
614 5207 701 5264 nobis
728 5209 913 5282 stupendum
967 5215 1052 5268 iones
1062 5206 1200 5270 exterriti,
1214 5204 1409 5277 nolentesque
1423 5201 1579 5260 Guillelmo
1591 5200 1739 5271 famulari,
1755 5202 1796 5262 la·

88 5299 177 5371 hujus
202 5298 337 5356 mandati
361 5313 550 5370 responsum.
581 5299 654 5354 Cum
669 5301 752 5370 patre
775 5297 912 5354 tricolim
968 5299 1088 5355 tuerent
1101 5292 1376 5368 presidiisurbium
1389 5291 1511 5365 recepti.
1532 5292 1796 5352 iunceuiisimus

90 5389 207 5448 liolloue
237 5388 324 5446 Dacia
351 5386 547 5452 exterminati,
572 5386 708 5458 finesque
748 5387 912 5456 ⁴lngiorem
969 5383 1127 5457 occupavit
1140 5381 1795 5441 exercitusuocmnemterrsmeriiannorum

89 5495 245 5552 permenso
260 5478 351 5534 maris
366 5477 473 5549 pelago
488 5477 536 5532 vix
557 5475 683 5546 aggresi,
703 5475 787 5547 ipsos
803 5476 832 5532 in
856 5491 913 5532 uos
969 5479 997 5530 ei
1012 5471 1154 5530 subvertit
1163 5469 1294 5543 plurima
1308 5471 1373 5526 loca
1399 5471 1610 5529 munitionum.
1641 5471 1796 5527 Guillelmo

88 5570 239 5638 insurgere
251 5567 383 5623 volentes
398 5565 562 5624 resistendo
575 5562 717 5620 hostiliter
731 5561 912 5632 deviximus,
967 5577 1038 5618 vero
1054 5577 1071 5618 a
1084 5558 1236 5617 Britannis
1247 5573 1385 5629 regresso
1393 5559 1665 5630 itotbomagensem
1676 5556 1794 5626 urbem,

88 5673 202 5732 eosque
214 5672 311 5732 usqua
325 5655 364 5714 ad
377 5655 612 5716 iniemeoionem
626 5651 764 5710 rarenter
782 5655 914 5726 prestre·
969 5651 1101 5710 Britonos
1113 5647 1266 5708 subsecuti
1278 5652 1307 5707 et
1318 5648 1509 5708 dormiam
1536 5665 1652 5724 pagum
1676 5647 1796 5705 invase-
