<?xml version="1.0" encoding="UTF-8"?>
<!DOCTYPE html PUBLIC "-//W3C//DTD XHTML 1.0 Transitional//EN"
    "http://www.w3.org/TR/xhtml1/DTD/xhtml1-transitional.dtd">
<html xmlns="http://www.w3.org/1999/xhtml" xml:lang="en" lang="en">
 <head>
  <title>
</title>
<meta http-equiv="Content-Type" content="text/html;charset=utf-8" />
  <meta name='ocr-system' content='tesseract 3.04.00' />
  <meta name='ocr-capabilities' content='ocr_page ocr_carea ocr_par ocr_line ocrx_word'/>
</head>
<body>
  <div class='ocr_page' id='page_1' title='image "./patrologiaecurs127unkngoog_0292.png"; bbox 0 0 3996 6186; ppageno 0'>
   <div class='ocr_carea' id='block_1_1' title="bbox 150 197 1627 405">
    <p class='ocr_par' dir='ltr' id='par_1_1' title="bbox 150 197 1627 405">
     <span class='ocr_line' id='line_1_1' title="bbox 150 197 1408 264; baseline -0.004 -5"><span class='ocrx_word' id='word_1_1' title='bbox 150 205 203 259; x_wconf 82' lang='lat' dir='ltr'>ert</span> <span class='ocrx_word' id='word_1_2' title='bbox 611 197 742 255; x_wconf 75' lang='lat' dir='ltr'>ANNAL.</span> <span class='ocrx_word' id='word_1_3' title='bbox 763 197 989 254; x_wconf 79' lang='lat' dir='ltr'>lilhliESHlilM.</span> <span class='ocrx_word' id='word_1_4' title='bbox 1010 197 1197 264; x_wconf 73' lang='lat' dir='ltr'>ohannins.</span> <span class='ocrx_word' id='word_1_5' title='bbox 1216 198 1408 259; x_wconf 77' lang='lat' dir='ltr'>WElSSEMB.</span> 
     </span>
     <span class='ocr_line' id='line_1_2' title="bbox 290 320 1627 405; baseline 0 -27"><span class='ocrx_word' id='word_1_6' title='bbox 290 323 451 405; x_wconf 66' lang='lat' dir='ltr'>Apelles</span> <span class='ocrx_word' id='word_1_7' title='bbox 471 320 811 380; x_wconf 75' lang='lat' dir='ltr'>Hrhnnsflslttnrtsns.</span> <span class='ocrx_word' id='word_1_8' title='bbox 1254 322 1435 380; x_wconf 74' lang='lat' dir='ltr'>Lamennrt</span> <span class='ocrx_word' id='word_1_9' title='bbox 1454 321 1627 378; x_wconf 73' lang='lat' dir='ltr'>ansellis,</span> 
     </span>
    </p>
   </div>
   <div class='ocr_carea' id='block_1_2' title="bbox 149 443 1651 1051">
    <p class='ocr_par' dir='ltr' id='par_1_2' title="bbox 149 443 1651 1051">
     <span class='ocr_line' id='line_1_3' title="bbox 149 443 1650 522; baseline -0.004 -15"><span class='ocrx_word' id='word_1_10' title='bbox 149 449 234 508; x_wconf 91' lang='lat' dir='ltr'>ribus</span> <span class='ocrx_word' id='word_1_11' title='bbox 250 447 476 503; x_wconf 88' lang='lat' dir='ltr'>beneincheata</span> <span class='ocrx_word' id='word_1_12' title='bbox 488 449 516 502; x_wconf 92' lang='lat' dir='ltr'>et</span> <span class='ocrx_word' id='word_1_13' title='bbox 539 461 558 502; x_wconf 92' lang='lat' dir='ltr'>a</span> <span class='ocrx_word' id='word_1_14' title='bbox 586 462 617 504; x_wconf 88' lang='lat' dir='ltr'>se</span> <span class='ocrx_word' id='word_1_15' title='bbox 636 446 743 504; x_wconf 92' lang='lat' dir='ltr'>melius</span> <span class='ocrx_word' id='word_1_16' title='bbox 770 445 923 515; x_wconf 87' lang='lat' dir='ltr'>roborata,</span> <span class='ocrx_word' id='word_1_17' title='bbox 945 443 1080 503; x_wconf 88' lang='lat' dir='ltr'>flebiliter</span> <span class='ocrx_word' id='word_1_18' title='bbox 1094 448 1170 520; x_wconf 91' lang='lat' dir='ltr'>proh</span> <span class='ocrx_word' id='word_1_19' title='bbox 1196 447 1304 505; x_wconf 89' lang='lat' dir='ltr'>dolori</span> <span class='ocrx_word' id='word_1_20' title='bbox 1325 445 1468 522; x_wconf 89' lang='lat' dir='ltr'>disperiit.</span> <span class='ocrx_word' id='word_1_21' title='bbox 1491 445 1650 504; x_wconf 80' lang='lat' dir='ltr'>Praedictus</span> 
     </span>
     <span class='ocr_line' id='line_1_4' title="bbox 150 533 1651 613; baseline -0.001 -20"><span class='ocrx_word' id='word_1_22' title='bbox 150 552 272 613; x_wconf 86' lang='lat' dir='ltr'>queque</span> <span class='ocrx_word' id='word_1_23' title='bbox 300 534 497 592; x_wconf 88' lang='lat' dir='ltr'>Oudalriohus</span> <span class='ocrx_word' id='word_1_24' title='bbox 525 535 681 592; x_wconf 88' lang='lat' dir='ltr'>Boemicus</span> <span class='ocrx_word' id='word_1_25' title='bbox 703 536 776 608; x_wconf 86' lang='lat' dir='ltr'>dux,</span> <span class='ocrx_word' id='word_1_26' title='bbox 802 538 871 608; x_wconf 89' lang='lat' dir='ltr'>post</span> <span class='ocrx_word' id='word_1_27' title='bbox 891 533 1090 592; x_wconf 80' lang='lat' dir='ltr'><strong>reversionem</strong></span> <span class='ocrx_word' id='word_1_28' title='bbox 1112 535 1201 593; x_wconf 87' lang='lat' dir='ltr'>fratre</span> <span class='ocrx_word' id='word_1_29' title='bbox 1227 540 1349 608; x_wconf 78' lang='lat' dir='ltr'>cecato,</span> <span class='ocrx_word' id='word_1_30' title='bbox 1364 535 1426 592; x_wconf 83' lang='lat' dir='ltr'>tilio</span> <span class='ocrx_word' id='word_1_31' title='bbox 1453 534 1566 606; x_wconf 88' lang='lat' dir='ltr'>fugate,</span> <span class='ocrx_word' id='word_1_32' title='bbox 1580 535 1651 591; x_wconf 91' lang='lat' dir='ltr'>item</span> 
     </span>
     <span class='ocr_line' id='line_1_5' title="bbox 151 623 1650 699; baseline -0.003 -15"><span class='ocrx_word' id='word_1_33' title='bbox 151 628 341 684; x_wconf 89' lang='lat' dir='ltr'>sacramenta</span> <span class='ocrx_word' id='word_1_34' title='bbox 353 623 519 695; x_wconf 77' lang='lat' dir='ltr'>refringens</span> <span class='ocrx_word' id='word_1_35' title='bbox 530 624 697 682; x_wconf 87' lang='lat' dir='ltr'>infidelitati</span> <span class='ocrx_word' id='word_1_36' title='bbox 711 625 824 694; x_wconf 88' lang='lat' dir='ltr'>institit,</span> <span class='ocrx_word' id='word_1_37' title='bbox 839 626 868 680; x_wconf 89' lang='lat' dir='ltr'>et</span> <span class='ocrx_word' id='word_1_38' title='bbox 883 623 1005 680; x_wconf 89' lang='lat' dir='ltr'>tandem</span> <span class='ocrx_word' id='word_1_39' title='bbox 1022 623 1052 680; x_wconf 92' lang='lat' dir='ltr'>in</span> <span class='ocrx_word' id='word_1_40' title='bbox 1068 640 1143 682; x_wconf 90' lang='lat' dir='ltr'>cena</span> <span class='ocrx_word' id='word_1_41' title='bbox 1157 624 1302 696; x_wconf 82' lang='lat' dir='ltr'>residens,</span> <span class='ocrx_word' id='word_1_42' title='bbox 1326 625 1393 682; x_wconf 92' lang='lat' dir='ltr'>cibe</span> <span class='ocrx_word' id='word_1_43' title='bbox 1408 627 1543 699; x_wconf 90' lang='lat' dir='ltr'>potuque</span> <span class='ocrx_word' id='word_1_44' title='bbox 1558 623 1650 680; x_wconf 86' lang='lat' dir='ltr'>suffe-</span> 
     </span>
     <span class='ocr_line' id='line_1_6' title="bbox 150 711 1651 787; baseline -0.001 -15"><span class='ocrx_word' id='word_1_45' title='bbox 150 719 234 772; x_wconf 90' lang='lat' dir='ltr'>catus</span> <span class='ocrx_word' id='word_1_46' title='bbox 245 712 388 771; x_wconf 75' lang='lat' dir='ltr'><strong>extabuit.</strong></span> <span class='ocrx_word' id='word_1_47' title='bbox 399 712 476 780; x_wconf 80' lang='lat' dir='ltr'>Quia</span> <span class='ocrx_word' id='word_1_48' title='bbox 486 729 557 784; x_wconf 88' lang='lat' dir='ltr'>ergo</span> <span class='ocrx_word' id='word_1_49' title='bbox 569 714 620 785; x_wconf 89' lang='lat' dir='ltr'>jus</span> <span class='ocrx_word' id='word_1_50' title='bbox 636 713 741 787; x_wconf 88' lang='lat' dir='ltr'>fasque</span> <span class='ocrx_word' id='word_1_51' title='bbox 754 711 942 785; x_wconf 80' lang='lat' dir='ltr'>contempsit,</span> <span class='ocrx_word' id='word_1_52' title='bbox 956 718 984 768; x_wconf 92' lang='lat' dir='ltr'>et</span> <span class='ocrx_word' id='word_1_53' title='bbox 993 717 1132 785; x_wconf 83' lang='lat' dir='ltr'>postiam</span> <span class='ocrx_word' id='word_1_54' title='bbox 1143 713 1231 786; x_wconf 87' lang='lat' dir='ltr'>plura</span> <span class='ocrx_word' id='word_1_55' title='bbox 1241 715 1415 785; x_wconf 74' lang='lat' dir='ltr'>iuramenta</span> <span class='ocrx_word' id='word_1_56' title='bbox 1424 711 1529 786; x_wconf 81' lang='lat' dir='ltr'>priscis</span> <span class='ocrx_word' id='word_1_57' title='bbox 1543 712 1651 770; x_wconf 88' lang='lat' dir='ltr'>iterum</span> 
     </span>
     <span class='ocr_line' id='line_1_7' title="bbox 150 800 1651 875; baseline -0.002 -16"><span class='ocrx_word' id='word_1_58' title='bbox 150 801 267 860; x_wconf 84' lang='lat' dir='ltr'>insidiis</span> <span class='ocrx_word' id='word_1_59' title='bbox 281 800 443 868; x_wconf 88' lang='lat' dir='ltr'>consensit,</span> <span class='ocrx_word' id='word_1_60' title='bbox 461 802 540 858; x_wconf 88' lang='lat' dir='ltr'>unde</span> <span class='ocrx_word' id='word_1_61' title='bbox 555 801 694 858; x_wconf 90' lang='lat' dir='ltr'>fidelibus</span> <span class='ocrx_word' id='word_1_62' title='bbox 709 801 813 859; x_wconf 87' lang='lat' dir='ltr'>christi</span> <span class='ocrx_word' id='word_1_63' title='bbox 825 800 954 858; x_wconf 88' lang='lat' dir='ltr'>salubris</span> <span class='ocrx_word' id='word_1_64' title='bbox 979 801 1153 875; x_wconf 87' lang='lat' dir='ltr'>providetur</span> <span class='ocrx_word' id='word_1_65' title='bbox 1175 801 1306 871; x_wconf 88' lang='lat' dir='ltr'>refectio,</span> <span class='ocrx_word' id='word_1_66' title='bbox 1334 801 1404 858; x_wconf 90' lang='lat' dir='ltr'>inde</span> <span class='ocrx_word' id='word_1_67' title='bbox 1422 800 1465 857; x_wconf 91' lang='lat' dir='ltr'>illi</span> <span class='ocrx_word' id='word_1_68' title='bbox 1488 800 1571 873; x_wconf 86' lang='lat' dir='ltr'>juste</span> <span class='ocrx_word' id='word_1_69' title='bbox 1595 815 1651 873; x_wconf 91' lang='lat' dir='ltr'>pre</span> 
     </span>
     <span class='ocr_line' id='line_1_8' title="bbox 149 889 1646 966; baseline -0.001 -18"><span class='ocrx_word' id='word_1_70' title='bbox 149 891 251 966; x_wconf 87' lang='lat' dir='ltr'>pravis</span> <span class='ocrx_word' id='word_1_71' title='bbox 267 889 329 947; x_wconf 87' lang='lat' dir='ltr'>suis</span> <span class='ocrx_word' id='word_1_72' title='bbox 343 890 455 946; x_wconf 90' lang='lat' dir='ltr'>meritis</span> <span class='ocrx_word' id='word_1_73' title='bbox 471 891 551 947; x_wconf 90' lang='lat' dir='ltr'>venit</span> <span class='ocrx_word' id='word_1_74' title='bbox 565 890 737 948; x_wconf 91' lang='lat' dir='ltr'>interfectio.</span> <span class='ocrx_word' id='word_1_75' title='bbox 764 890 876 947; x_wconf 81' lang='lat' dir='ltr'>codem</span> <span class='ocrx_word' id='word_1_76' title='bbox 890 906 971 948; x_wconf 90' lang='grc'>3333</span> <span class='ocrx_word' id='word_1_77' title='bbox 983 889 1170 948; x_wconf 85' lang='lat' dir='ltr'>Thietmarus</span> <span class='ocrx_word' id='word_1_78' title='bbox 1188 889 1348 948; x_wconf 85' lang='lat' dir='ltr'>vardensis</span> <span class='ocrx_word' id='word_1_79' title='bbox 1362 889 1522 964; x_wconf 84' lang='lat' dir='ltr'>episcopus</span> <span class='ocrx_word' id='word_1_80' title='bbox 1536 895 1562 946; x_wconf 83' lang='grc'>7.</span> <span class='ocrx_word' id='word_1_81' title='bbox 1579 889 1646 947; x_wconf 88' lang='lat' dir='ltr'>Kal.</span> 
     </span>
     <span class='ocr_line' id='line_1_9' title="bbox 150 979 599 1051; baseline -0.007 -12"><span class='ocrx_word' id='word_1_82' title='bbox 150 979 218 1039; x_wconf 82' lang='lat' dir='ltr'>tulii</span> <span class='ocrx_word' id='word_1_83' title='bbox 232 980 272 1038; x_wconf 90' lang='lat' dir='ltr'>ad</span> <span class='ocrx_word' id='word_1_84' title='bbox 283 979 435 1036; x_wconf 89' lang='lat' dir='ltr'>christum</span> <span class='ocrx_word' id='word_1_85' title='bbox 450 979 599 1051; x_wconf 89' lang='lat' dir='ltr'>migravit.</span> 
     </span>
    </p>
   </div>
   <div class='ocr_carea' id='block_1_3' title="bbox 151 1119 1654 2053">
    <p class='ocr_par' dir='ltr' id='par_1_3' title="bbox 151 1119 1654 2053">
     <span class='ocr_line' id='line_1_10' title="bbox 187 1119 1652 1196; baseline -0.003 -15"><span class='ocrx_word' id='word_1_86' title='bbox 187 1121 261 1196; x_wconf 79' lang='grc'>(333)</span> <span class='ocrx_word' id='word_1_87' title='bbox 274 1125 343 1179; x_wconf 86' lang='lat' dir='ltr'>Post</span> <span class='ocrx_word' id='word_1_88' title='bbox 357 1125 567 1196; x_wconf 81' lang='lat' dir='ltr'>quemliruno,</span> <span class='ocrx_word' id='word_1_89' title='bbox 596 1119 687 1180; x_wconf 84' lang='lat' dir='ltr'>frater</span> <span class='ocrx_word' id='word_1_90' title='bbox 713 1121 852 1180; x_wconf 72' lang='lat' dir='ltr'>iriderici</span> <span class='ocrx_word' id='word_1_91' title='bbox 879 1122 1007 1195; x_wconf 89' lang='lat' dir='ltr'>comitis,</span> <span class='ocrx_word' id='word_1_92' title='bbox 1029 1121 1263 1194; x_wconf 86' lang='lat' dir='ltr'>Nienburgensis</span> <span class='ocrx_word' id='word_1_93' title='bbox 1291 1125 1321 1178; x_wconf 88' lang='lat' dir='ltr'>et</span> <span class='ocrx_word' id='word_1_94' title='bbox 1347 1120 1652 1194; x_wconf 76' lang='lat' dir='ltr'>Megetheburgensis</span> 
     </span>
     <span class='ocr_line' id='line_1_11' title="bbox 152 1207 1653 1285; baseline -0.003 -17"><span class='ocrx_word' id='word_1_95' title='bbox 152 1209 248 1268; x_wconf 87' lang='lat' dir='ltr'>abbas</span> <span class='ocrx_word' id='word_1_96' title='bbox 261 1209 449 1267; x_wconf 79' lang='lat' dir='ltr'>subintravit.</span> <span class='ocrx_word' id='word_1_97' title='bbox 466 1208 569 1266; x_wconf 86' lang='lat' dir='ltr'>Eidem</span> <span class='ocrx_word' id='word_1_98' title='bbox 583 1225 654 1267; x_wconf 82' lang='lat' dir='ltr'>vero</span> <span class='ocrx_word' id='word_1_99' title='bbox 670 1210 801 1268; x_wconf 87' lang='lat' dir='ltr'>Brunoni</span> <span class='ocrx_word' id='word_1_100' title='bbox 824 1210 854 1267; x_wconf 94' lang='lat' dir='ltr'>in</span> <span class='ocrx_word' id='word_1_101' title='bbox 881 1210 1032 1282; x_wconf 83' lang='lat' dir='ltr'>Nienburg</span> <span class='ocrx_word' id='word_1_102' title='bbox 1046 1210 1201 1268; x_wconf 80' lang='lat' dir='ltr'>Albvvinus</span> <span class='ocrx_word' id='word_1_103' title='bbox 1215 1209 1246 1266; x_wconf 92' lang='lat' dir='ltr'>in</span> <span class='ocrx_word' id='word_1_104' title='bbox 1261 1209 1470 1285; x_wconf 88' lang='lat' dir='ltr'>philosophica</span> <span class='ocrx_word' id='word_1_105' title='bbox 1482 1215 1544 1264; x_wconf 87' lang='lat' dir='ltr'>arte</span> <span class='ocrx_word' id='word_1_106' title='bbox 1557 1207 1653 1264; x_wconf 89' lang='lat' dir='ltr'>erudi·</span> 
     </span>
     <span class='ocr_line' id='line_1_12' title="bbox 152 1294 1654 1372; baseline -0.003 -17"><span class='ocrx_word' id='word_1_107' title='bbox 152 1297 293 1366; x_wconf 90' lang='lat' dir='ltr'>tissimus,</span> <span class='ocrx_word' id='word_1_108' title='bbox 310 1296 467 1354; x_wconf 81' lang='lat' dir='ltr'>Herfeldire</span> <span class='ocrx_word' id='word_1_109' title='bbox 477 1298 664 1371; x_wconf 81' lang='lat' dir='ltr'>praepositus,</span> <span class='ocrx_word' id='word_1_110' title='bbox 677 1297 731 1372; x_wconf 88' lang='lat' dir='ltr'>qui</span> <span class='ocrx_word' id='word_1_111' title='bbox 749 1297 805 1355; x_wconf 93' lang='lat' dir='ltr'>fuit</span> <span class='ocrx_word' id='word_1_112' title='bbox 812 1297 924 1354; x_wconf 92' lang='lat' dir='ltr'>ibidem</span> <span class='ocrx_word' id='word_1_113' title='bbox 944 1303 1033 1355; x_wconf 89' lang='lat' dir='ltr'>antea</span> <span class='ocrx_word' id='word_1_114' title='bbox 1053 1297 1141 1355; x_wconf 80' lang='lat' dir='ltr'>scolas</span> <span class='ocrx_word' id='word_1_115' title='bbox 1167 1298 1310 1370; x_wconf 88' lang='lat' dir='ltr'>magister</span> <span class='ocrx_word' id='word_1_116' title='bbox 1324 1294 1557 1368; x_wconf 91' lang='lat' dir='ltr'>famosissimus,</span> <span class='ocrx_word' id='word_1_117' title='bbox 1585 1311 1654 1351; x_wconf 90' lang='lat' dir='ltr'>suc·</span> 
     </span>
     <span class='ocr_line' id='line_1_13' title="bbox 151 1382 1651 1457; baseline -0.003 -13"><span class='ocrx_word' id='word_1_118' title='bbox 151 1385 249 1444; x_wconf 90' lang='lat' dir='ltr'>cessit.</span> <span class='ocrx_word' id='word_1_119' title='bbox 264 1389 296 1442; x_wconf 91' lang='lat' dir='ltr'>ln</span> <span class='ocrx_word' id='word_1_120' title='bbox 310 1385 645 1457; x_wconf 83' lang='lat' dir='ltr'>btaegetheburgautem</span> <span class='ocrx_word' id='word_1_121' title='bbox 661 1385 756 1443; x_wconf 73' lang='lat' dir='ltr'>sidaec</span> <span class='ocrx_word' id='word_1_122' title='bbox 774 1386 932 1443; x_wconf 86' lang='lat' dir='ltr'>decadem</span> <span class='ocrx_word' id='word_1_123' title='bbox 951 1385 1076 1444; x_wconf 89' lang='lat' dir='ltr'>ecclesia</span> <span class='ocrx_word' id='word_1_124' title='bbox 1091 1385 1202 1442; x_wconf 89' lang='lat' dir='ltr'>electus</span> <span class='ocrx_word' id='word_1_125' title='bbox 1215 1384 1414 1442; x_wconf 76' lang='lat' dir='ltr'>substituitur.</span> <span class='ocrx_word' id='word_1_126' title='bbox 1441 1382 1555 1440; x_wconf 86' lang='lat' dir='ltr'>Eodem</span> <span class='ocrx_word' id='word_1_127' title='bbox 1570 1398 1651 1441; x_wconf 91' lang='lat' dir='ltr'>anne</span> 
     </span>
     <span class='ocr_line' id='line_1_14' title="bbox 152 1469 1647 1546; baseline -0.003 -15"><span class='ocrx_word' id='word_1_128' title='bbox 152 1472 324 1531; x_wconf 79' lang='lat' dir='ltr'>&#39;thiedricus</span> <span class='ocrx_word' id='word_1_129' title='bbox 337 1489 439 1530; x_wconf 91' lang='lat' dir='ltr'>comes</span> <span class='ocrx_word' id='word_1_130' title='bbox 456 1473 648 1531; x_wconf 87' lang='lat' dir='ltr'>Orientalium</span> <span class='ocrx_word' id='word_1_131' title='bbox 662 1490 680 1530; x_wconf 89' lang='lat' dir='ltr'>a</span> <span class='ocrx_word' id='word_1_132' title='bbox 694 1472 838 1530; x_wconf 88' lang='lat' dir='ltr'>militibus</span> <span class='ocrx_word' id='word_1_133' title='bbox 850 1473 1020 1544; x_wconf 83' lang='lat' dir='ltr'>AEggihardi</span> <span class='ocrx_word' id='word_1_134' title='bbox 1037 1473 1220 1531; x_wconf 88' lang='lat' dir='ltr'>marchionis</span> <span class='ocrx_word' id='word_1_135' title='bbox 1233 1473 1264 1529; x_wconf 90' lang='lat' dir='ltr'>in</span> <span class='ocrx_word' id='word_1_136' title='bbox 1279 1472 1401 1546; x_wconf 91' lang='lat' dir='ltr'>proprio</span> <span class='ocrx_word' id='word_1_137' title='bbox 1416 1471 1554 1528; x_wconf 92' lang='lat' dir='ltr'>cubiculo</span> <span class='ocrx_word' id='word_1_138' title='bbox 1577 1469 1647 1526; x_wconf 87' lang='lat' dir='ltr'>fieta</span> 
     </span>
     <span class='ocr_line' id='line_1_15' title="bbox 151 1557 1651 1632; baseline -0.003 -15"><span class='ocrx_word' id='word_1_139' title='bbox 151 1560 327 1620; x_wconf 87' lang='lat' dir='ltr'>salutatione</span> <span class='ocrx_word' id='word_1_140' title='bbox 342 1561 573 1632; x_wconf 88' lang='lat' dir='ltr'>circumventus,</span> <span class='ocrx_word' id='word_1_141' title='bbox 588 1561 619 1618; x_wconf 90' lang='lat' dir='ltr'>in</span> <span class='ocrx_word' id='word_1_142' title='bbox 636 1560 706 1618; x_wconf 93' lang='lat' dir='ltr'>dele</span> <span class='ocrx_word' id='word_1_143' title='bbox 721 1565 762 1618; x_wconf 79' lang='lat' dir='ltr'>te.</span> <span class='ocrx_word' id='word_1_144' title='bbox 777 1561 844 1618; x_wconf 88' lang='lat' dir='ltr'>Kal.</span> <span class='ocrx_word' id='word_1_145' title='bbox 861 1560 1033 1618; x_wconf 82' lang='lat' dir='ltr'>Decembris</span> <span class='ocrx_word' id='word_1_146' title='bbox 1048 1560 1201 1618; x_wconf 91' lang='lat' dir='ltr'>occiditur.</span> <span class='ocrx_word' id='word_1_147' title='bbox 1216 1561 1307 1632; x_wconf 84' lang='lat' dir='ltr'>Cujus</span> <span class='ocrx_word' id='word_1_148' title='bbox 1330 1559 1505 1631; x_wconf 87' lang='lat' dir='ltr'>dignitatem</span> <span class='ocrx_word' id='word_1_149' title='bbox 1527 1557 1651 1615; x_wconf 90' lang='lat' dir='ltr'>honeris</span> 
     </span>
     <span class='ocr_line' id='line_1_16' title="bbox 152 1644 1651 1722; baseline 0.001 -21"><span class='ocrx_word' id='word_1_150' title='bbox 152 1647 334 1719; x_wconf 66' lang='lat' dir='ltr'>eradicitus</span> <span class='ocrx_word' id='word_1_151' title='bbox 346 1651 421 1720; x_wconf 82' lang='lat' dir='ltr'>ejus,</span> <span class='ocrx_word' id='word_1_152' title='bbox 433 1647 571 1716; x_wconf 89' lang='lat' dir='ltr'>obtinuit,</span> <span class='ocrx_word' id='word_1_153' title='bbox 587 1648 639 1722; x_wconf 90' lang='lat' dir='ltr'>qui</span> <span class='ocrx_word' id='word_1_154' title='bbox 653 1653 758 1721; x_wconf 87' lang='lat' dir='ltr'>postea</span> <span class='ocrx_word' id='word_1_155' title='bbox 783 1647 911 1720; x_wconf 84' lang='lat' dir='ltr'>cedam,</span> <span class='ocrx_word' id='word_1_156' title='bbox 925 1648 1093 1709; x_wconf 87' lang='lat' dir='ltr'>Willihelmi</span> <span class='ocrx_word' id='word_1_157' title='bbox 1108 1648 1306 1720; x_wconf 80' lang='lat' dir='ltr'>Turingorum</span> <span class='ocrx_word' id='word_1_158' title='bbox 1318 1645 1454 1720; x_wconf 73' lang='lat' dir='ltr'>presteris</span> <span class='ocrx_word' id='word_1_159' title='bbox 1469 1644 1605 1717; x_wconf 91' lang='lat' dir='ltr'>viduam,</span> <span class='ocrx_word' id='word_1_160' title='bbox 1619 1645 1651 1702; x_wconf 92' lang='lat' dir='ltr'>in</span> 
     </span>
     <span class='ocr_line' id='line_1_17' title="bbox 151 1731 1653 1807; baseline -0.002 -15"><span class='ocrx_word' id='word_1_161' title='bbox 151 1734 328 1807; x_wconf 74' lang='lat' dir='ltr'>coniugium</span> <span class='ocrx_word' id='word_1_162' title='bbox 343 1735 457 1792; x_wconf 90' lang='lat' dir='ltr'>ascivit.</span> <span class='ocrx_word' id='word_1_163' title='bbox 471 1735 549 1792; x_wconf 85' lang='lat' dir='ltr'>Hezo</span> <span class='ocrx_word' id='word_1_164' title='bbox 568 1734 721 1792; x_wconf 84' lang='lat' dir='ltr'>Palatinus</span> <span class='ocrx_word' id='word_1_165' title='bbox 734 1751 837 1792; x_wconf 91' lang='lat' dir='ltr'>comes</span> <span class='ocrx_word' id='word_1_166' title='bbox 852 1752 871 1792; x_wconf 92' lang='grc'>3</span> <span class='ocrx_word' id='word_1_167' title='bbox 894 1752 949 1793; x_wconf 88' lang='grc'>333</span> <span class='ocrx_word' id='word_1_168' title='bbox 964 1735 1133 1793; x_wconf 90' lang='lat' dir='ltr'>concubina</span> <span class='ocrx_word' id='word_1_169' title='bbox 1146 1734 1270 1792; x_wconf 86' lang='lat' dir='ltr'>nemine</span> <span class='ocrx_word' id='word_1_170' title='bbox 1286 1733 1465 1805; x_wconf 74' lang='lat' dir='ltr'>tiethburga</span> <span class='ocrx_word' id='word_1_171' title='bbox 1480 1731 1586 1789; x_wconf 89' lang='lat' dir='ltr'>veneni</span> <span class='ocrx_word' id='word_1_172' title='bbox 1600 1747 1653 1804; x_wconf 89' lang='lat' dir='ltr'>po-</span> 
     </span>
     <span class='ocr_line' id='line_1_18' title="bbox 153 1817 1652 1896; baseline -0.002 -17"><span class='ocrx_word' id='word_1_173' title='bbox 153 1822 231 1893; x_wconf 92' lang='lat' dir='ltr'>culo,</span> <span class='ocrx_word' id='word_1_174' title='bbox 248 1826 280 1879; x_wconf 93' lang='lat' dir='ltr'>ut</span> <span class='ocrx_word' id='word_1_175' title='bbox 291 1821 393 1890; x_wconf 91' lang='lat' dir='ltr'>fertur,</span> <span class='ocrx_word' id='word_1_176' title='bbox 409 1821 616 1890; x_wconf 87' lang='lat' dir='ltr'>defraudatus,</span> <span class='ocrx_word' id='word_1_177' title='bbox 632 1822 719 1896; x_wconf 89' lang='lat' dir='ltr'>periit</span> <span class='ocrx_word' id='word_1_178' title='bbox 731 1822 866 1880; x_wconf 90' lang='lat' dir='ltr'>flebiliter</span> <span class='ocrx_word' id='word_1_179' title='bbox 880 1827 1027 1891; x_wconf 89' lang='lat' dir='ltr'>mortuus,</span> <span class='ocrx_word' id='word_1_180' title='bbox 1043 1827 1071 1880; x_wconf 91' lang='lat' dir='ltr'>et</span> <span class='ocrx_word' id='word_1_181' title='bbox 1097 1823 1136 1880; x_wconf 87' lang='lat' dir='ltr'>ad</span> <span class='ocrx_word' id='word_1_182' title='bbox 1152 1824 1318 1894; x_wconf 80' lang='lat' dir='ltr'>Augustam</span> <span class='ocrx_word' id='word_1_183' title='bbox 1332 1822 1552 1894; x_wconf 88' lang='lat' dir='ltr'>transportatus</span> <span class='ocrx_word' id='word_1_184' title='bbox 1579 1823 1608 1875; x_wconf 89' lang='lat' dir='ltr'>et</span> <span class='ocrx_word' id='word_1_185' title='bbox 1620 1817 1652 1876; x_wconf 89' lang='lat' dir='ltr'>in</span> 
     </span>
     <span class='ocr_line' id='line_1_19' title="bbox 151 1905 1652 1983; baseline -0.002 -18"><span class='ocrx_word' id='word_1_186' title='bbox 151 1908 276 1966; x_wconf 87' lang='lat' dir='ltr'>ecclesia</span> <span class='ocrx_word' id='word_1_187' title='bbox 295 1909 388 1966; x_wconf 90' lang='lat' dir='ltr'>sancti</span> <span class='ocrx_word' id='word_1_188' title='bbox 404 1909 554 1967; x_wconf 76' lang='lat' dir='ltr'>oudalrici</span> <span class='ocrx_word' id='word_1_189' title='bbox 569 1914 614 1966; x_wconf 91' lang='lat' dir='ltr'>est</span> <span class='ocrx_word' id='word_1_190' title='bbox 634 1909 768 1983; x_wconf 90' lang='lat' dir='ltr'>sepultus</span> <span class='ocrx_word' id='word_1_191' title='bbox 799 1913 842 1966; x_wconf 85' lang='lat' dir='ltr'>te.</span> <span class='ocrx_word' id='word_1_192' title='bbox 868 1911 931 1969; x_wconf 85' lang='lat' dir='ltr'>Kal.</span> <span class='ocrx_word' id='word_1_193' title='bbox 952 1910 1041 1969; x_wconf 80' lang='lat' dir='ltr'>lunii.</span> <span class='ocrx_word' id='word_1_194' title='bbox 1066 1909 1255 1967; x_wconf 80' lang='lat' dir='ltr'>Ekberhthus</span> <span class='ocrx_word' id='word_1_195' title='bbox 1279 1922 1382 1965; x_wconf 90' lang='lat' dir='ltr'>comes</span> <span class='ocrx_word' id='word_1_196' title='bbox 1401 1906 1508 1964; x_wconf 74' lang='grc'>3331.</span> <span class='ocrx_word' id='word_1_197' title='bbox 1538 1905 1652 1980; x_wconf 85' lang='lat' dir='ltr'>Appril.</span> 
     </span>
     <span class='ocr_line' id='line_1_20' title="bbox 153 1994 237 2053; baseline -0.012 0"><span class='ocrx_word' id='word_1_198' title='bbox 153 1994 237 2053; x_wconf 91' lang='lat' dir='ltr'>obiit.</span> 
     </span>
    </p>
   </div>
   <div class='ocr_carea' id='block_1_4' title="bbox 190 2131 1870 2212">
    <p class='ocr_par' dir='ltr' id='par_1_4' title="bbox 190 2131 1870 2212">
     <span class='ocr_line' id='line_1_21' title="bbox 190 2131 1870 2212; baseline -0.002 -20"><span class='ocrx_word' id='word_1_199' title='bbox 190 2139 268 2195; x_wconf 77' lang='lat' dir='ltr'>fcit.</span> <span class='ocrx_word' id='word_1_200' title='bbox 283 2135 346 2194; x_wconf 90' lang='lat' dir='ltr'>ind.</span> <span class='ocrx_word' id='word_1_201' title='bbox 363 2137 601 2195; x_wconf 73' lang='grc'>3.(1333333333</span> <span class='ocrx_word' id='word_1_202' title='bbox 624 2137 787 2212; x_wconf 87' lang='lat' dir='ltr'>imperator</span> <span class='ocrx_word' id='word_1_203' title='bbox 798 2139 983 2196; x_wconf 88' lang='lat' dir='ltr'>nativitatem</span> <span class='ocrx_word' id='word_1_204' title='bbox 1075 2137 1153 2194; x_wconf 84' lang='grc'>1335.</span> <span class='ocrx_word' id='word_1_205' title='bbox 1170 2134 1326 2206; x_wconf 81' lang='lat' dir='ltr'>nodutus,</span> <span class='ocrx_word' id='word_1_206' title='bbox 1352 2134 1449 2192; x_wconf 87' lang='lat' dir='ltr'>abbas</span> <span class='ocrx_word' id='word_1_207' title='bbox 1473 2132 1692 2206; x_wconf 83' lang='lat' dir='ltr'>Herveldensis,</span> <span class='ocrx_word' id='word_1_208' title='bbox 1713 2131 1870 2190; x_wconf 88' lang='lat' dir='ltr'>ordinatur</span> 
     </span>
    </p>
   </div>
   <div class='ocr_carea' id='block_1_5' title="bbox 153 2221 1978 2301">
    <p class='ocr_par' dir='ltr' id='par_1_5' title="bbox 153 2221 1978 2301">
     <span class='ocr_line' id='line_1_22' title="bbox 153 2221 1978 2301; baseline -0.004 -18"><span class='ocrx_word' id='word_1_209' title='bbox 153 2223 261 2283; x_wconf 83' lang='lat' dir='ltr'>Christi</span> <span class='ocrx_word' id='word_1_210' title='bbox 274 2241 343 2282; x_wconf 91' lang='lat' dir='ltr'>cum</span> <span class='ocrx_word' id='word_1_211' title='bbox 358 2225 571 2283; x_wconf 88' lang='lat' dir='ltr'>decentissima</span> <span class='ocrx_word' id='word_1_212' title='bbox 601 2241 724 2283; x_wconf 90' lang='lat' dir='ltr'>suorum</span> <span class='ocrx_word' id='word_1_213' title='bbox 746 2227 983 2301; x_wconf 82' lang='lat' dir='ltr'>frequentatione</span> <span class='ocrx_word' id='word_1_214' title='bbox 1037 2225 1197 2300; x_wconf 89' lang='lat' dir='ltr'>episcopus</span> <span class='ocrx_word' id='word_1_215' title='bbox 1210 2224 1465 2293; x_wconf 87' lang='lat' dir='ltr'>Podelbrunnon;</span> <span class='ocrx_word' id='word_1_216' title='bbox 1480 2223 1529 2281; x_wconf 92' lang='lat' dir='ltr'>cui</span> <span class='ocrx_word' id='word_1_217' title='bbox 1542 2222 1746 2294; x_wconf 85' lang='lat' dir='ltr'>Meginherus,</span> <span class='ocrx_word' id='word_1_218' title='bbox 1759 2221 1804 2278; x_wconf 88' lang='lat' dir='ltr'>vir</span> <span class='ocrx_word' id='word_1_219' title='bbox 1817 2235 1867 2276; x_wconf 87' lang='lat' dir='ltr'>ve·</span> <span class='ocrx_word' id='word_1_220' title='bbox 1973 2268 1978 2275; x_wconf 65' lang='lat'>.</span> 
     </span>
    </p>
   </div>
   <div class='ocr_carea' id='block_1_6' title="bbox 86 2313 1657 4327">
    <p class='ocr_par' dir='ltr' id='par_1_6' title="bbox 152 2313 1354 2389">
     <span class='ocr_line' id='line_1_23' title="bbox 152 2313 1354 2389; baseline -0.001 -19"><span class='ocrx_word' id='word_1_221' title='bbox 152 2313 273 2371; x_wconf 88' lang='lat' dir='ltr'>coslare</span> <span class='ocrx_word' id='word_1_222' title='bbox 287 2314 467 2384; x_wconf 75' lang='lat' dir='ltr'>celebravit,</span> <span class='ocrx_word' id='word_1_223' title='bbox 483 2331 545 2389; x_wconf 92' lang='lat' dir='ltr'>quo</span> <span class='ocrx_word' id='word_1_224' title='bbox 560 2316 601 2372; x_wconf 89' lang='lat' dir='ltr'>ad</span> <span class='ocrx_word' id='word_1_225' title='bbox 625 2332 695 2373; x_wconf 89' lang='lat' dir='ltr'>eum</span> <span class='ocrx_word' id='word_1_226' title='bbox 707 2316 894 2374; x_wconf 90' lang='lat' dir='ltr'>diversarum</span> <span class='ocrx_word' id='word_1_227' title='bbox 910 2332 983 2388; x_wconf 91' lang='lat' dir='ltr'>gen·</span> <span class='ocrx_word' id='word_1_228' title='bbox 1037 2315 1191 2385; x_wconf 88' lang='lat' dir='ltr'>nerabilis,</span> <span class='ocrx_word' id='word_1_229' title='bbox 1203 2315 1354 2371; x_wconf 80' lang='lat' dir='ltr'>successit.</span> 
     </span>
    </p>

    <p class='ocr_par' dir='ltr' id='par_1_7' title="bbox 152 2402 984 2477">
     <span class='ocr_line' id='line_1_24' title="bbox 152 2402 984 2477; baseline 0 -17"><span class='ocrx_word' id='word_1_230' title='bbox 152 2403 228 2461; x_wconf 90' lang='lat' dir='ltr'>tium</span> <span class='ocrx_word' id='word_1_231' title='bbox 258 2402 349 2473; x_wconf 87' lang='lat' dir='ltr'>legati</span> <span class='ocrx_word' id='word_1_232' title='bbox 376 2419 446 2460; x_wconf 91' lang='lat' dir='ltr'>oum</span> <span class='ocrx_word' id='word_1_233' title='bbox 471 2405 647 2461; x_wconf 89' lang='lat' dir='ltr'>muneribus</span> <span class='ocrx_word' id='word_1_234' title='bbox 676 2409 901 2475; x_wconf 86' lang='lat' dir='ltr'>convenerunt;</span> <span class='ocrx_word' id='word_1_235' title='bbox 931 2406 984 2477; x_wconf 82' lang='lat' dir='ltr'>qui</span> 
     </span>
    </p>

    <p class='ocr_par' dir='ltr' id='par_1_8' title="bbox 86 2490 1657 4327">
     <span class='ocr_line' id='line_1_25' title="bbox 151 2490 1654 2566; baseline -0.001 -17"><span class='ocrx_word' id='word_1_236' title='bbox 151 2490 231 2559; x_wconf 91' lang='lat' dir='ltr'>inde,</span> <span class='ocrx_word' id='word_1_237' title='bbox 244 2494 277 2547; x_wconf 92' lang='lat' dir='ltr'>ut</span> <span class='ocrx_word' id='word_1_238' title='bbox 288 2490 512 2564; x_wconf 88' lang='lat' dir='ltr'>imperatoriam</span> <span class='ocrx_word' id='word_1_239' title='bbox 527 2493 717 2565; x_wconf 88' lang='lat' dir='ltr'>majestatem</span> <span class='ocrx_word' id='word_1_240' title='bbox 739 2493 897 2566; x_wconf 90' lang='lat' dir='ltr'>oportebat</span> <span class='ocrx_word' id='word_1_241' title='bbox 923 2493 1114 2561; x_wconf 87' lang='lat' dir='ltr'>remunerati,</span> <span class='ocrx_word' id='word_1_242' title='bbox 1139 2491 1286 2549; x_wconf 87' lang='lat' dir='ltr'>abierunt.</span> <span class='ocrx_word' id='word_1_243' title='bbox 1320 2491 1374 2548; x_wconf 90' lang='lat' dir='ltr'>Ubi</span> <span class='ocrx_word' id='word_1_244' title='bbox 1395 2491 1485 2548; x_wconf 90' lang='lat' dir='ltr'>etiam</span> <span class='ocrx_word' id='word_1_245' title='bbox 1511 2490 1654 2564; x_wconf 77' lang='lat' dir='ltr'>predicto</span> 
     </span>
     <span class='ocr_line' id='line_1_26' title="bbox 151 2577 1652 2654; baseline 0 -20"><span class='ocrx_word' id='word_1_246' title='bbox 151 2578 266 2635; x_wconf 90' lang='lat' dir='ltr'>domno</span> <span class='ocrx_word' id='word_1_247' title='bbox 280 2577 417 2635; x_wconf 79' lang='lat' dir='ltr'>Albwino</span> <span class='ocrx_word' id='word_1_248' title='bbox 431 2579 560 2637; x_wconf 79' lang='lat' dir='ltr'>abbatim</span> <span class='ocrx_word' id='word_1_249' title='bbox 574 2580 751 2651; x_wconf 89' lang='lat' dir='ltr'>dignitatem</span> <span class='ocrx_word' id='word_1_250' title='bbox 767 2580 797 2638; x_wconf 90' lang='lat' dir='ltr'>in</span> <span class='ocrx_word' id='word_1_251' title='bbox 811 2580 884 2654; x_wconf 89' lang='lat' dir='ltr'>ipsis</span> <span class='ocrx_word' id='word_1_252' title='bbox 897 2579 960 2637; x_wconf 82' lang='lat' dir='ltr'>Kal.</span> <span class='ocrx_word' id='word_1_253' title='bbox 975 2580 1109 2638; x_wconf 81' lang='lat' dir='ltr'>ianuarii</span> <span class='ocrx_word' id='word_1_254' title='bbox 1123 2578 1355 2638; x_wconf 90' lang='lat' dir='ltr'>commendavit.</span> <span class='ocrx_word' id='word_1_255' title='bbox 1381 2580 1417 2635; x_wconf 83' lang='lat' dir='ltr'>Et</span> <span class='ocrx_word' id='word_1_256' title='bbox 1436 2578 1652 2637; x_wconf 83' lang='lat' dir='ltr'>chuonradum</span> 
     </span>
     <span class='ocr_line' id='line_1_27' title="bbox 151 2665 1655 2743; baseline 0.001 -21"><span class='ocrx_word' id='word_1_257' title='bbox 151 2665 278 2723; x_wconf 81' lang='lat' dir='ltr'>Alberici</span> <span class='ocrx_word' id='word_1_258' title='bbox 291 2665 387 2724; x_wconf 89' lang='lat' dir='ltr'>filium</span> <span class='ocrx_word' id='word_1_259' title='bbox 402 2667 489 2725; x_wconf 83' lang='lat' dir='ltr'>exilio</span> <span class='ocrx_word' id='word_1_260' title='bbox 503 2684 589 2724; x_wconf 90' lang='lat' dir='ltr'>reum</span> <span class='ocrx_word' id='word_1_261' title='bbox 604 2669 769 2740; x_wconf 87' lang='lat' dir='ltr'>majestatis</span> <span class='ocrx_word' id='word_1_262' title='bbox 795 2669 959 2742; x_wconf 88' lang='lat' dir='ltr'>deputavit.</span> <span class='ocrx_word' id='word_1_263' title='bbox 976 2672 1120 2743; x_wconf 82' lang='lat' dir='ltr'>Tempore</span> <span class='ocrx_word' id='word_1_264' title='bbox 1142 2667 1398 2742; x_wconf 85' lang='lat' dir='ltr'>quadragesimali</span> <span class='ocrx_word' id='word_1_265' title='bbox 1414 2667 1486 2724; x_wconf 90' lang='lat' dir='ltr'>urbs</span> <span class='ocrx_word' id='word_1_266' title='bbox 1498 2666 1622 2724; x_wconf 89' lang='lat' dir='ltr'>Wirbini</span> <span class='ocrx_word' id='word_1_267' title='bbox 1635 2682 1655 2723; x_wconf 89' lang='lat' dir='ltr'>a</span> 
     </span>
     <span class='ocr_line' id='line_1_28' title="bbox 86 2754 1655 2831; baseline 0 -21"><span class='ocrx_word' id='word_1_268' title='bbox 86 2783 89 2792; x_wconf 81' lang='lat'><strong>·</strong></span> <span class='ocrx_word' id='word_1_269' title='bbox 151 2754 279 2812; x_wconf 85' lang='lat' dir='ltr'>Leitiziis</span> <span class='ocrx_word' id='word_1_270' title='bbox 295 2755 421 2829; x_wconf 89' lang='lat' dir='ltr'>capitur,</span> <span class='ocrx_word' id='word_1_271' title='bbox 439 2761 468 2814; x_wconf 91' lang='lat' dir='ltr'>et</span> <span class='ocrx_word' id='word_1_272' title='bbox 482 2757 656 2830; x_wconf 75' lang='lat' dir='ltr'>presidium</span> <span class='ocrx_word' id='word_1_273' title='bbox 685 2757 767 2814; x_wconf 81' lang='lat' dir='ltr'>llaedi</span> <span class='ocrx_word' id='word_1_274' title='bbox 779 2757 896 2815; x_wconf 91' lang='lat' dir='ltr'>comitis</span> <span class='ocrx_word' id='word_1_275' title='bbox 919 2757 1073 2831; x_wconf 91' lang='lat' dir='ltr'>captivum</span> <span class='ocrx_word' id='word_1_276' title='bbox 1096 2756 1256 2814; x_wconf 90' lang='lat' dir='ltr'>diducitur.</span> <span class='ocrx_word' id='word_1_277' title='bbox 1287 2755 1461 2813; x_wconf 88' lang='lat' dir='ltr'>Incendium</span> <span class='ocrx_word' id='word_1_278' title='bbox 1477 2754 1655 2825; x_wconf 84' lang='lat' dir='ltr'>Degerensis</span> 
     </span>
     <span class='ocr_line' id='line_1_29' title="bbox 153 2842 1655 2919; baseline 0 -20"><span class='ocrx_word' id='word_1_279' title='bbox 153 2842 227 2914; x_wconf 71' lang='lat' dir='ltr'>(cti)</span> <span class='ocrx_word' id='word_1_280' title='bbox 244 2843 418 2900; x_wconf 87' lang='lat' dir='ltr'>monasterii</span> <span class='ocrx_word' id='word_1_281' title='bbox 432 2848 459 2901; x_wconf 81' lang='lat'>5.</span> <span class='ocrx_word' id='word_1_282' title='bbox 484 2844 551 2901; x_wconf 85' lang='lat' dir='ltr'>Kal.</span> <span class='ocrx_word' id='word_1_283' title='bbox 575 2845 686 2902; x_wconf 85' lang='lat' dir='ltr'>Marcii.</span> <span class='ocrx_word' id='word_1_284' title='bbox 713 2849 878 2918; x_wconf 86' lang='lat' dir='ltr'>imperator</span> <span class='ocrx_word' id='word_1_285' title='bbox 901 2846 1015 2919; x_wconf 82' lang='lat' dir='ltr'>pascha</span> <span class='ocrx_word' id='word_1_286' title='bbox 1041 2845 1254 2903; x_wconf 76' lang='lat' dir='ltr'>paderbrunne</span> <span class='ocrx_word' id='word_1_287' title='bbox 1281 2844 1421 2913; x_wconf 78' lang='lat' dir='ltr'>feriavit3</span> <span class='ocrx_word' id='word_1_288' title='bbox 1448 2843 1655 2900; x_wconf 91' lang='lat' dir='ltr'>ascensionem</span> 
     </span>
     <span class='ocr_line' id='line_1_30' title="bbox 152 2929 1655 3007; baseline 0.001 -21"><span class='ocrx_word' id='word_1_289' title='bbox 152 2930 270 2988; x_wconf 86' lang='lat' dir='ltr'>Domini</span> <span class='ocrx_word' id='word_1_290' title='bbox 309 2929 504 3002; x_wconf 84' lang='lat' dir='ltr'>seliganstad,</span> <span class='ocrx_word' id='word_1_291' title='bbox 538 2937 730 3006; x_wconf 86' lang='lat' dir='ltr'>pentecosten</span> <span class='ocrx_word' id='word_1_292' title='bbox 783 2949 854 2990; x_wconf 89' lang='lat' dir='ltr'>vere</span> <span class='ocrx_word' id='word_1_293' title='bbox 888 2934 1063 3006; x_wconf 75' lang='lat' dir='ltr'>bavenberg</span> <span class='ocrx_word' id='word_1_294' title='bbox 1097 2933 1165 3005; x_wconf 91' lang='lat' dir='ltr'>egit.</span> <span class='ocrx_word' id='word_1_295' title='bbox 1200 2932 1283 2990; x_wconf 90' lang='lat' dir='ltr'>Unde</span> <span class='ocrx_word' id='word_1_296' title='bbox 1317 2931 1535 3007; x_wconf 85' lang='lat' dir='ltr'>expeditionem</span> <span class='ocrx_word' id='word_1_297' title='bbox 1567 2947 1655 2988; x_wconf 89' lang='lat' dir='ltr'>suam</span> 
     </span>
     <span class='ocr_line' id='line_1_31' title="bbox 152 3017 1655 3096; baseline 0.001 -23"><span class='ocrx_word' id='word_1_298' title='bbox 152 3032 184 3073; x_wconf 90' lang='lat' dir='ltr'>rn</span> <span class='ocrx_word' id='word_1_299' title='bbox 198 3017 334 3075; x_wconf 86' lang='lat' dir='ltr'>Lintizies</span> <span class='ocrx_word' id='word_1_300' title='bbox 349 3018 424 3076; x_wconf 90' lang='lat' dir='ltr'>serie</span> <span class='ocrx_word' id='word_1_301' title='bbox 441 3020 605 3077; x_wconf 87' lang='lat' dir='ltr'>mandavit.</span> <span class='ocrx_word' id='word_1_302' title='bbox 636 3020 679 3077; x_wconf 91' lang='lat' dir='ltr'>lbi</span> <span class='ocrx_word' id='word_1_303' title='bbox 690 3021 781 3078; x_wconf 89' lang='lat' dir='ltr'>etiam</span> <span class='ocrx_word' id='word_1_304' title='bbox 797 3020 954 3079; x_wconf 87' lang='lat' dir='ltr'>Heinricho</span> <span class='ocrx_word' id='word_1_305' title='bbox 980 3023 1052 3093; x_wconf 89' lang='lat' dir='ltr'>regi,</span> <span class='ocrx_word' id='word_1_306' title='bbox 1069 3022 1130 3079; x_wconf 91' lang='lat' dir='ltr'>filie</span> <span class='ocrx_word' id='word_1_307' title='bbox 1146 3022 1344 3096; x_wconf 85' lang='lat' dir='ltr'>imperatoris,</span> <span class='ocrx_word' id='word_1_308' title='bbox 1366 3021 1426 3077; x_wconf 85' lang='lat' dir='ltr'>tilis</span> <span class='ocrx_word' id='word_1_309' title='bbox 1453 3022 1550 3079; x_wconf 87' lang='lat' dir='ltr'>Chnut</span> <span class='ocrx_word' id='word_1_310' title='bbox 1576 3021 1655 3091; x_wconf 89' lang='lat' dir='ltr'>regis</span> 
     </span>
     <span class='ocr_line' id='line_1_32' title="bbox 154 3105 1656 3182; baseline 0.003 -23"><span class='ocrx_word' id='word_1_311' title='bbox 154 3105 307 3161; x_wconf 82' lang='lat' dir='ltr'>canorum</span> <span class='ocrx_word' id='word_1_312' title='bbox 333 3105 511 3178; x_wconf 87' lang='lat' dir='ltr'>juramentis</span> <span class='ocrx_word' id='word_1_313' title='bbox 535 3108 759 3182; x_wconf 60' lang='lat' dir='ltr'>desponsatum</span> <span class='ocrx_word' id='word_1_314' title='bbox 783 3113 812 3166; x_wconf 91' lang='lat' dir='ltr'>et</span> <span class='ocrx_word' id='word_1_315' title='bbox 840 3112 905 3167; x_wconf 91' lang='lat' dir='ltr'>Otto</span> <span class='ocrx_word' id='word_1_316' title='bbox 935 3110 973 3167; x_wconf 91' lang='lat' dir='ltr'>de</span> <span class='ocrx_word' id='word_1_317' title='bbox 1002 3109 1183 3168; x_wconf 81' lang='lat' dir='ltr'>suinvourdi</span> <span class='ocrx_word' id='word_1_318' title='bbox 1204 3109 1316 3166; x_wconf 89' lang='lat' dir='ltr'>ibidem</span> <span class='ocrx_word' id='word_1_319' title='bbox 1343 3107 1527 3172; x_wconf 84' lang='lat' dir='ltr'>Mathitdcm,</span> <span class='ocrx_word' id='word_1_320' title='bbox 1562 3107 1656 3164; x_wconf 87' lang='lat' dir='ltr'>filiam</span> 
     </span>
     <span class='ocr_line' id='line_1_33' title="bbox 154 3190 1654 3271; baseline 0.002 -23"><span class='ocrx_word' id='word_1_321' title='bbox 154 3190 357 3251; x_wconf 73' lang='lat' dir='ltr'>bolezlavonis</span> <span class='ocrx_word' id='word_1_322' title='bbox 383 3195 572 3253; x_wconf 83' lang='lat' dir='ltr'>Pelianorum</span> <span class='ocrx_word' id='word_1_323' title='bbox 601 3196 696 3268; x_wconf 89' lang='lat' dir='ltr'>ducis,</span> <span class='ocrx_word' id='word_1_324' title='bbox 727 3195 783 3253; x_wconf 87' lang='lat' dir='ltr'>sibi</span> <span class='ocrx_word' id='word_1_325' title='bbox 811 3197 1015 3271; x_wconf 86' lang='lat' dir='ltr'>desponsavit.</span> <span class='ocrx_word' id='word_1_326' title='bbox 1042 3201 1207 3271; x_wconf 87' lang='lat' dir='ltr'>imperator</span> <span class='ocrx_word' id='word_1_327' title='bbox 1236 3213 1305 3253; x_wconf 91' lang='lat' dir='ltr'>cum</span> <span class='ocrx_word' id='word_1_328' title='bbox 1319 3195 1507 3254; x_wconf 87' lang='lat' dir='ltr'>validissimo</span> <span class='ocrx_word' id='word_1_329' title='bbox 1523 3198 1654 3253; x_wconf 84' lang='lat' dir='ltr'>exercitu</span> 
     </span>
     <span class='ocr_line' id='line_1_34' title="bbox 152 3279 1652 3359; baseline 0.002 -22"><span class='ocrx_word' id='word_1_330' title='bbox 152 3279 306 3352; x_wconf 85' lang='lat' dir='ltr'>regionem</span> <span class='ocrx_word' id='word_1_331' title='bbox 320 3283 509 3342; x_wconf 81' lang='lat' dir='ltr'>liutiziorum</span> <span class='ocrx_word' id='word_1_332' title='bbox 528 3284 667 3354; x_wconf 88' lang='lat' dir='ltr'>intravit;</span> <span class='ocrx_word' id='word_1_333' title='bbox 682 3300 777 3358; x_wconf 86' lang='lat' dir='ltr'>quam</span> <span class='ocrx_word' id='word_1_334' title='bbox 790 3284 879 3357; x_wconf 92' lang='lat' dir='ltr'>longe</span> <span class='ocrx_word' id='word_1_335' title='bbox 892 3285 1013 3359; x_wconf 88' lang='lat' dir='ltr'>lateque</span> <span class='ocrx_word' id='word_1_336' title='bbox 1027 3285 1174 3342; x_wconf 89' lang='lat' dir='ltr'>incendiis</span> <span class='ocrx_word' id='word_1_337' title='bbox 1194 3290 1223 3341; x_wconf 85' lang='lat' dir='ltr'>st</span> <span class='ocrx_word' id='word_1_338' title='bbox 1247 3283 1452 3359; x_wconf 85' lang='lat' dir='ltr'>populationis</span> <span class='ocrx_word' id='word_1_339' title='bbox 1476 3281 1652 3342; x_wconf 89' lang='lat' dir='ltr'>devastavit.</span> 
     </span>
     <span class='ocr_line' id='line_1_35' title="bbox 153 3368 1655 3447; baseline 0.001 -21"><span class='ocrx_word' id='word_1_340' title='bbox 153 3368 266 3427; x_wconf 85' lang='lat' dir='ltr'>Eodem</span> <span class='ocrx_word' id='word_1_341' title='bbox 278 3386 360 3428; x_wconf 90' lang='grc'>3333</span> <span class='ocrx_word' id='word_1_342' title='bbox 385 3371 586 3430; x_wconf 87' lang='lat' dir='ltr'>Herimannus</span> <span class='ocrx_word' id='word_1_343' title='bbox 612 3371 902 3444; x_wconf 79' lang='lat' dir='ltr'>flammaburgensis</span> <span class='ocrx_word' id='word_1_344' title='bbox 935 3371 1183 3447; x_wconf 88' lang='lat' dir='ltr'>metropolitanus</span> <span class='ocrx_word' id='word_1_345' title='bbox 1206 3387 1242 3429; x_wconf 88' lang='lat' dir='ltr'>ex</span> <span class='ocrx_word' id='word_1_346' title='bbox 1270 3374 1328 3430; x_wconf 89' lang='grc'>333</span> <span class='ocrx_word' id='word_1_347' title='bbox 1356 3372 1418 3429; x_wconf 89' lang='lat' dir='ltr'>vita</span> <span class='ocrx_word' id='word_1_348' title='bbox 1444 3372 1593 3442; x_wconf 90' lang='lat' dir='ltr'>migravit.</span> <span class='ocrx_word' id='word_1_349' title='bbox 1622 3375 1655 3427; x_wconf 91' lang='lat' dir='ltr'>ln</span> 
     </span>
     <span class='ocr_line' id='line_1_36' title="bbox 152 3458 1654 3534; baseline 0.003 -21"><span class='ocrx_word' id='word_1_350' title='bbox 152 3458 239 3530; x_wconf 86' lang='lat' dir='ltr'>cujus</span> <span class='ocrx_word' id='word_1_351' title='bbox 264 3459 365 3516; x_wconf 90' lang='lat' dir='ltr'>locum</span> <span class='ocrx_word' id='word_1_352' title='bbox 389 3460 598 3518; x_wconf 67' lang='lat' dir='ltr'>adelbrandus</span> <span class='ocrx_word' id='word_1_353' title='bbox 627 3459 700 3534; x_wconf 82' lang='grc'>(335)</span> <span class='ocrx_word' id='word_1_354' title='bbox 727 3460 828 3531; x_wconf 87' lang='lat' dir='ltr'>regius</span> <span class='ocrx_word' id='word_1_355' title='bbox 853 3459 1027 3533; x_wconf 85' lang='lat' dir='ltr'>capellanus</span> <span class='ocrx_word' id='word_1_356' title='bbox 1055 3459 1196 3528; x_wconf 81' lang='lat' dir='ltr'>intravit3</span> <span class='ocrx_word' id='word_1_357' title='bbox 1216 3461 1269 3533; x_wconf 88' lang='lat' dir='ltr'>qui</span> <span class='ocrx_word' id='word_1_358' title='bbox 1289 3477 1359 3517; x_wconf 92' lang='lat' dir='ltr'>cum</span> <span class='ocrx_word' id='word_1_359' title='bbox 1385 3476 1506 3518; x_wconf 86' lang='lat' dir='ltr'>summe</span> <span class='ocrx_word' id='word_1_360' title='bbox 1530 3475 1654 3518; x_wconf 90' lang='lat' dir='ltr'>suorum</span> 
     </span>
     <span class='ocr_line' id='line_1_37' title="bbox 153 3545 1654 3622; baseline 0.003 -23"><span class='ocrx_word' id='word_1_361' title='bbox 153 3545 258 3617; x_wconf 90' lang='lat' dir='ltr'>suique</span> <span class='ocrx_word' id='word_1_362' title='bbox 273 3547 554 3619; x_wconf 88' lang='lat' dir='ltr'>conprovintialium</span> <span class='ocrx_word' id='word_1_363' title='bbox 580 3546 692 3618; x_wconf 85' lang='lat' dir='ltr'>gaudio</span> <span class='ocrx_word' id='word_1_364' title='bbox 707 3565 725 3605; x_wconf 89' lang='lat' dir='ltr'>a</span> <span class='ocrx_word' id='word_1_365' title='bbox 741 3548 803 3604; x_wconf 89' lang='lat' dir='ltr'>suis</span> <span class='ocrx_word' id='word_1_366' title='bbox 828 3547 1026 3620; x_wconf 86' lang='lat' dir='ltr'>suffraganeis</span> <span class='ocrx_word' id='word_1_367' title='bbox 1053 3547 1203 3622; x_wconf 88' lang='lat' dir='ltr'>episcopis</span> <span class='ocrx_word' id='word_1_368' title='bbox 1226 3548 1355 3606; x_wconf 87' lang='lat' dir='ltr'>sabbato</span> <span class='ocrx_word' id='word_1_369' title='bbox 1378 3553 1447 3606; x_wconf 91' lang='lat' dir='ltr'>ante</span> <span class='ocrx_word' id='word_1_370' title='bbox 1470 3549 1654 3606; x_wconf 87' lang='lat' dir='ltr'>nativitatem</span> 
     </span>
     <span class='ocr_line' id='line_1_38' title="bbox 153 3631 1655 3712; baseline 0.003 -25"><span class='ocrx_word' id='word_1_371' title='bbox 153 3631 268 3702; x_wconf 86' lang='lat' dir='ltr'>christi,</span> <span class='ocrx_word' id='word_1_372' title='bbox 283 3633 315 3688; x_wconf 92' lang='lat' dir='ltr'>in</span> <span class='ocrx_word' id='word_1_373' title='bbox 329 3633 431 3704; x_wconf 86' lang='lat' dir='ltr'>vigilia</span> <span class='ocrx_word' id='word_1_374' title='bbox 445 3635 541 3691; x_wconf 91' lang='lat' dir='ltr'>sancti</span> <span class='ocrx_word' id='word_1_375' title='bbox 555 3631 679 3691; x_wconf 74' lang='lat' dir='ltr'>Thema</span> <span class='ocrx_word' id='word_1_376' title='bbox 692 3635 830 3708; x_wconf 89' lang='lat' dir='ltr'>apostoli,</span> <span class='ocrx_word' id='word_1_377' title='bbox 845 3636 1011 3710; x_wconf 89' lang='lat' dir='ltr'>prespiterii</span> <span class='ocrx_word' id='word_1_378' title='bbox 1034 3637 1192 3701; x_wconf 89' lang='lat' dir='ltr'>honorem,</span> <span class='ocrx_word' id='word_1_379' title='bbox 1204 3639 1233 3692; x_wconf 91' lang='lat' dir='ltr'>et</span> <span class='ocrx_word' id='word_1_380' title='bbox 1252 3635 1283 3693; x_wconf 91' lang='lat' dir='ltr'>in</span> <span class='ocrx_word' id='word_1_381' title='bbox 1307 3637 1472 3694; x_wconf 86' lang='lat' dir='ltr'>crastinum</span> <span class='ocrx_word' id='word_1_382' title='bbox 1497 3635 1655 3712; x_wconf 87' lang='lat' dir='ltr'>pontifica-</span> 
     </span>
     <span class='ocr_line' id='line_1_39' title="bbox 151 3716 1653 3798; baseline 0.005 -25"><span class='ocrx_word' id='word_1_383' title='bbox 151 3716 211 3774; x_wconf 92' lang='lat' dir='ltr'>lem</span> <span class='ocrx_word' id='word_1_384' title='bbox 226 3720 448 3791; x_wconf 85' lang='lat' dir='ltr'>promotionem</span> <span class='ocrx_word' id='word_1_385' title='bbox 462 3721 577 3796; x_wconf 88' lang='lat' dir='ltr'>ecoepit</span> <span class='ocrx_word' id='word_1_386' title='bbox 590 3721 765 3780; x_wconf 86' lang='lat' dir='ltr'>honorifice.</span> <span class='ocrx_word' id='word_1_387' title='bbox 785 3723 954 3798; x_wconf 88' lang='lat' dir='ltr'>opperthus</span> <span class='ocrx_word' id='word_1_388' title='bbox 971 3722 1231 3795; x_wconf 78' lang='lat' dir='ltr'>Elewengensium</span> <span class='ocrx_word' id='word_1_389' title='bbox 1244 3723 1341 3781; x_wconf 90' lang='grc'>33333</span> <span class='ocrx_word' id='word_1_390' title='bbox 1356 3725 1429 3782; x_wconf 90' lang='lat' dir='ltr'>obiit</span> <span class='ocrx_word' id='word_1_391' title='bbox 1445 3744 1452 3794; x_wconf 89' lang='lat'>;</span> <span class='ocrx_word' id='word_1_392' title='bbox 1469 3724 1517 3781; x_wconf 91' lang='lat' dir='ltr'>cui</span> <span class='ocrx_word' id='word_1_393' title='bbox 1530 3725 1653 3781; x_wconf 81' lang='lat' dir='ltr'>Rihhar-</span> 
     </span>
     <span class='ocr_line' id='line_1_40' title="bbox 152 3803 1654 3886; baseline 0.005 -25"><span class='ocrx_word' id='word_1_394' title='bbox 152 3803 210 3862; x_wconf 90' lang='lat' dir='ltr'>dus</span> <span class='ocrx_word' id='word_1_395' title='bbox 226 3805 379 3864; x_wconf 83' lang='lat' dir='ltr'>Fuldensis</span> <span class='ocrx_word' id='word_1_396' title='bbox 394 3810 563 3866; x_wconf 88' lang='lat' dir='ltr'>monachus</span> <span class='ocrx_word' id='word_1_397' title='bbox 579 3810 729 3868; x_wconf 89' lang='lat' dir='ltr'>successit.</span> <span class='ocrx_word' id='word_1_398' title='bbox 754 3809 902 3869; x_wconf 79' lang='lat' dir='ltr'>lfoerksuit</span> <span class='ocrx_word' id='word_1_399' title='bbox 928 3811 1294 3886; x_wconf 83' lang='lat' dir='ltr'>wongerestorpiensium</span> <span class='ocrx_word' id='word_1_400' title='bbox 1314 3812 1470 3869; x_wconf 86' lang='lat' dir='ltr'>abbatissa</span> <span class='ocrx_word' id='word_1_401' title='bbox 1483 3813 1501 3867; x_wconf 79' lang='lat'>2</span> <span class='ocrx_word' id='word_1_402' title='bbox 1515 3812 1581 3869; x_wconf 84' lang='lat' dir='ltr'>llal.</span> <span class='ocrx_word' id='word_1_403' title='bbox 1595 3814 1654 3868; x_wconf 90' lang='lat' dir='ltr'>No-</span> 
     </span>
     <span class='ocr_line' id='line_1_41' title="bbox 151 3893 1654 3974; baseline 0.005 -26"><span class='ocrx_word' id='word_1_404' title='bbox 151 3893 253 3952; x_wconf 90' lang='lat' dir='ltr'>vemb.</span> <span class='ocrx_word' id='word_1_405' title='bbox 269 3894 361 3964; x_wconf 88' lang='lat' dir='ltr'>ebiit;</span> <span class='ocrx_word' id='word_1_406' title='bbox 375 3901 446 3971; x_wconf 91' lang='lat' dir='ltr'>post</span> <span class='ocrx_word' id='word_1_407' title='bbox 459 3913 552 3970; x_wconf 88' lang='lat' dir='ltr'>quam</span> <span class='ocrx_word' id='word_1_408' title='bbox 572 3897 713 3967; x_wconf 82' lang='lat' dir='ltr'>Alberad,</span> <span class='ocrx_word' id='word_1_409' title='bbox 743 3897 1006 3958; x_wconf 86' lang='lat' dir='ltr'>Molinbeohiensis</span> <span class='ocrx_word' id='word_1_410' title='bbox 1030 3900 1115 3974; x_wconf 90' lang='lat' dir='ltr'>prius</span> <span class='ocrx_word' id='word_1_411' title='bbox 1138 3899 1304 3970; x_wconf 85' lang='lat' dir='ltr'>abbatissa,</span> <span class='ocrx_word' id='word_1_412' title='bbox 1331 3899 1553 3958; x_wconf 89' lang='lat' dir='ltr'>machinatione</span> <span class='ocrx_word' id='word_1_413' title='bbox 1582 3900 1654 3970; x_wconf 89' lang='lat' dir='ltr'>Sigi-</span> 
     </span>
     <span class='ocr_line' id='line_1_42' title="bbox 151 3979 1653 4060; baseline 0.005 -23"><span class='ocrx_word' id='word_1_414' title='bbox 151 3979 250 4038; x_wconf 90' lang='lat' dir='ltr'>berhti</span> <span class='ocrx_word' id='word_1_415' title='bbox 262 3982 428 4041; x_wconf 82' lang='lat' dir='ltr'>bfindensis</span> <span class='ocrx_word' id='word_1_416' title='bbox 444 3985 577 4060; x_wconf 90' lang='lat' dir='ltr'>episcopi</span> <span class='ocrx_word' id='word_1_417' title='bbox 591 3985 672 4042; x_wconf 89' lang='lat' dir='ltr'>idem</span> <span class='ocrx_word' id='word_1_418' title='bbox 686 3985 820 4056; x_wconf 90' lang='lat' dir='ltr'>regimen</span> <span class='ocrx_word' id='word_1_419' title='bbox 836 3987 975 4060; x_wconf 87' lang='lat' dir='ltr'>suscepit,</span> <span class='ocrx_word' id='word_1_420' title='bbox 1006 3991 1068 4044; x_wconf 91' lang='lat' dir='ltr'>tota</span> <span class='ocrx_word' id='word_1_421' title='bbox 1091 3987 1324 4058; x_wconf 87' lang='lat' dir='ltr'>congregatione</span> <span class='ocrx_word' id='word_1_422' title='bbox 1347 3987 1475 4044; x_wconf 90' lang='lat' dir='ltr'>nimium</span> <span class='ocrx_word' id='word_1_423' title='bbox 1498 3987 1653 4044; x_wconf 88' lang='lat' dir='ltr'>renitente.</span> 
     </span>
     <span class='ocr_line' id='line_1_43' title="bbox 151 4067 1653 4149; baseline 0.005 -25"><span class='ocrx_word' id='word_1_424' title='bbox 151 4067 276 4126; x_wconf 86' lang='lat' dir='ltr'>Hiemali</span> <span class='ocrx_word' id='word_1_425' title='bbox 291 4075 426 4146; x_wconf 90' lang='lat' dir='ltr'>tempore</span> <span class='ocrx_word' id='word_1_426' title='bbox 441 4072 570 4143; x_wconf 77' lang='lat' dir='ltr'>chnuht,</span> <span class='ocrx_word' id='word_1_427' title='bbox 582 4090 634 4130; x_wconf 87' lang='lat' dir='ltr'>rex</span> <span class='ocrx_word' id='word_1_428' title='bbox 650 4077 803 4131; x_wconf 82' lang='lat' dir='ltr'>canorum</span> <span class='ocrx_word' id='word_1_429' title='bbox 815 4078 844 4131; x_wconf 92' lang='lat' dir='ltr'>et</span> <span class='ocrx_word' id='word_1_430' title='bbox 868 4074 1044 4145; x_wconf 72' lang='lat' dir='ltr'>anglorum,</span> <span class='ocrx_word' id='word_1_431' title='bbox 1064 4075 1227 4132; x_wconf 89' lang='lat' dir='ltr'>immature</span> <span class='ocrx_word' id='word_1_432' title='bbox 1241 4079 1336 4132; x_wconf 88' lang='lat' dir='ltr'>morte</span> <span class='ocrx_word' id='word_1_433' title='bbox 1354 4079 1525 4149; x_wconf 73' lang='lat' dir='ltr'>preventus</span> <span class='ocrx_word' id='word_1_434' title='bbox 1551 4074 1653 4147; x_wconf 91' lang='lat' dir='ltr'>obivit,</span> 
     </span>
     <span class='ocr_line' id='line_1_44' title="bbox 151 4156 1657 4239; baseline 0.006 -28"><span class='ocrx_word' id='word_1_435' title='bbox 151 4161 180 4212; x_wconf 90' lang='lat' dir='ltr'>et</span> <span class='ocrx_word' id='word_1_436' title='bbox 189 4156 351 4217; x_wconf 83' lang='lat' dir='ltr'>christiana</span> <span class='ocrx_word' id='word_1_437' title='bbox 369 4160 472 4232; x_wconf 90' lang='lat' dir='ltr'>religio</span> <span class='ocrx_word' id='word_1_438' title='bbox 487 4162 604 4235; x_wconf 88' lang='lat' dir='ltr'>abipso</span> <span class='ocrx_word' id='word_1_439' title='bbox 616 4161 742 4220; x_wconf 89' lang='lat' dir='ltr'>fideliter</span> <span class='ocrx_word' id='word_1_440' title='bbox 756 4163 874 4220; x_wconf 84' lang='lat' dir='ltr'>exculta</span> <span class='ocrx_word' id='word_1_441' title='bbox 887 4163 1048 4238; x_wconf 85' lang='lat' dir='ltr'>periclitari</span> <span class='ocrx_word' id='word_1_442' title='bbox 1062 4164 1161 4239; x_wconf 88' lang='lat' dir='ltr'>coepit.</span> <span class='ocrx_word' id='word_1_443' title='bbox 1186 4163 1244 4220; x_wconf 89' lang='lat' dir='ltr'>Sed</span> <span class='ocrx_word' id='word_1_444' title='bbox 1257 4163 1336 4221; x_wconf 89' lang='lat' dir='ltr'>filius</span> <span class='ocrx_word' id='word_1_445' title='bbox 1358 4165 1423 4236; x_wconf 87' lang='lat' dir='ltr'>ejus</span> <span class='ocrx_word' id='word_1_446' title='bbox 1435 4200 1439 4210; x_wconf 89' lang='lat'>·</span> <span class='ocrx_word' id='word_1_447' title='bbox 1449 4163 1562 4236; x_wconf 86' lang='lat' dir='ltr'>junior,</span> <span class='ocrx_word' id='word_1_448' title='bbox 1579 4163 1657 4220; x_wconf 83' lang='lat' dir='ltr'>Haer-</span> 
     </span>
     <span class='ocr_line' id='line_1_45' title="bbox 151 4241 1652 4327; baseline 0.007 -30"><span class='ocrx_word' id='word_1_449' title='bbox 151 4241 284 4300; x_wconf 88' lang='lat' dir='ltr'>dechunt</span> <span class='ocrx_word' id='word_1_450' title='bbox 297 4247 430 4315; x_wconf 91' lang='lat' dir='ltr'>nomine,</span> <span class='ocrx_word' id='word_1_451' title='bbox 443 4264 571 4320; x_wconf 89' lang='lat' dir='ltr'>regnum</span> <span class='ocrx_word' id='word_1_452' title='bbox 585 4250 681 4324; x_wconf 92' lang='lat' dir='ltr'>ipsius</span> <span class='ocrx_word' id='word_1_453' title='bbox 695 4255 763 4324; x_wconf 92' lang='lat' dir='ltr'>post</span> <span class='ocrx_word' id='word_1_454' title='bbox 776 4267 847 4308; x_wconf 91' lang='lat' dir='ltr'>eum</span> <span class='ocrx_word' id='word_1_455' title='bbox 862 4268 1013 4310; x_wconf 87' lang='lat' dir='ltr'>censensu</span> <span class='ocrx_word' id='word_1_456' title='bbox 1027 4251 1259 4327; x_wconf 91' lang='lat' dir='ltr'>provincialium</span> <span class='ocrx_word' id='word_1_457' title='bbox 1274 4252 1411 4310; x_wconf 90' lang='lat' dir='ltr'>obtinuit.</span> <span class='ocrx_word' id='word_1_458' title='bbox 1435 4254 1513 4310; x_wconf 82' lang='lat' dir='ltr'>outa</span> <span class='ocrx_word' id='word_1_459' title='bbox 1541 4257 1652 4309; x_wconf 77' lang='lat' dir='ltr'>sanctes</span> 
     </span>
    </p>
   </div>
   <div class='ocr_carea' id='block_1_7' title="bbox 151 4335 1655 4481">
    <p class='ocr_par' dir='ltr' id='par_1_9' title="bbox 151 4335 1655 4481">
     <span class='ocr_line' id='line_1_46' title="bbox 151 4335 1655 4479; baseline 0.005 -90"><span class='ocrx_word' id='word_1_460' title='bbox 151 4335 444 4479; x_wconf 49' lang='lat' dir='ltr'>cgmffimsorationis</span> <span class='ocrx_word' id='word_1_461' title='bbox 459 4335 614 4395; x_wconf 87' lang='lat' dir='ltr'>abbatissa</span> <span class='ocrx_word' id='word_1_462' title='bbox 628 4339 666 4396; x_wconf 93' lang='lat' dir='ltr'>de</span> <span class='ocrx_word' id='word_1_463' title='bbox 682 4339 855 4412; x_wconf 77' lang='lat' dir='ltr'>confengon</span> <span class='ocrx_word' id='word_1_464' title='bbox 870 4341 946 4414; x_wconf 84' lang='grc'>(333)</span> <span class='ocrx_word' id='word_1_465' title='bbox 959 4340 1033 4399; x_wconf 91' lang='lat' dir='ltr'>obiit</span> <span class='ocrx_word' id='word_1_466' title='bbox 1057 4345 1100 4398; x_wconf 80' lang='lat' dir='ltr'>tt.</span> <span class='ocrx_word' id='word_1_467' title='bbox 1121 4340 1187 4398; x_wconf 88' lang='lat' dir='ltr'>Kal.</span> <span class='ocrx_word' id='word_1_468' title='bbox 1218 4340 1323 4399; x_wconf 86' lang='lat' dir='ltr'>octob.</span> <span class='ocrx_word' id='word_1_469' title='bbox 1348 4345 1447 4399; x_wconf 87' lang='lat' dir='ltr'>Brune</span> <span class='ocrx_word' id='word_1_470' title='bbox 1465 4357 1568 4399; x_wconf 88' lang='lat' dir='ltr'>comes</span> <span class='ocrx_word' id='word_1_471' title='bbox 1581 4340 1655 4399; x_wconf 89' lang='lat' dir='ltr'>obiit</span> 
     </span>
     <span class='ocr_line' id='line_1_47' title="bbox 189 4438 361 4481; baseline 0.023 -5"><span class='ocrx_word' id='word_1_472' title='bbox 189 4461 196 4476; x_wconf 90' lang='lat'>.</span> <span class='ocrx_word' id='word_1_473' title='bbox 270 4463 277 4478; x_wconf 93' lang='lat'>.</span> <span class='ocrx_word' id='word_1_474' title='bbox 310 4438 361 4481; x_wconf 88' lang='lat' dir='ltr'>un.</span> 
     </span>
    </p>
   </div>
   <div class='ocr_carea' id='block_1_8' title="bbox 150 4564 1869 4824">
    <p class='ocr_par' dir='ltr' id='par_1_10' title="bbox 150 4564 1869 4824">
     <span class='ocr_line' id='line_1_48' title="bbox 190 4564 1867 4647; baseline 0.005 -27"><span class='ocrx_word' id='word_1_475' title='bbox 190 4564 338 4624; x_wconf 75' lang='lat' dir='ltr'>rotsind.</span> <span class='ocrx_word' id='word_1_476' title='bbox 349 4569 376 4623; x_wconf 78' lang='lat' dir='ltr'>t.</span> <span class='ocrx_word' id='word_1_477' title='bbox 387 4569 551 4640; x_wconf 86' lang='lat' dir='ltr'>Imperator</span> <span class='ocrx_word' id='word_1_478' title='bbox 566 4578 762 4627; x_wconf 91' lang='lat' dir='ltr'>cumsumma</span> <span class='ocrx_word' id='word_1_479' title='bbox 772 4573 983 4647; x_wconf 86' lang='lat' dir='ltr'>suerumprin-</span> <span class='ocrx_word' id='word_1_480' title='bbox 1074 4573 1316 4645; x_wconf 74' lang='lat' dir='ltr'>litibPiligrinus</span> <span class='ocrx_word' id='word_1_481' title='bbox 1325 4571 1508 4632; x_wconf 91' lang='lat' dir='ltr'>celeniensis</span> <span class='ocrx_word' id='word_1_482' title='bbox 1521 4571 1765 4646; x_wconf 87' lang='lat' dir='ltr'>archiepiscopus</span> <span class='ocrx_word' id='word_1_483' title='bbox 1772 4571 1867 4642; x_wconf 87' lang='lat' dir='ltr'>obiit;</span> 
     </span>
     <span class='ocr_line' id='line_1_49' title="bbox 152 4652 1869 4734; baseline 0.003 -22"><span class='ocrx_word' id='word_1_484' title='bbox 152 4653 254 4728; x_wconf 90' lang='lat' dir='ltr'>cipum</span> <span class='ocrx_word' id='word_1_485' title='bbox 285 4652 451 4727; x_wconf 85' lang='lat' dir='ltr'>frequentia</span> <span class='ocrx_word' id='word_1_486' title='bbox 479 4653 664 4712; x_wconf 87' lang='lat' dir='ltr'>nativitatem</span> <span class='ocrx_word' id='word_1_487' title='bbox 690 4655 796 4716; x_wconf 89' lang='lat' dir='ltr'>christi</span> <span class='ocrx_word' id='word_1_488' title='bbox 822 4660 983 4730; x_wconf 74' lang='lat' dir='ltr'>argentine</span> <span class='ocrx_word' id='word_1_489' title='bbox 1036 4662 1084 4718; x_wconf 86' lang='lat' dir='ltr'>cui</span> <span class='ocrx_word' id='word_1_490' title='bbox 1101 4661 1300 4720; x_wconf 82' lang='lat' dir='ltr'>lierimannus</span> <span class='ocrx_word' id='word_1_491' title='bbox 1325 4662 1475 4719; x_wconf 86' lang='lat' dir='ltr'>suecessit.</span> <span class='ocrx_word' id='word_1_492' title='bbox 1501 4661 1624 4734; x_wconf 84' lang='lat' dir='ltr'>[Eodem</span> <span class='ocrx_word' id='word_1_493' title='bbox 1638 4676 1719 4718; x_wconf 91' lang='lat' dir='ltr'>anno</span> <span class='ocrx_word' id='word_1_494' title='bbox 1737 4660 1869 4718; x_wconf 80' lang='lat' dir='ltr'>redifica-</span> 
     </span>
     <span class='ocr_line' id='line_1_50' title="bbox 150 4741 1869 4824; baseline 0.005 -26"><span class='ocrx_word' id='word_1_495' title='bbox 150 4741 312 4814; x_wconf 89' lang='lat' dir='ltr'>magnifice</span> <span class='ocrx_word' id='word_1_496' title='bbox 326 4741 487 4801; x_wconf 88' lang='lat' dir='ltr'>celebravit</span> <span class='ocrx_word' id='word_1_497' title='bbox 502 4762 509 4812; x_wconf 76' lang='lat'>3</span> <span class='ocrx_word' id='word_1_498' title='bbox 523 4742 763 4817; x_wconf 85' lang='lat' dir='ltr'>purificationem</span> <span class='ocrx_word' id='word_1_499' title='bbox 777 4762 847 4805; x_wconf 90' lang='lat' dir='ltr'>vero</span> <span class='ocrx_word' id='word_1_500' title='bbox 872 4754 982 4806; x_wconf 74' lang='lat' dir='ltr'>sanctae</span> <span class='ocrx_word' id='word_1_501' title='bbox 1036 4755 1100 4808; x_wconf 89' lang='lat' dir='ltr'>tum</span> <span class='ocrx_word' id='word_1_502' title='bbox 1116 4757 1162 4808; x_wconf 88' lang='lat' dir='ltr'>est</span> <span class='ocrx_word' id='word_1_503' title='bbox 1174 4748 1390 4808; x_wconf 85' lang='lat' dir='ltr'>monasterium</span> <span class='ocrx_word' id='word_1_504' title='bbox 1416 4751 1593 4809; x_wconf 88' lang='lat' dir='ltr'>Seetberum</span> <span class='ocrx_word' id='word_1_505' title='bbox 1607 4752 1639 4808; x_wconf 91' lang='lat' dir='ltr'>in</span> <span class='ocrx_word' id='word_1_506' title='bbox 1661 4749 1795 4807; x_wconf 76' lang='lat' dir='ltr'>cherdia</span> <span class='ocrx_word' id='word_1_507' title='bbox 1814 4767 1869 4824; x_wconf 88' lang='lat' dir='ltr'>per</span> 
     </span>
    </p>
   </div>
   <div class='ocr_carea' id='block_1_9' title="bbox 152 4831 1867 5004">
    <p class='ocr_par' dir='ltr' id='par_1_11' title="bbox 152 4831 1867 5004">
     <span class='ocr_line' id='line_1_51' title="bbox 152 4831 1867 4913; baseline 0.005 -27"><span class='ocrx_word' id='word_1_508' title='bbox 152 4831 253 4888; x_wconf 73' lang='lat' dir='ltr'>Mariis</span> <span class='ocrx_word' id='word_1_509' title='bbox 267 4831 537 4903; x_wconf 71' lang='lat' dir='ltr'>augustburgsgit,</span> <span class='ocrx_word' id='word_1_510' title='bbox 552 4831 605 4888; x_wconf 92' lang='lat' dir='ltr'>ubi</span> <span class='ocrx_word' id='word_1_511' title='bbox 615 4836 644 4889; x_wconf 88' lang='lat' dir='ltr'>et</span> <span class='ocrx_word' id='word_1_512' title='bbox 655 4832 811 4906; x_wconf 90' lang='lat' dir='ltr'>publicum</span> <span class='ocrx_word' id='word_1_513' title='bbox 826 4851 895 4894; x_wconf 91' lang='lat' dir='ltr'>cum</span> <span class='ocrx_word' id='word_1_514' title='bbox 908 4853 982 4894; x_wconf 92' lang='lat' dir='ltr'>cun-</span> <span class='ocrx_word' id='word_1_515' title='bbox 1036 4839 1184 4896; x_wconf 91' lang='lat' dir='ltr'>domnum</span> <span class='ocrx_word' id='word_1_516' title='bbox 1199 4840 1382 4898; x_wconf 85' lang='lat' dir='ltr'>waltherum</span> <span class='ocrx_word' id='word_1_517' title='bbox 1394 4838 1431 4896; x_wconf 91' lang='lat' dir='ltr'>de</span> <span class='ocrx_word' id='word_1_518' title='bbox 1456 4839 1613 4910; x_wconf 83' lang='lat' dir='ltr'>clisbcrg3</span> <span class='ocrx_word' id='word_1_519' title='bbox 1638 4838 1750 4896; x_wconf 91' lang='lat' dir='ltr'>ibidem</span> <span class='ocrx_word' id='word_1_520' title='bbox 1769 4837 1867 4913; x_wconf 88' lang='lat' dir='ltr'>sepui-</span> 
     </span>
     <span class='ocr_line' id='line_1_52' title="bbox 152 4918 1192 5004; baseline 0.011 -30"><span class='ocrx_word' id='word_1_521' title='bbox 152 4918 982 4995; x_wconf 83' lang='lat' dir='ltr'>ctiscircumjacentiumregienumprimeribusconven·</span> <span class='ocrx_word' id='word_1_522' title='bbox 1040 4935 1096 4986; x_wconf 72' lang='lat' dir='ltr'>tus.</span> <span class='ocrx_word' id='word_1_523' title='bbox 1111 4931 1138 4986; x_wconf 79' lang='lat' dir='ltr'>l.</span> <span class='ocrx_word' id='word_1_524' title='bbox 1154 4927 1192 5004; x_wconf 82' lang='lat'>5.]</span> 
     </span>
    </p>
   </div>
   <div class='ocr_carea' id='block_1_10' title="bbox 151 5007 1652 5269">
    <p class='ocr_par' dir='ltr' id='par_1_12' title="bbox 151 5007 1652 5269">
     <span class='ocr_line' id='line_1_53' title="bbox 151 5007 980 5084; baseline 0.008 -21"><span class='ocrx_word' id='word_1_525' title='bbox 151 5007 371 5078; x_wconf 88' lang='lat' dir='ltr'>tumhabuit‚in</span> <span class='ocrx_word' id='word_1_526' title='bbox 378 5025 440 5082; x_wconf 87' lang='lat' dir='ltr'>quo</span> <span class='ocrx_word' id='word_1_527' title='bbox 447 5009 574 5084; x_wconf 87' lang='lat' dir='ltr'>patrueli</span> <span class='ocrx_word' id='word_1_528' title='bbox 585 5026 641 5067; x_wconf 91' lang='lat' dir='ltr'>suo</span> <span class='ocrx_word' id='word_1_529' title='bbox 651 5010 946 5070; x_wconf 69' lang='lat' dir='ltr'>chuonradoduoatr:</span> <span class='ocrx_word' id='word_1_530' title='bbox 954 5039 980 5070; x_wconf 60' lang='lat'>2.</span> 
     </span>
     <span class='ocr_line' id='line_1_54' title="bbox 153 5095 1652 5181; baseline 0.006 -29"><span class='ocrx_word' id='word_1_531' title='bbox 153 5095 379 5153; x_wconf 86' lang='lat' dir='ltr'>carentinorum</span> <span class='ocrx_word' id='word_1_532' title='bbox 394 5098 553 5155; x_wconf 92' lang='lat' dir='ltr'>commisit.</span> <span class='ocrx_word' id='word_1_533' title='bbox 567 5099 795 5157; x_wconf 67' lang='lat' dir='ltr'>adaelberonem</span> <span class='ocrx_word' id='word_1_534' title='bbox 805 5101 968 5174; x_wconf 76' lang='lat' dir='ltr'>majestati-1</span> <span class='ocrx_word' id='word_1_535' title='bbox 982 5123 1067 5164; x_wconf 88' lang='lat' dir='ltr'>reum</span> <span class='ocrx_word' id='word_1_536' title='bbox 1082 5106 1173 5181; x_wconf 90' lang='lat' dir='ltr'>priori</span> <span class='ocrx_word' id='word_1_537' title='bbox 1181 5122 1264 5164; x_wconf 91' lang='grc'>3333</span> <span class='ocrx_word' id='word_1_538' title='bbox 1276 5106 1529 5165; x_wconf 83' lang='lat' dir='ltr'>dimovitffistem</span> <span class='ocrx_word' id='word_1_539' title='bbox 1544 5105 1652 5163; x_wconf 90' lang='lat' dir='ltr'>diebus</span> 
     </span>
     <span class='ocr_line' id='line_1_55' title="bbox 151 5179 1649 5269; baseline 0.008 -31"><span class='ocrx_word' id='word_1_540' title='bbox 151 5179 233 5239; x_wconf 91' lang='lat' dir='ltr'>idem</span> <span class='ocrx_word' id='word_1_541' title='bbox 242 5181 391 5240; x_wconf 80' lang='lat' dir='ltr'>Adclbero</span> <span class='ocrx_word' id='word_1_542' title='bbox 402 5183 622 5243; x_wconf 85' lang='lat' dir='ltr'>Wiltebelmum</span> <span class='ocrx_word' id='word_1_543' title='bbox 638 5187 779 5245; x_wconf 87' lang='lat' dir='ltr'>comitem</span> <span class='ocrx_word' id='word_1_544' title='bbox 793 5187 947 5262; x_wconf 89' lang='lat' dir='ltr'>interfecit,</span> <span class='ocrx_word' id='word_1_545' title='bbox 962 5197 990 5251; x_wconf 84' lang='lat' dir='ltr'>et</span> <span class='ocrx_word' id='word_1_546' title='bbox 1012 5199 1118 5269; x_wconf 89' lang='lat' dir='ltr'>postea</span> <span class='ocrx_word' id='word_1_547' title='bbox 1142 5193 1174 5251; x_wconf 89' lang='lat' dir='ltr'>in</span> <span class='ocrx_word' id='word_1_548' title='bbox 1197 5193 1356 5252; x_wconf 88' lang='lat' dir='ltr'>castellum</span> <span class='ocrx_word' id='word_1_549' title='bbox 1370 5193 1540 5265; x_wconf 80' lang='lat' dir='ltr'>cresburgh</span> <span class='ocrx_word' id='word_1_550' title='bbox 1554 5207 1649 5252; x_wconf 83' lang='lat' dir='ltr'>causa</span> 
     </span>
    </p>
   </div>
   <div class='ocr_carea' id='block_1_11' title="bbox 186 5555 1799 5710">
    <p class='ocr_par' dir='ltr' id='par_1_13' title="bbox 186 5555 1799 5710">
     <span class='ocr_line' id='line_1_56' title="bbox 186 5555 1799 5710; baseline 0.007 -97"><span class='ocrx_word' id='word_1_551' title='bbox 186 5555 252 5697; x_wconf 51' lang='lat' dir='ltr'>gg}</span> <span class='ocrx_word' id='word_1_552' title='bbox 273 5555 559 5700; x_wconf 41' lang='lat' dir='ltr'>ssffllgmanus.</span> <span class='ocrx_word' id='word_1_553' title='bbox 1083 5567 1135 5693; x_wconf 47' lang='lat' dir='ltr'>{aa}</span> <span class='ocrx_word' id='word_1_554' title='bbox 1159 5564 1350 5710; x_wconf 51' lang='lat' dir='ltr'>Bcffiffiffi</span> <span class='ocrx_word' id='word_1_555' title='bbox 1359 5567 1396 5695; x_wconf 54' lang='lat' dir='ltr'>iii</span> <span class='ocrx_word' id='word_1_556' title='bbox 1406 5567 1575 5696; x_wconf 42' lang='lat' dir='ltr'>&amp;affinis</span> <span class='ocrx_word' id='word_1_557' title='bbox 1587 5568 1649 5625; x_wconf 78' lang='grc' dir='ltr'>ΒΕΖ</span> <span class='ocrx_word' id='word_1_558' title='bbox 1664 5567 1799 5625; x_wconf 59' lang='lat' dir='ltr'>obem.</span> 
     </span>
    </p>
   </div>
   <div class='ocr_carea' id='block_1_12' title="bbox 0 0 2006 6180">
    <p class='ocr_par' dir='ltr' id='par_1_14' title="bbox 0 0 2006 6180">
     <span class='ocr_line' id='line_1_57' title="bbox 0 0 2006 6180; baseline 0 0"><span class='ocrx_word' id='word_1_559' title='bbox 0 0 2006 6180; x_wconf 95' lang='lat' dir='ltr'> </span> 
     </span>
    </p>
   </div>
  </div>
 </body>
</html>
