4044 6184
100 186 150 238 tas
403 215 405 220 ·
558 239 563 252 ,
645 181 709 236 tre.
731 179 776 236 llll
796 177 982 236 MIRACULIS
1003 175 1146 235 SANGTAE
1166 177 1264 234 fillis.
1758 189 1808 242 tao

96 303 255 360 adsedem
265 305 482 362 carnutensem
492 306 666 376 assumptus
677 302 739 360 fuit.
752 302 845 374 liujus
856 300 926 357 scri·
944 303 1072 374 Asuper
1083 300 1140 358 hoc
1155 299 1330 370 miracula»
1339 271 1449 376 nempe
1459 302 1497 360 de
1511 303 1668 377 peregrino
1683 306 1809 364 emeriti

96 391 210 467 ptionis
223 391 413 449 occasionem
428 390 497 448 inde
519 395 622 449 natam
643 391 731 449 refert
751 391 799 448 hic
814 395 927 460 auctor,

97 482 192 556 quod,
209 499 280 538 cunr
295 481 414 540 carnoti
429 482 459 538 in
480 481 608 538 fulberti
631 481 734 538 schola
749 485 928 546 versarctur,

97 571 309 630 suburbanam
324 575 435 628 sanctae
451 570 528 628 Fidis
540 571 708 644 ecclesiam,
721 573 767 628 vet
779 571 930 629 scribendi

97 678 191 719 rausa
202 663 250 718 oet
262 661 381 729 eraudi,
396 660 506 734 saepius
519 660 624 730 adiret,
640 664 669 717 et
682 660 776 716 multa
785 660 823 716 de
839 661 928 716 ruira-

97 751 171 808 culis
183 751 216 808 in
233 749 371 808 coenobio
393 749 596 808 conchacensi
609 749 722 824 patrari
737 749 828 806 solitis
843 749 928 806 audi-

97 843 149 910 ret,
163 856 236 913 quae
252 838 389 896 nonnulli
402 838 509 896 fabulis
520 838 649 895 anilibus
659 838 846 912 deputabant
858 858 864 910 ;
881 855 929 896 su-

97 927 186 986 bierit
198 927 337 984 animum
351 927 500 998 cogitatio,
513 931 546 983 ut
556 926 657 983 locum
672 927 776 996 adiret,
789 932 817 984 et
828 928 870 984 rei
881 944 931 985 ve-

96 1017 218 1072 ritatem
234 1031 337 1072 coram
352 1015 529 1088 exploraret.
541 1019 649 1073 Verum
662 1014 701 1071 ad
716 1015 825 1072 scholae
833 1016 930 1074 Ande-

96 1105 215 1162 casinee
231 1104 437 1175 magisterium
452 1103 491 1160 ab
513 1103 654 1178 episcopo
668 1104 819 1175 invitatae,
834 1111 862 1162 et
876 1123 929 1180 per

96 1193 263 1251 triennium
289 1193 348 1250 illic
378 1193 515 1251 docendo
543 1193 732 1263 immoratus,
764 1195 929 1268 postposito

95 1283 223 1340 tandem
239 1284 296 1340 boc
311 1298 446 1353 munere,
463 1283 598 1339 conchas
613 1299 644 1340 se
658 1283 782 1340 contulit
805 1299 866 1341 non
882 1300 929 1341 se-

983 389 1110 446 vinculis
1124 388 1267 446 divinitus
1283 389 1426 448 liberato:
1444 415 1458 441 «
1470 393 1556 464 cujus
1565 393 1668 458 verba,
1679 411 1808 469 perom-

982 480 1033 536 nia
1054 479 1274 536 monachorum
1295 473 1552 539 conchacensium
1575 484 1673 542 verbis
1688 501 1810 543 concor·

982 569 1095 640 dantia,
1122 584 1187 625 esse
1212 573 1329 641 poterat
1351 569 1507 643 probabile
1533 579 1755 644 argumentum,
1785 577 1810 632 si

983 657 1051 730 quis
1066 657 1216 714 dubitaret
1229 657 1259 714 in
1275 657 1340 715 aliis
1355 658 1445 716 etiam
1469 660 1542 718 mihi
1561 662 1600 719 ab
1615 663 1728 722 eisdem
1743 681 1811 722 nar-

983 746 1091 802 ratis.»
1116 748 1149 801 ln
1171 760 1237 819 cap.
1254 751 1284 802 rt
1303 745 1342 803 ad
1361 747 1554 819 probandum
1578 750 1758 813 miraculum
1771 754 1810 811 de

983 833 1086 899 milite,
1100 833 1309 890 intestinorum
1323 834 1499 893 inordinatis
1514 837 1645 894 motibus
1659 847 1809 916 exempto,

983 927 1089 979 testem
1104 922 1227 979 adducit
1239 924 1421 981 Radbertam
1433 927 1649 984 cantoiolensis
1663 937 1810 988 monaste-

984 1013 1024 1068 rii
1043 1011 1303 1079 abbatissarum
1326 1015 1489 1071 reserenda
1510 1016 1619 1073 canitie
1633 1017 1705 1074 satis
1721 1019 1811 1076 boac-

983 1105 1070 1158 stum.
1085 1102 1152 1156 Hac
1168 1115 1204 1157 ex
1217 1100 1311 1158 editis.

1019 1192 1118 1260 Longe
1132 1188 1220 1262 plura
1232 1190 1341 1247 suntin
1356 1191 1459 1248 codice
1472 1193 1657 1252 carnutensi.
1670 1199 1702 1252 ln
1715 1196 1761 1252 his
1772 1196 1813 1254 ait

984 1283 1088 1336 auctor
1103 1283 1145 1336 tot
1159 1286 1325 1337 carceratos
1340 1281 1452 1338 meritis
1469 1287 1579 1340 sanctas
1594 1283 1672 1341 Fidis
1688 1285 1811 1342 absolu·

95 1373 177 1430 mel:
194 1372 249 1429 ubi
263 1371 301 1428 de
317 1377 428 1428 sanctae
450 1371 527 1428 i'idis
539 1372 667 1443 vulgatis
682 1373 836 1429 miraculis
851 1373 929 1430 solli·
983 1373 1039 1434 tos,
1073 1371 1132 1425 ‹ut
1143 1368 1306 1427 ferreorum
1328 1370 1520 1443 compedum,
1533 1388 1610 1444 quos
1621 1375 1746 1446 pagensi
1755 1374 1811 1432 lin-

96 1463 152 1518 cite
166 1461 315 1532 indagare
329 1461 429 1534 eoepit,
442 1478 511 1536 quae
526 1461 649 1534 quidem
662 1477 734 1519 vera
747 1477 813 1520 esse
829 1463 930 1519 cartis-
984 1471 1044 1527 gua
1064 1455 1170 1513 bodias
1184 1461 1304 1525 vocant,
1318 1457 1504 1515 immensitas
1530 1460 1760 1534 occupationem
1780 1463 1811 1519 in

96 1549 174 1605 sime
190 1548 398 1622 deprehendit.
423 1552 454 1604 ln
468 1550 514 1605 his
529 1553 653 1606 testatur
667 1565 698 1605 se
712 1549 821 1607 vidisse
836 1551 931 1607 homi·
984 1543 1165 1600 monasterio
1191 1543 1310 1602 faceret.
1333 1545 1477 1612 Quocirca
1499 1551 1615 1604 tantam
1641 1548 1707 1604 ferri
1735 1566 1813 1607 mas-

96 1653 180 1705 nem,
194 1638 244 1694 eui
257 1636 335 1693 oculi
349 1638 480 1694 violema
495 1640 610 1694 ustione
624 1637 719 1694 avrrlsi
731 1637 858 1702 fucrant,
875 1638 926 1696 sed
947 1657 969 1712 Β
985 1650 1051 1690 sam
1065 1633 1199 1706 extundi,
1216 1637 1305 1707 atque
1318 1633 1348 1690 in
1360 1635 1470 1705 ianuas
1484 1635 1579 1707 redigi
1601 1636 1699 1694 studio
1713 1637 1813 1695 fabro-

96 1726 212 1784 meritis
228 1731 340 1782 sanetae
356 1725 432 1782 fidis
447 1726 572 1784 omnino
594 1726 718 1784 restituti
731 1729 871 1785 universa
886 1734 930 1786 at·
983 1738 1052 1779 rum
1075 1722 1207 1780 seniores
1230 1723 1460 1781 decreverunt.»
1490 1724 1572 1781 Unde
1591 1725 1692 1782 nullus
1707 1726 1767 1783 fere
1781 1727 1812 1783 in

98 1820 230 1873 testante
241 1816 409 1885 procincto.
422 1814 509 1880 Quod
522 1815 712 1884 miraculum,
723 1815 814 1873 veluti
824 1817 931 1874 funda·
984 1811 1154 1882 ecclesiam,
1169 1829 1237 1886 quoe
1259 1812 1399 1869 triformis
1418 1817 1473 1886 est,
1489 1814 1587 1871 aditus
1602 1819 1692 1889 patet,
1708 1815 1812 1889 quide

98 1909 239 1960 mentum
254 1907 440 1974 ceterorum,
454 1902 494 1959 ait
509 1903 691 1978 seposuisse
709 1903 792 1962 initio
806 1904 883 1976 iibri,
899 1905 930 1962 in
985 1899 1133 1974 praediotis
1144 1901 1341 1976 compedibus
1354 1917 1407 1958 seu
1418 1902 1531 1968 catenis
1540 1903 1652 1974 Januas
1663 1903 1812 1962 confectas

98 2009 162 2066 qno
175 1991 278 2066 potius
294 2007 394 2048 rernm
418 1992 493 2048 inter
508 2007 571 2049 sese
585 1992 820 2061 similitudinem,
836 2011 930 2068 quarn
984 2005 1046 2046 non
1070 1990 1201 2048 haberet.
1229 1994 1269 2048 [tc
1297 1991 1423 2049 triformi
1442 1992 1499 2049 hac
1525 1992 1650 2050 ecclesia
1674 1993 1716 2050 sic
1731 1993 1812 2050 idem

98 2079 240 2136 ordinem
260 2083 430 2153 temporum
446 2079 582 2148 servavit,
597 2079 752 2137 referendo
763 2085 881 2140 tanturn
894 2098 930 2140 ea
985 2083 1107 2137 auctor:
1123 2102 1137 2128 «
1150 2081 1199 2136 Est
1210 2078 1321 2136 deforis
1336 2083 1482 2137 tectorum
1493 2081 1680 2140 dimensione
1688 2081 1813 2140 basilica

99 2185 170 2241 qum
181 2167 279 2242 ipsius
292 2173 423 2242 tempore
439 2167 517 2226 facta
528 2174 597 2225 sunt
608 2173 667 2226 eta
681 2169 751 2226 viris
760 2169 820 2227 fide
831 2170 930 2244 dignis
985 2168 1136 2238 triformis,
1149 2185 1218 2243 quae
1232 2168 1367 2240 interius,
1376 2169 1500 2245 propfer
1509 2176 1647 2230 mutuam
1660 2177 1814 2230 transeun-

99 2258 310 2332 comprobata.
329 2261 394 2316 llaec
412 2259 508 2316 fusius
529 2263 634 2316 auctor
647 2259 677 2315 in
691 2258 760 2316 libri
772 2259 819 2317 sui
833 2259 931 2333 prole
985 2259 1015 2316 di
1030 2258 1270 2332 amplitudinem,
1285 2259 1316 2316 in
1332 2275 1427 2316 unum
1443 2276 1552 2334 corpus
1574 2261 1633 2319 coit
1646 2261 1811 2319 ecclesia...

100 2361 149 2416 go,
166 2362 260 2420 quem
275 2345 425 2418 integrum
439 2346 546 2404 referre
560 2347 656 2404 risum
672 2353 724 2406 cst.
738 2353 769 2406 ln
782 2349 829 2406 his
842 2348 931 2406 mira-
985 2351 1126 2406 Dextrum
1148 2347 1226 2406 latus
1246 2348 1340 2406 sancti
1363 2348 1439 2406 Petri
1460 2349 1599 2424 apostoli,
1614 2351 1689 2408 laeva
1703 2355 1813 2409 sanctes

100 2435 176 2491 culis
188 2450 254 2492 non
280 2434 372 2492 semel
384 2435 418 2492 fit
432 2435 543 2493 mentio
557 2436 595 2493 de
617 2437 877 2510 peregrinantibus
891 2437 930 2495 ad
985 2437 1100 2506 Mariam
1127 2437 1272 2495 medietas
1299 2442 1401 2496 autem
1423 2439 1517 2495 saneti
1545 2438 1705 2498 salvatoris
1730 2440 1813 2498 titulo

100 2523 168 2581 loca
193 2530 309 2592 saneta,
325 2541 402 2599 quos
425 2527 547 2584 Romeos
569 2531 674 2584 vocat:
697 2528 796 2602 qualis
814 2528 869 2584 fuit
883 2526 930 2583 illc
985 2526 1186 2584 dedicataest.
1200 2527 1653 2600 Verumquiaeademmedietas
1666 2529 1814 2604 psallendi

101 2611 268 2670 witbertus
282 2616 422 2684 itemeus,
439 2613 487 2670 cui
501 2615 595 2672 evulsi
618 2615 695 2672 oculi
721 2614 835 2681 coelitus
849 2615 932 2673 resti·
985 2615 1158 2672 assiduitate
1182 2615 1370 2689 frequentata
1393 2615 1530 2688 habetur,
1550 2615 1618 2673 illuc
1642 2633 1678 2674 ex
1692 2618 1815 2690 proprio

102 2703 156 2759 tuti
179 2701 276 2760 fuere.
301 2706 333 2759 ln
358 2704 456 2778 capite
480 2711 495 2762 5
523 2705 664 2762 laudatur
681 2707 836 2776 arsendis,
852 2722 931 2764 acor
985 2705 1051 2762 loco
1067 2709 1177 2761 sauctoe
1199 2705 1339 2778 martyris
1364 2703 1493 2778 pretiosa
1518 2705 1660 2764 translata
1680 2710 1749 2763 sunt
1770 2706 1814 2780 pi-

109 2793 256 2849 Wittelmi
282 2793 422 2850 Poterant
443 2796 566 2863 comitis,
586 2796 695 2865 fratris
716 2796 799 2852 iltius
814 2797 930 2866 Porcii,
987 2810 1091 2866 gnora.
1102 2817 1116 2846 »
1132 2797 1165 2850 ln
1180 2793 1433 2867 consequentibus
1448 2793 1545 2866 agitur
1559 2793 1596 2852 de
1611 2794 1713 2852 multis
1727 2795 1816 2852 mira·

103 2881 156 2952 qui
174 2881 215 2938 ab
230 2882 359 2939 artaldo
370 2889 438 2954 post
453 2883 517 2942 ecc
537 2884 678 2955 priuigno
692 2899 745 2941 sao
759 2885 828 2941 dcto
843 2885 933 2942 inter·
986 2884 1060 2941 culis
1076 2888 1185 2941 sanctae
1201 2883 1322 2954 fidis,in
1335 2883 1497 2940 arvernica
1511 2885 1703 2958 processione
1717 2885 1815 2954 factis,

101 2971 199 3038 sectas
208 2971 280 3040 suit.
295 2975 327 3028 ln
342 2986 409 3045 cap.
425 2977 441 3028 8
456 2977 640 3031 memoratur
657 2975 790 3031 Bertittis
817 2975 931 3031 comiti-
953 2991 1058 3068 Ccurn
1073 2973 1184 3031 scilicet
1197 2975 1296 3046 imago
1309 2980 1420 3032 sanctae
1440 2974 1525 3030 Fidis
1546 2980 1574 3032 et
1596 2990 1687 3046 capsa
1712 2991 1815 3046 aaran,

102 3076 158 3116 rc:
172 3059 227 3116 ubi
251 3061 346 3118 sancti
373 3061 452 3118 ilarii
476 3061 654 3119 confessoris
674 3079 766 3120 aurea
781 3065 932 3136 majestas,
989 3079 1078 3135 quom
1093 3065 1194 3133 fertur
1215 3064 1371 3120 donavisse
1398 3064 1525 3120 Carolus
1546 3065 1685 3135 Magnus,
1700 3068 1818 3138 portata

101 3149 197 3205 sancti
215 3150 345 3206 amantii
358 3167 443 3224 aeque
459 3151 637 3208 confessoris
652 3157 680 3208 et
693 3151 827 3226 episcopi
841 3167 934 3210 aurea
989 3152 1044 3208 fuit
1054 3168 1108 3227 per
1122 3151 1297 3208 alumniam
1312 3151 1343 3207 in
1358 3152 1514 3224 quoddam
1522 3157 1633 3210 sanctae
1649 3153 1726 3210 Fidis
1740 3168 1817 3228 prae-

101 3242 266 3310 majestas;
289 3239 419 3313 denique
439 3246 549 3297 sanctae
575 3239 652 3297 Fidis
673 3257 767 3299 aurea
781 3246 933 3312 majestas,
989 3241 1084 3310 dium,
1100 3241 1180 3313 qaod
1200 3241 1406 3298 Molendinum
1422 3242 1558 3298 Pisinum
1579 3243 1727 3313 indigenae
1741 3258 1817 3299 nan-

100 3329 133 3384 id
148 3334 195 3385 cst
209 3333 320 3400 statua,
334 3334 465 3387 vocatur.
482 3334 514 3386 ln
528 3346 593 3403 cap.
613 3334 645 3386 rt
657 3329 798 3388 laudatur
810 3333 935 3388 domnus
989 3335 1113 3401 carpant,
1129 3333 1281 3402 praeeunte
1294 3345 1381 3385 cruce
1394 3345 1464 3385 cum
1479 3333 1559 3386 textu
1575 3328 1814 3400 Evangeliorum,

102 3418 258 3490 Oebctim,
273 3417 414 3474 dominns
429 3418 541 3476 castelli
561 3419 641 3492 qrrcd
657 3420 771 3476 dicitnr
786 3422 933 3490 Perenna,
990 3435 1071 3492 aqua
1083 3417 1250 3489 benedicta,
1266 3421 1295 3474 et
1309 3417 1425 3474 corneis
1438 3416 1528 3486 tubis,
1545 3434 1613 3491 quaa
1633 3434 1652 3474 a
1666 3417 1818 3475 nobilibus

102 3507 134 3564 in
150 3523 233 3581 pago
248 3507 461 3578 lemovicensi,
474 3509 599 3582 ejusque
613 3509 723 3579 conjux
738 3511 848 3568 domrra
863 3511 937 3568 Bea-
990 3507 1155 3583 peregrinis
1170 3507 1337 3563 ornamenti
1362 3522 1453 3563 eausa
1467 3504 1498 3562 in
1513 3505 1695 3563 monasterio
1711 3506 1818 3564 oblatae

104 3599 178 3664 inlr,
196 3613 253 3667 per
278 3597 439 3655 divortium
461 3599 498 3655 ab
522 3600 621 3656 eodem
645 3599 772 3674 deserta,
796 3617 864 3674 quse
888 3601 936 3657 ai·
991 3596 1118 3654 inerant.
1135 3596 1206 3654 lluic
1220 3595 1333 3670 praedio
1347 3595 1465 3668 adjacet
1482 3599 1612 3653 castrum
1629 3599 1755 3664 Aurosa,
1771 3595 1819 3652 cui

104 3687 211 3743 eliardi
225 3686 351 3743 secundi
372 3691 625 3746 Nortmaunarnm
648 3689 733 3746 ducis
757 3706 842 3747 soror
862 3693 936 3747 erat.
988 3687 1129 3757 phriceps
1140 3686 1274 3758 quidam,
1287 3685 1432 3742 liebertus
1446 3685 1599 3754 vocabula,
1615 3689 1750 3760 praeerat,
1767 3685 1820 3758 qui

105 3775 260 3848 ntprobat
273 3779 377 3832 auctor
386 3775 416 3832 in
432 3776 490 3834 fine
501 3777 638 3849 ejusdem
649 3777 753 3851 eapitis
763 3778 809 3834 iris
819 3779 935 3835 verbis:
992 3776 1032 3833 ob
1045 3776 1230 3833 monachum
1242 3774 1320 3831 illius
1331 3774 1436 3848 predii
1449 3775 1605 3832 custodem
1615 3774 1694 3832 male
1704 3774 1820 3849 abipso

108 3885 122 3911 e
139 3871 225 3920 Anno
247 3862 308 3920 fere
327 3868 357 3921 ct
378 3865 503 3923 dimidio
516 3870 584 3938 post
597 3865 761 3923 secundam
778 3883 796 3924 a
811 3867 938 3924 Conohis
992 3865 1130 3922 habiturn
1145 3864 1260 3922 eoelitus
1274 3863 1418 3920 multatas
1428 3868 1481 3920 est.
1497 3863 1554 3921 Sed
1567 3863 1604 3920 de
1616 3863 1664 3920 his
1678 3864 1759 3933 satis,
1772 3881 1822 3920 su-

108 3953 321 4015 reversionem.
346 3953 452 4011 accidit
478 3955 552 4010 mihi
578 3959 657 4011 certo
680 3956 810 4026 negotio,
833 3941 938 4012 domni
992 3971 1105 4028 perque
1121 3955 1201 4011 satis
1219 3952 1446 4023 Ermcngaudus
1463 3951 1641 4023 Urgeilensis
1664 3968 1764 4009 comes
1782 3956 1821 4009 tc-

110 4039 253 4096 Willelmi
266 4041 454 4098 Pictavorum
469 4042 586 4100 comitis
600 4042 682 4098 adire
697 4042 822 4113 curiam,
834 4043 864 4100 in
877 4060 939 4117 qua
993 4047 1141 4100 stamento
1163 4059 1218 4098 suo
1244 4043 1360 4114 (Murra
1378 4041 1465 4111 Hisp.
1482 4056 1515 4110 p.
1541 4042 1614 4112 973),
1637 4040 1720 4115 quod
1740 4056 1819 4097 anno

111 4145 182 4185 cum
200 4129 347 4187 domnam
357 4131 520 4189 Beati-icem
531 4132 666 4201 viderim,
678 4148 696 4188 a
710 4132 836 4190 Ricardo
850 4131 939 4190 fratrc
993 4132 1174 4190 duodecimo
1200 4130 1328 4188 Rotberti
1352 4129 1430 4201 regis
1458 4129 1592 4198 confecit,
1610 4135 1721 4187 sanctae
1744 4129 1820 4187 Fidis

109 4235 165 4274 suo
176 4219 443 4290 Rotomagensium
457 4220 564 4278 comite
578 4221 647 4278 illuc
656 4221 791 4289 missam,
801 4220 940 4278 ardenter
994 4221 1132 4279 coenobio
1146 4220 1225 4292 legat
1238 4221 1379 4292 gradales
1394 4220 1469 4276 duas
1482 4220 1519 4276 de
1532 4225 1666 4291 argento.

109 4309 175 4380 ejus
200 4307 386 4382 colloquium
401 4325 570 4382 aggressus,
586 4310 663 4367 illico
676 4311 838 4383 recogitare
863 4311 941 4385 coepi

416 4599 885 4718 BERNARDI
931 4597 1526 4719 senoensricr

692 4801 910 4844 ANDECAVINAE
930 4801 1064 4846 SCHOLAE
1085 4800 1243 4845 naamani

263 4915 616 5037 EPiSTOLA
673 4919 774 5035 Al)
835 4915 1179 5037 nuntiauit
1237 4911 1674 5036 FULBERTUM

586 5121 633 5174 AD
654 5118 793 5176 LIBRUM
813 5120 859 5174 DE
878 5118 1071 5177 MIRACULIS
1092 5118 1245 5176 SANGTAE
1266 5118 1353 5174 stols

275 5243 375 5317 (Apud
389 5243 495 5302 flabili.
512 5244 625 5302 Annat.
641 5244 753 5302 Bencd.
765 5247 845 5301 tome
861 5246 904 5316 lV,
917 5242 1066 5318 append,
1080 5258 1158 5315 page
1174 5247 1237 5312 703,
1253 5258 1290 5298 ex
1303 5257 1361 5297 ms.
1378 5238 1445 5296 cod.
1463 5239 1661 5308 carnutensi.)

147 5475 447 5549 sanctissimosque
460 5475 620 5534 hominum
633 5475 807 5532 doctissimo
820 5479 941 5533 focaea·
961 5479 983 5532 b
1034 5473 1108 5530 (tum
1118 5472 1235 5530 dudum
1245 5471 1822 5529 carnotivestrasinceraconversatione

112 5582 157 5634 ro,
179 5567 352 5620 carnateno
376 5563 528 5638 episcopo,
554 5565 731 5634 Brisiacus,
755 5563 945 5622 scholastico
998 5561 1120 5631 fruerer,
1141 5559 1296 5619 accidebat
1309 5560 1441 5618 crebrius
1462 5565 1495 5618 ut
1506 5560 1553 5618 vet
1569 5559 1718 5618 scribendi
1732 5572 1825 5616 causa

113 5671 182 5712 rum
195 5653 353 5727 minimus,
369 5653 564 5714 sancussimae
575 5652 768 5713 beatitudinis
781 5653 907 5713 donum.
997 5652 1045 5710 vel
1057 5651 1173 5723 orandi,
1185 5655 1295 5710 sanctae
1307 5650 1383 5710 Fidis
1392 5650 1544 5726 martyris,
1553 5653 1823 5724 qurcextramuros
