3990 6184
127 92 194 146 tati
314 147 316 152 ,
563 83 747 141 ELLlNGElll
765 81 915 140 ABBA'l'lS
933 83 1192 146 TEGERNSENSlS
1214 89 1402 148 EPISTOLAE.
1774 100 1843 156 1318

5 235 18 284 ξ,
513 209 568 264 llll.
973 212 998 264 A
1012 211 1137 270 vitorem
1152 217 1300 284 nostrum,
1312 230 1366 287 per
1380 231 1472 288 quem
1486 216 1574 274 nobis
1586 219 1719 290 jusserat
1732 219 1843 294 hypar-

5 335 10 374 2
127 303 175 358 Ad
188 303 224 358 ll.
241 299 388 369 abbatem,
416 312 501 369 quem
525 304 613 370 rapat
637 303 671 354 ut
696 299 815 370 locatus
835 299 919 369 apud
929 314 960 356 se
1011 300 1118 370 bolico,
1130 306 1165 358 ut
1177 304 1210 358 ll.
1227 318 1332 360 servus
1347 309 1445 360 vester
1459 305 1599 364 citissime
1624 309 1663 366 ad
1685 325 1739 366 vos
1764 311 1844 368 veui·

317 390 510 458 ejasservam
528 387 656 444 retinere
672 387 770 444 liceat.
1012 393 1065 445 ret.
1089 389 1147 445 Sed
1171 389 1370 463 deprecamur
1397 407 1434 448 ne
1458 391 1489 448 in
1513 384 1647 452 maxima
1668 399 1844 457 necessitate

10 535 14 557 ἴ
162 481 279 534 Domno
294 476 397 533 abbati
411 479 443 532 ll.
464 467 494 532 P.
510 475 607 534 abbas
629 476 783 548 indignus,
811 476 960 550 quidquid
1013 492 1083 533 eum
1108 493 1127 534 a
1149 478 1237 534 nobis
1261 479 1379 550 tollatis,
1402 480 1475 554 quia
1500 481 1525 536 si
1545 497 1627 539 nunc
1645 483 1754 543 deserit
1767 504 1844 561 opus

126 571 223 624 vester
238 565 374 622 devotus,
1013 564 1097 637 quod
1121 566 1211 639 coepit
1236 567 1339 623 omnia
1361 583 1454 640 opera
1477 569 1617 642 praesenti
1639 571 1711 628 anni
1725 575 1843 644 penitus

162 655 288 713 Nuntius
300 671 318 712 a
331 653 417 711 vobis
431 653 541 710 missus
555 652 636 710 venit
655 653 694 710 ad
716 653 882 726 quemdam
902 669 960 710 ser·
1013 653 1163 710 habemus
1177 655 1303 728 perdita.
1321 655 1430 722 valate.

5 807 16 846 ,

762 983 850 1028 ANTE
871 981 1009 1029 MEDIUM
1031 983 1209 1030 SAECULUM.

649 1149 1330 1312 ELLlJNGllllUS

577 1685 972 1816 ELLlNGElll
1019 1692 1403 1817 EPlSTOLAE.

380 1908 489 1980 (Edidit
503 1913 534 1966 R.
551 1912 581 1965 P.
597 1912 706 1979 Penus,
725 1909 893 1966 Thesaurus
907 1907 1052 1964 anecdot.
1067 1923 1134 1965 coa.
1152 1911 1183 1976 V,
1197 1925 1215 1976 ι,
1233 1913 1294 1978 tet,
1310 1924 1347 1965 ex
1361 1908 1429 1966 cod.
1444 1911 1597 1980 Tegerns.)

830 2065 1138 2080 *a*

538 2197 557 2248 l.
981 2194 1001 2248 B
1016 2193 1097 2250 calce
1112 2193 1252 2265 abjicere,
1267 2194 1423 2266 perderis
1437 2193 1847 2264 viliorumerraudc,divinae

131 2281 181 2335 Ad
206 2279 433 2336 Flaamacdam
461 2281 641 2337 monacham
665 2283 900 2352 Tepmsecsem.
923 2283 965 2336 lie
1017 2297 1131 2354 pascua
1146 2283 1360 2354 custodiasque
1373 2283 1456 2353 legis.
1480 2283 1605 2355 insuper
1627 2283 1751 2356 quidem
1777 2302 1847 2342 cum

168 2370 279 2439 optimo
291 2384 426 2440 eucarpo
442 2371 576 2426 eumdem
591 2371 702 2437 animo,
726 2377 754 2427 et
771 2371 877 2426 ordine
896 2386 964 2440 pre-
1017 2371 1139 2427 easdem
1152 2370 1256 2442 gliscet
1269 2371 1448 2443 peanitentiae
1471 2371 1698 2428 medicamentis
1721 2390 1777 2431 ceu
1795 2375 1849 2430 hu-

168 2458 301 2529 sdpterii,
317 2473 402 2528 quan
414 2459 611 2514 Froamundo
623 2460 810 2530 protelatur.
1018 2459 1107 2515 meris
1122 2459 1163 2514 ad
1175 2459 1253 2514 ovile
1268 2459 1372 2515 matris
1389 2459 1542 2516 Eccclcsioe
1561 2465 1724 2533 reportare,
1752 2462 1848 2518 lerina

169 2549 313 2606 Comarco
328 2549 506 2614 lacunosae,
523 2561 606 2602 more
630 2544 771 2604 rosulenti
795 2547 964 2620 splendoris
1017 2547 1058 2604 ita
1072 2547 1215 2604 exardent
1230 2547 1321 2618 rabie,
1346 2547 1487 2604 dentibus
1507 2548 1626 2606 invidiae
1645 2549 1726 2607 hunc
1740 2551 1849 2608 dilace-

132 2636 163 2692 in
178 2634 293 2692 cunctis
309 2634 443 2700 emerito,
459 2637 641 2702 Enmscnaus,
658 2635 795 2692 omnium
807 2636 964 2692 bominum
1018 2652 1094 2701 rare,
1109 2641 1141 2692 ut
1151 2651 1303 2693 aerumnas
1316 2636 1453 2709 desperet
1468 2637 1571 2694 mortis
1582 2654 1615 2694 se
1628 2653 1718 2711 posse
1739 2639 1848 2696 talibus

132 2723 273 2794 cadmus,
287 2722 436 2795 quidquid
448 2722 480 2779 in
495 2723 610 2780 Christo
624 2723 761 2797 adoptari
776 2728 873 2798 potest
886 2725 963 2781 festi·
1018 2720 1149 2780 deutera
1163 2723 1287 2792 insidiis,
1305 2724 1361 2780 nisi
1382 2725 1408 2780 ei
1423 2726 1603 2798 quantocius
1626 2726 1724 2786 inesse
1745 2727 1848 2784 nescis

130 2812 209 2868 vius,
1018 2810 1183 2880 dignemini
1206 2812 1362 2886 praesidiis.
1383 2815 1441 2870 Nos
1466 2814 1597 2887 denique
1625 2814 1848 2889 intercapedine

170 2904 244 2959 Cum
258 2899 357 2970 igitur,
383 2899 520 2956 odilecte
546 2903 698 2971 magister,
726 2903 833 2959 intimo
856 2903 965 2960 affectu
1018 2904 1061 2957 tot
1072 2900 1208 2958 locorum
1223 2902 1409 2972 elongantes,
1436 2903 1581 2976 quoniam
1610 2904 1727 2960 nullum
1749 2904 1776 2962 ei
1797 2904 1849 2962 ad-

135 2989 233 3047 cordis
247 2989 407 3046 meditarer
419 2993 453 3045 ut
465 2989 567 3062 aliqua
587 2989 859 3064 irreprehensibilia
885 2993 965 3050 dicta
1019 2990 1196 3048 miniculum
1211 2992 1344 3065 proebere
1359 2992 1526 3062 valeamus,
1553 2993 1585 3050 in
1610 3011 1720 3050 manus
1743 2999 1850 3052 vesca

133 3083 240 3136 vestrm
252 3077 467 3135 benevolentia
482 3080 732 3151 composuissem,
748 3081 907 3138 etinscitia
921 3099 965 3138 se·
1018 3082 1157 3152 potentia
1184 3095 1253 3137 cum
1280 3086 1309 3138 et
1333 3082 1391 3138 hoo
1417 3083 1679 3150 commendamus,
1702 3088 1852 3157 quatenus

134 3167 195 3224 mel
209 3171 238 3223 et
252 3183 331 3240 saepe
346 3166 505 3240 impediret
522 3167 606 3240 quod
632 3167 818 3226 voluntatem
840 3169 964 3227 delecta·
1019 3168 1248 3228 misericorditer
1276 3170 1370 3242 ipsius
1398 3171 1536 3243 querelae
1561 3171 1741 3244 suscipiatis,
1761 3176 1853 3245 atque

134 3260 187 3324 ret,
201 3261 273 3314 tunc
286 3256 410 3313 demum
423 3255 564 3328 confisus,
578 3257 748 3331 baculoque
763 3259 851 3316 vestri
862 3261 966 3317 secreti
1019 3258 1185 3332 episcopali
1198 3259 1340 3316 eumdem
1353 3258 1529 3316 auctoritate
1539 3275 1597 3333 pro
1612 3260 1734 3318 nomine
1748 3260 1854 3318 Christi

134 3346 319 3414 consolatus,
335 3345 464 3419 speravi,
479 3361 668 3418 quamquam
682 3352 751 3406 sunt
759 3348 965 3422 vituperanda,
1020 3347 1198 3413 defendatis.
1216 3362 1272 3405 nec
1290 3349 1515 3420 consentiendo,
1537 3349 1711 3423 iniquorum
1738 3349 1854 3423 peccati

135 3441 238 3493 tamen
266 3450 328 3491 non
356 3450 422 3491 esee
451 3434 578 3492 avcbis
602 3435 889 3510 propalanda,‘quia
904 3453 965 3494 non
1021 3437 1236 3494 offendiculum
1250 3441 1355 3496 vestrae
1368 3438 1492 3512 aliquod
1507 3439 1713 3496 sanctimoniae
1733 3439 1853 3510 ingara-

134 3525 388 3599 proesumptionis‚
405 3524 458 3580 sed
472 3523 638 3580 dilectionis
653 3529 722 3582 sunt
735 3525 855 3583 indicia.
869 3527 967 3585 Sedet
985 3541 1005 3594 c
1020 3527 1057 3584 tis
1071 3526 1248 3600 periculum.

135 3630 173 3672 cx
182 3615 240 3672 hos
255 3613 339 3670 nulls
351 3613 533 3683 ambiguitas
545 3613 661 3681 subeat,
688 3617 762 3686 quin
777 3616 867 3672 vestri
881 3633 968 3673 amor
1415 3621 1459 3674 ill.

135 3701 314 3760 meiinb'ma
328 3700 458 3758 cubiculi
471 3717 590 3775 semper
613 3707 728 3770 exurat,
755 3708 784 3758 et
807 3703 845 3760 de
870 3709 968 3762 vestra
1022 3705 1072 3761 Act
1085 3702 1122 3762 D.
1138 3708 1317 3776 episcopam.
1335 3707 1525 3774 Queaterob
1547 3703 1697 3776 praedium
1722 3709 1760 3764 ab
1788 3711 1853 3778 ejas

136 3791 332 3867 prosperitate
347 3807 465 3848 summe
481 3783 812 3862 gaudeat,'omnimodis
822 3793 965 3866 deposco.
1094 3793 1219 3849 subditis
1235 3797 1385 3850 vastatum
1401 3799 1428 3849 et
1440 3794 1551 3862 injuste
1567 3793 1781 3850 abalienatam.

136 3885 236 3954 Nuper
255 3896 327 3938 vcro
342 3879 486 3954 comperi,
515 3879 599 3953 quod
624 3896 673 3936 me
695 3879 803 3938 affectu
825 3882 969 3940 animavit
1060 3885 1174 3937 bomne
1190 3883 1223 3937 D.
1238 3879 1440 3952 pontificalem
1455 3879 1608 3936 decoranti
1632 3882 1775 3936 thronum
1800 3881 1855 3958 vir-

136 3968 298 4028 inedicibili
322 3968 458 4026 videlicet
481 3983 534 4025 vos
560 3968 622 4025 lore
642 3973 815 4042 promotum
839 3971 879 4027 ad
891 3971 970 4026 ordi-
1023 3973 1131 4038 tutum,
1149 3971 1179 4024 E.
1196 3984 1257 4024 una
1271 3983 1341 4024 cum
1354 3967 1505 4039 subiectis,
1520 3977 1685 4041 parennem
1708 3983 1778 4024 cum
1802 3969 1857 4025 Do-

136 4075 208 4117 nem
235 4057 422 4132 presbyterii.
452 4059 517 4124 Qua
540 4056 577 4113 de
601 4071 633 4114 re
647 4057 726 4114 tlaxo
740 4057 853 4131 poplite
865 4058 968 4128 flagito
1024 4058 1099 4115 mini
1111 4049 1316 4131 principatum
1328 4055 1437 4113 electis.

137 4151 287 4222 quatenus
299 4147 359 4204 mei
371 4146 468 4203 infimi
486 4147 633 4202 memoria
652 4145 734 4219 apud
761 4163 816 4202 vos
838 4153 968 4215 maneat,
1060 4150 1096 4204 Ut
1109 4145 1284 4203 rescivimus
1296 4161 1361 4214 vos,
1373 4144 1537 4219 praesulum
1550 4134 1798 4218 reverentissime,
1812 4164 1860 4204 or·

139 4241 172 4293 ut
183 4235 272 4293 vestri
293 4234 375 4308 apud
399 4251 447 4291 me
471 4234 587 4291 firmius
611 4235 764 4292 inhaereat.
794 4235 862 4292 llaec
889 4237 970 4292 enim
1025 4236 1161 4295 dinatum
1176 4235 1239 4292 iore
1254 4234 1337 4291 istius
1351 4234 1513 4308 provincie
1537 4239 1693 4305 rectorem,
1717 4236 1857 4310 speraba-

137 4325 226 4381 valde
240 4323 402 4390 laetificant,
418 4340 485 4397 quae
499 4322 589 4380 verba
604 4323 780 4396 prophetica
802 4329 945 4382 resonant
960 4342 966 4380 :
1025 4343 1105 4395 mus,
1118 4325 1201 4383 velut
1213 4328 1242 4381 et
1256 4323 1356 4381 adhue
1371 4340 1443 4397 spes
1455 4327 1559 4382 nostra
1572 4329 1618 4382 est
1629 4325 1702 4394 fixa,
1715 4325 1859 4383 divinitus

139 4418 196 4474 Cor
210 4414 370 4472 contritum
391 4419 421 4471 at
437 4413 627 4472 humiliatum
651 4416 729 4470 Deus
756 4430 819 4471 non
844 4416 964 4489 spernit.
1025 4417 1182 4491 provisum
1201 4431 1268 4472 esse
1291 4414 1486 4489 vcsophanis
1513 4415 1597 4472 haud
1623 4415 1723 4472 minus
1742 4417 1860 4488 patrem

138 4503 247 4564 Vclete.
1027 4509 1056 4563 et
1067 4505 1247 4578 adjutorem,
1261 4519 1356 4578 quam
1369 4504 1527 4562 monacbis
1541 4519 1596 4576 pro
1609 4503 1676 4576 ipsa
1687 4501 1860 4559 excellentia

541 4597 574 4650 ll·
1026 4599 1133 4654 vestrae
1147 4593 1264 4669 pietatis
1277 4594 1398 4667 asylum
1412 4593 1653 4651 aodefensorem.
1662 4591 1774 4648 Verum
1784 4604 1859 4664 prea-

139 4684 189 4742 Ad
199 4683 398 4755 Epttbertum,
411 4689 445 4740 at
460 4683 587 4752 videtur,
604 4683 773 4754 episcopam
790 4683 964 4756 Fruiapen-
1028 4685 1123 4756 dium,
1138 4683 1221 4759 quod
1234 4683 1370 4754 largitus,
1394 4685 1440 4740 est
1468 4683 1566 4739 Ceasar
1586 4678 1739 4736 Heinrieus
1768 4679 1858 4751 regite

176 4789 246 4832 seta.
271 4775 368 4844 Boset
394 4777 428 4828 ut
455 4773 612 4844 petendam
641 4778 791 4843 pastorem
823 4773 966 4832 edomas
1028 4774 1199 4834 donationis
1211 4775 1315 4830 charta
1338 4769 1516 4828 stabiliendo
1540 4773 1642 4827 nostro
1664 4769 1857 4837 monasterio,

177 4863 276 4919 ceiam
291 4877 415 4918 suorum
431 4861 561 4930 injurias
575 4867 603 4918 et
618 4863 743 4920 insidias
759 4868 889 4919 tueatur.
991 4898 1014 4952 D
1028 4870 1062 4924 nt
1075 4882 1094 4923 a
1108 4863 1293 4939 quibusdam
1307 4859 1467 4918 didicimus
1480 4858 1530 4916 vix
1543 4857 1703 4926 credendo,
1726 4875 1746 4916 a
1759 4863 1859 4916 vestro

178 4951 252 5015 Quia
266 4950 376 5008 notitia
390 4949 548 5006 innotescit
565 4955 675 5008 nostrae
697 4951 903 5008 excellentiam
925 4967 974 5009 ve·
1028 4955 1215 5013 devastatum
1244 4949 1333 5007 nohis
1360 4949 1549 5006 abalienatur
1576 4947 1712 5022 irnperio.
1751 4947 1860 5006 Arbitri

142 5046 209 5098 strae
222 5040 385 5098 sanctitatis
395 5055 517 5120 omnem
533 5039 614 5097 viam
627 5040 697 5098 odio
710 5041 822 5099 habere
836 5041 975 5115 iniquita·
1027 5060 1099 5100 vero
1126 5045 1215 5098 testes
1255 5039 1436 5096 adhibentur
1472 5037 1503 5094 in
1530 5037 1588 5093 hoc
1616 5035 1711 5094 iundo
1739 5034 1812 5093 nibil
1838 5053 1859 5094 a

144 5131 191 5198 tis,
206 5131 246 5187 ob
260 5130 291 5186 id
302 5129 490 5188 conducibile
504 5129 646 5186 duximus
661 5146 775 5189 errores
790 5132 877 5190 vobis
898 5132 974 5205 pali·
1027 5131 1116 5189 nohis
1142 5145 1206 5186 esse
1231 5131 1422 5201 usurpatum,
1448 5126 1505 5183 nisi
1530 5125 1614 5200 quod
1641 5125 1767 5184 Caesaris
1786 5139 1860 5198 prae-

143 5220 245 5289 ficara,
260 5235 339 5294 quos
353 5217 469 5277 constat
483 5218 572 5276 vestri
585 5234 743 5276 censuram
758 5221 974 5278 moderaminis
1028 5223 1115 5292 cepto
1129 5217 1169 5274 ab
1184 5217 1257 5290 ipsis
1277 5220 1381 5273 nostro
1409 5213 1547 5273 ocenohio
1572 5231 1641 5271 cum
1665 5214 1793 5271 termino
1814 5218 1861 5271 est

143 5312 323 5383 respectare.
351 5313 407 5367 iste
428 5325 499 5366 varo
521 5312 635 5382 pastor,
660 5311 853 5383 presentium
874 5315 976 5368 vector
1028 5311 1302 5382 praemonstratum,
1317 5309 1407 5378 etque
1422 5305 1453 5362 in
1465 5303 1624 5378 prasentia
1645 5303 1735 5362 vestri
1759 5304 1860 5360 sesai-

144 5398 322 5471 litterarum,
336 5399 528 5472 inpraesentia
541 5397 634 5456 nostri
649 5397 752 5455 effudit
768 5414 891 5456 suarum
904 5415 975 5472 que·
1028 5413 1088 5471 que
1103 5395 1239 5452 advocati
1254 5393 1383 5464 legitime
1396 5392 1560 5450 firmatum.
1589 5393 1654 5458 Oua
1682 5393 1720 5449 de
1741 5407 1773 5450 rs
1796 5392 1861 5467 qui·

143 5488 307 5550 simoniam
319 5488 518 5555 miseriarum,
538 5487 688 5562 quasdam
703 5486 808 5544 dolens
832 5504 904 5545 ovea
919 5489 976 5546 sibi
1029 5487 1100 5545 dem
1115 5499 1307 5558 summopere
1321 5482 1522 5554 efflagitamus
1535 5497 1591 5557 pro
1604 5481 1728 5540 nomine
1742 5481 1861 5542 Domini

146 5593 165 5636 a
194 5580 292 5636 vesca
314 5577 520 5638 dominatone
540 5577 694 5636 communi
714 5576 822 5650 magis,
842 5575 977 5636 mucius
1031 5581 1120 5651 atque
1133 5591 1237 5634 amors
1253 5577 1282 5634 S.
1296 5571 1419 5644 Quirini,
1434 5585 1490 5650 nac
1503 5570 1618 5630 noncb
1641 5575 1746 5632 vasa·
1763 5581 1860 5634 nne·
