3998 6182
222 165 275 221 me
820 152 971 214 nornen
986 145 1093 209 naors
1112 147 1336 206 rrannconnn⁸
1515 128 1518 132 ’
1869 144 1911 198 m

223 285 354 343 coelestia
365 297 467 354 regna.
484 283 604 338 innuat
615 280 673 336 boc
688 281 766 336 Deus
781 277 973 351 omnipotens
987 253 1051 348 'qui
1069 289 1093 340 Α
1106 271 1189 330 simis
1203 269 1326 342 regibus
1339 271 1427 326 ornet
1441 265 1543 334 coelos,
1554 265 1641 336 cuius
1656 277 1784 332 regnum
1804 265 1834 320 et
1843 261 1916 338 impe·

220 375 363 448 justificat
375 371 494 444 impios,
508 374 538 427 et
555 367 686 426 vivificat
710 373 856 438 moratos,
873 372 902 424 et
927 365 1053 423 sanctis·
1107 362 1185 419 mum
1199 356 1395 434 permanetin
1411 354 1522 412 amenta
1535 351 1720 410 saeculorum.

225 537 1902 572 —-—-—-—...—...-.--—----

669 675 1015 766 EPITAPHIUM
1045 671 1289 762 HUGONIS
1318 667 1494 758 MAGNI

928 872 1045 914 noaenrr
1064 869 1143 912 arcis
1162 867 1236 921 rim,

785 999 871 1076 Quod
882 1001 957 1080 seat
973 996 1121 1062 Geicrdae
1136 993 1374 1057 Aurelianensis.

512 1137 558 1197 iix
573 1135 703 1215 antiquo
720 1135 786 1198 Ms.
802 1135 874 1196 cod.
889 1131 958 1196 Viri
974 1131 1021 1194 Gl.
1038 1127 1212 1194 Alexandri
1225 1125 1350 1189 Petavii
1365 1122 1523 1186 senatoris
1537 1121 1642 1184 Paris.

223 1472 380 1530 Sublatam
394 1471 493 1530 vidua
504 1473 648 1545 juvenem
662 1470 725 1539 tibi,
740 1469 873 1536 mancia,
889 1468 970 1541 luge,
1071 1470 1093 1523 B
1108 1464 1243 1524 Celtiberi
1254 1464 1433 1536 lacrymant,
1449 1465 1477 1519 te
1490 1475 1593 1531 regem
1606 1460 1703 1516 Roma
1712 1456 1841 1532 petebat,

259 1563 330 1628 oue
345 1566 436 1635 caput
449 1560 598 1618 extuleras
609 1559 724 1616 darona
738 1559 782 1616 tui
793 1558 908 1628 lugeas.
1143 1557 1165 1612 O
1179 1553 1350 1611 miserande
1375 1568 1452 1626 puer
1467 1553 1474 1608 t
1488 1550 1541 1608 sed
1554 1548 1721 1607 tumulatus
1736 1547 1785 1604 bic
1799 1563 1837 1604 es.

224 1653 304 1708 Exue
317 1650 466 1725 quidquid
481 1650 584 1716 tabee,
606 1649 713 1706 festina
724 1648 860 1704 scindere
874 1650 981 1718 vestes,
1107 1649 1236 1718 Aspectu
1250 1643 1385 1717 pulcher,
1398 1641 1483 1698 victis
1498 1639 1579 1714 pius,
1590 1637 1732 1695 hostibus
1742 1653 1819 1706 acer,

257 1740 427 1797 Dilaeerans
443 1739 540 1795 onnes
555 1739 596 1795 da
611 1739 701 1812 capiti
715 1737 838 1794 cineres.
1148 1735 1177 1792 Si
1191 1734 1254 1790 iore
1268 1733 1314 1790 vir
1329 1747 1444 1807 posses,
1457 1735 1485 1788 te
1499 1728 1636 1802 Babylon
1650 1731 1800 1784 bemeret.

222 1827 387 1886 indomitos
399 1827 510 1885 dociles
526 1827 579 1900 qui
591 1827 729 1883 redderet
742 1825 856 1884 arduus
867 1826 981 1894 hostes,
1108 1823 1233 1880 Parthus
1243 1827 1270 1878 et
1285 1821 1315 1878 in
1328 1821 1468 1894 pharetra
1478 1820 1637 1893 propterte
1652 1815 1797 1874 conderet
1810 1829 1887 1880 arma
1952 1867 1953 1872 ,

259 1921 355 1990 lingo,
369 1916 461 1974 decus
475 1916 606 1990 patrium
619 1915 675 1972 flos
689 1915 795 1972 cecidit
806 1915 964 1987 juvenum.
1144 1917 1360 1986 apparensque
1371 1909 1470 1965 minor
1481 1907 1598 1964 cederet
1611 1903 1695 1962 orbis
1708 1903 1815 1962 honor.

223 2006 334 2064 indolis
348 2009 488 2062 extrema
500 2006 576 2062 miro
589 2005 715 2062 dilectus
729 2020 844 2076 amore,
1108 2004 1169 2059 Pax
1178 2000 1269 2072 igibrr
1282 1999 1336 2056 tibr
1351 1998 1397 2070 sit,
1416 2014 1486 2071 quie
1498 1995 1597 2053 claudi
1611 1994 1706 2052 limite
1722 1992 1831 2051 nescit:

260 2099 344 2154 Nunc
359 2094 451 2152 etiam
461 2094 559 2152 luctus
572 2099 601 2151 et
615 2093 702 2151 dolor
714 2093 904 2151 immodicus.
1144 2093 1248 2148 Lector
1261 2087 1301 2146 ad
1311 2088 1370 2144 boc
1383 2102 1498 2161 pronus
1513 2084 1595 2160 quod
1610 2082 1863 2158 repetatpetirnus.

1567 2273 1896 2308 :rx-2&
1952 2289 1953 2302 i

442 2423 828 2539 ROBERTI
866 2419 1130 2536 REGIS
1167 2414 1725 2532 FRANGORUM

885 2667 1272 2792 EPISTOLAE.

484 2937 656 2995 EPISTOLA
673 2937 792 2996 PthlA.
1072 2940 1093 2995 G
1106 2933 1166 2992 bite
1176 2932 1332 3007 quomodo
1344 2930 1494 3000 acciderit,
1508 2934 1538 2988 et
1550 2929 1581 2987 in
1593 2946 1657 3004 qna
1669 2928 1790 2987 historia
1807 2921 1904 2984 maeuii

225 3042 402 3084 noemmin
428 3041 617 3088 moraremini
655 3042 830 3084 senonenses
867 3039 1059 3082 incurerrsco-
1111 3023 1217 3099 possit.
1233 3026 1371 3079 Attamen
1385 3021 1532 3094 deprecor
1554 3035 1592 3076 ne
1613 3019 1756 3077 differatis
1777 3017 1812 3074 ad
1829 3010 1906 3071 resen

607 3129 672 3172 rua.
1114 3113 1247 3170 bendum
1258 3109 1344 3178 mihi,
1356 3109 1430 3184 quia
1442 3108 1547 3167 tandiu
1558 3109 1692 3180 legatum
1710 3109 1793 3181 hujus
1805 3097 1905 3180 portenti

226 3203 311 3278 [cum
324 3205 361 3262 sit
373 3204 426 3262 tibi
439 3219 552 3262 nomen
569 3203 708 3272 seientia,
723 3206 778 3260 etc.
793 3203 903 3261 Exstat
917 3217 1013 3273 capre
1025 3202 1058 3258 in
1113 3201 1233 3270 tenebo,
1257 3200 1355 3258 donec
1365 3199 1440 3258 mibi
1452 3198 1670 3273 respondeatis.
1683 3197 1784 3256 valete.

461 3295 525 3352 vite
537 3292 669 3360 lieberti,
680 3292 736 3349 cot.
753 3291 828 3364 912]
1413 3287 1581 3347 aelsroin
1600 3289 1647 3346 111.

532 3382 706 3440 EPISTOLA
728 3383 760 3436 ll.
1113 3396 1241 3437 ciurana
1258 3393 1446 3436 arrnmcnnsrs
1460 3393 1668 3436 nncmmrsmrr
1682 3395 1716 3434 in
1732 3387 1855 3434 nonum
1867 3383 1904 3424 nr·

241 3487 360 3531 nonnam
389 3488 426 3528 nn
451 3486 607 3528 ononimus
625 3483 821 3526 arrumcansru
845 3481 1041 3524 aneuurmco·
1494 3484 1560 3525 aaa.

612 3574 677 3615 rua.
1356 3557 1453 3626 (Circa
1471 3572 1588 3614 annum
1610 3555 1688 3626 ¹⁰22l

476 3647 572 3718 (Circa
585 3661 702 3703 annum
718 3646 811 3718 ¹022.)
1149 3645 1276 3704 Domino
1289 3648 1351 3718 regi
1359 3650 1544 3704 Francorum
1558 3635 1896 3704 excellentissimoiionm-

265 3740 411 3794 Ronenrus
435 3740 510 3793 nutu
537 3735 588 3792 Dei
618 3737 801 3792 Francorum
826 3750 889 3804 rex,
917 3735 1058 3793 dinanno
1113 3752 1148 3794 ro
1162 3735 1284 3793 humilis
1298 3737 1455 3794 Gncznnns
1470 3735 1572 3794 aterni
1583 3735 1669 3807 Regis
1682 3727 1850 3792 consortium.

228 3825 348 3901 presuli
363 3823 738 3882 Bituricensiumsalntem.
755 3823 827 3881 Volo
840 3840 895 3881 vos
909 3822 983 3881 scire
998 3823 1060 3881 ani-
1149 3824 1236 3892 Quod
1259 3823 1372 3899 placuit
1399 3823 1485 3881 vobis
1520 3823 1703 3895 interrogare
1732 3820 1766 3878 de
1791 3809 1904 3892 prodigio

226 3917 269 3974 mi
284 3915 343 3974 mei
357 3920 475 3973 motum
487 3915 615 3990 qualiter
628 3931 660 3972 se
675 3915 775 3983 habet,
790 3919 824 3972 nt
834 3914 910 3972 forte
923 3915 1059 3972 accidere
1112 3915 1196 3990 quod
1210 3913 1328 3986 accidit,
1343 3914 1401 3971 hoe
1415 3913 1504 3971 nobis
1518 3930 1555 3971 ex
1582 3911 1714 3972 historiis
1726 3911 1815 3985 aperte
1833 3903 1906 3979 petti-

226 4007 311 4079 solet,
327 4023 398 4064 cum
411 4021 497 4063 mens
511 4006 648 4063 humana
674 4009 821 4072 movetur,
838 4003 951 4079 siquid
969 4005 1059 4062 mira-
1114 4005 1201 4072 Quod
1211 4005 1332 4076 sangnis
1345 4021 1436 4079 super
1464 4003 1609 4075 gladium,
1638 4007 1691 4060 aut
1716 3999 1794 4060 civite
1808 3993 1907 4056 bellum,

113 4087 115 4093 ’
217 4091 283 4152 'bile
297 4099 404 4168 praeter
414 4094 535 4153 solitum
556 4093 706 4168 insperate
726 4094 857 4151 auditur.
887 4096 965 4151 lium
986 4109 1058 4166 ergo
1113 4101 1166 4156 aut
1176 4100 1295 4167 gentem
1320 4111 1412 4168 super
1437 4099 1557 4165 gentem
1585 4107 1745 4164 exsurgere
1769 4081 1908 4165 portendit

225 4181 274 4239 die
288 4183 412 4240 sabbati
433 4185 499 4256 J'am
525 4185 671 4241 exhausto
700 4183 835 4241 sederem
862 4182 903 4240 ad
928 4199 1058 4254 caenam,
1113 4185 1245 4244 Valerius
1269 4184 1363 4242 Ruius
1387 4184 1417 4241 in
1438 4184 1515 4242 libro
1544 4182 1787 4250 Memorabilium,
1807 4169 1909 4249 capitio

225 4270 315 4330 allata
328 4272 469 4329 luitmihi
482 4273 624 4346 quadem
649 4271 775 4346 epistola
799 4289 818 4330 e
844 4271 990 4330 Willelmo
1005 4289 1056 4330 eo·
1074 4280 1230 4351 pqnarto,
1248 4277 1287 4332 De
1313 4273 1467 4348 prodigiis,
1488 4274 1554 4331 haec
1569 4273 1681 4330 refert:
1700 4271 1799 4330 «Gaio
1819 4263 1911 4322 volnu-

225 4359 307 4428 mite,
321 4359 359 4417 de
374 4360 509 4433 quodam
524 4365 661 4433 portento
675 4359 805 4418 mirabili
815 4361 929 4430 auditu,
947 4361 1058 4418 scilicet
1110 4364 1172 4433 nio,
1192 4363 1313 4421 Servilio
1329 4362 1459 4436 Sulpicio
1485 4361 1671 4432 consulibus,
1697 4361 1732 4418 in
1753 4359 1822 4418 urbe
1838 4357 1911 4411 ione

225 4448 320 4506 tribus
335 4447 442 4505 diebus
457 4453 526 4505 ante
537 4448 756 4507 solemnitatem
770 4449 894 4507 ioannis
919 4449 1056 4524 Baptista
1111 4453 1194 4511 initia
1207 4457 1367 4525 motusque
1377 4451 1526 4508 bellorum
1542 4451 1674 4508 civilium
1690 4451 1751 4508 hoc
1769 4439 1911 4524 pmdissitm

223 4536 255 4594 in
269 4536 453 4612 quibusdam
468 4536 605 4610 partibus
618 4537 703 4608 regni
715 4537 785 4606 mei,
796 4537 933 4596 videlicet
945 4539 976 4595 in
987 4555 1057 4612 par·
1111 4541 1271 4618 portendit.
1283 4539 1386 4599 Carnis
1411 4539 1442 4597 in
1457 4539 1584 4596 modum
1598 4537 1694 4596 nimbi
1707 4536 1851 4610 dissipata
1862 4541 1911 4604 pu·

224 4626 304 4684 tibus
315 4626 493 4700 Aquitania,
506 4625 593 4698 juxta
606 4625 727 4700 plagam
741 4626 934 4695 maritimam,
943 4627 1057 4700 pluisse
1111 4638 1156 4690 tas
1172 4629 1353 4689 ceciderunt.
1377 4630 1512 4696 Quarum
1527 4629 1675 4702 majorem
1688 4638 1845 4686 numerum
1860 4631 1913 4694 pt&

224 4716 262 4774 de
274 4717 350 4774 coelo
363 4715 429 4774 talis
442 4721 558 4774 natura
586 4716 775 4787 sanguinem,
801 4721 835 4776 ut
848 4734 918 4775 cnm
934 4718 1057 4775 fortuitu
1111 4724 1194 4796 petes
1208 4718 1396 4792 diripuerunt
1409 4716 1748 4792 aves,reliquumbumi
1761 4730 1813 4792 per
1825 4705 1913 4781 aliqud

224 4806 354 4864 cadebat
367 4822 458 4881 super
472 4821 595 4864 carnem
622 4805 764 4876 hominis,
789 4810 842 4864 aut
868 4821 958 4879 super
971 4806 1059 4863 vesti·
1112 4810 1186 4881 dies,
1201 4823 1299 4881 neque
1323 4807 1416 4865 odore
1435 4812 1521 4876 tetro,
1545 4823 1644 4881 neque
1663 4805 1792 4864 dolormi
1817 4797 1913 4875 aspectu

223 4902 371 4966 mentum,
399 4900 451 4953 art
479 4911 570 4970 snper
591 4901 720 4971 petram,
746 4911 809 4953 non
825 4898 927 4970 posset
948 4894 1058 4954 auferri
1112 4903 1261 4957 mutatum
1280 4896 1383 4969 iacuit.
1411 4901 1444 4954 ln
1456 4897 1553 4955 Sicilia
1572 4903 1656 4955 scuta
1684 4897 1748 4955 duo
1762 4889 1913 4964 sanguinum

224 4983 364 5044 lavando.
383 4984 412 5041 Si
426 4999 497 5042 vero
510 4985 638 5042 cadebat
653 4984 883 5058 superlignum,
896 4989 960 5040 tum
978 4983 1056 5042 bene
1112 4989 1260 5056 sudasse3
1284 4986 1375 5044 etiam
1402 4985 1583 5044 metentibus
1614 4989 1755 5044 cruentas
1786 4972 1913 5058 spicata

223 5074 391 5134 lavabatur.
416 5076 445 5134 Si
459 5075 583 5151 quidem
595 5091 648 5148 per
675 5074 815 5132 eamdem
834 5074 993 5148 epistolam
1007 5089 1058 5149 pe·
1112 5074 1235 5132 corbem
1246 5075 1397 5133 cecidisse.
1415 5074 1532 5150 Oppido
1552 5074 1653 5133 ceritis
1680 5089 1778 5150 aquas
1796 5063 1912 5139 senstint

224 5164 269 5220 tiit
282 5181 360 5222 ame
369 5165 450 5222 idem
480 5164 654 5223 Girillelmus
680 5167 838 5230 comeant
854 5179 911 5236 ego
926 5164 1056 5238 require-
1111 5162 1221 5220 mixtas
1236 5162 1370 5232 fluxisse,
1388 5187 1402 5215 »
1430 5163 1576 5222 Chronica
1602 5162 1721 5222 Eusebii
1742 5163 1780 5219 de
1799 5147 1913 5235 prodigii

224 5267 288 5308 rem
302 5269 320 5310 a
332 5253 392 5310 mei
406 5255 490 5326 regni
518 5253 705 5328 sapientibus
718 5253 861 5327 quidhoc
883 5258 1056 5327 portentum
1110 5253 1169 5310 hoc
1183 5253 1271 5310 relert
1287 5272 1294 5310 :
1313 5277 1327 5305 n
1354 5253 1562 5311 Valentiniano
1590 5253 1767 5327 imperante,
1792 5251 1855 5324 post
1863 5239 1914 5298 solit

224 5339 414 5411 significaret.
431 5344 491 5414 Ego
503 5358 573 5400 vero
598 5343 667 5399 volo
682 5347 711 5400 et
725 5358 831 5416 precor
849 5347 882 5400 ut
897 5343 1055 5417 perquira—
1111 5358 1254 5399 occasum
1272 5343 1312 5400 ab
1322 5342 1463 5416 aquilone
1476 5343 1586 5400 coelum
1598 5343 1685 5417 quasi
1708 5340 1787 5414 ignis
1809 5340 1855 5395 aut
1866 5343 1915 5386 stt·

224 5429 261 5488 tis
276 5429 307 5486 in
335 5429 520 5503 quibusdam
544 5431 675 5489 historiis
699 5431 725 5488 si
744 5448 881 5506 unquam
896 5431 1057 5490 accidisset
1111 5431 1327 5503 guiseffeetum
1356 5436 1410 5489 est.
1439 5431 1538 5489 Gentis
1561 5435 1726 5501 llunorum,
1747 5443 1821 5505 pace
1839 5423 1914 5494 mpla

223 5519 315 5592 buius
340 5518 447 5590 simile,
475 5525 504 5577 et
526 5523 610 5595 qnod
634 5522 748 5580 factum
763 5525 937 5595 sequeretur
964 5521 1056 5592 brejas
1110 5521 1235 5596 irruptio
1260 5521 1291 5578 in
1321 5520 1420 5579 Galliis
1444 5526 1546 5578 secute
1569 5526 1622 5579 eet.
1640 5545 1655 5573 s
1681 5522 1755 5578 Item
1778 5513 1915 5576 annotet>

224 5607 266 5665 rei
277 5613 459 5683 portentum.
474 5608 601 5685 itihique
614 5611 674 5671 boo
686 5611 794 5672 eodem
820 5611 922 5682 legato
949 5609 1055 5668 reseri-
1109 5609 1157 5668 nis
1180 5609 1367 5687 imperatoris
1390 5609 1529 5686 septimo,
1555 5607 1656 5670 medio
1674 5607 1787 5669 Tolosa
1813 5591 1918 5662 eivittfl⁵
