3996 6186
378 43 396 98 t

222 183 273 237 ras
716 161 1428 240 nunosrsoncaur's.nnrurrurvrnourun.
1876 175 1930 231 rar

221 303 345 361 enuclea
360 293 537 372 quantocius
564 294 651 354 nobis
670 303 779 355 nostre
800 297 979 356 conditionis
994 296 1047 367 tig-
1069 297 1230 355 acesstitn
1243 314 1365 355 carnem
1377 296 1551 354 humiliatus
1561 295 1704 370 usquead
1714 295 1844 354 humani
1854 313 1933 354 exor-

222 397 391 450 mentum.»
406 389 486 442 Tunc
500 402 600 442 comes
615 386 1049 460 prudentissimusdernulcens
1103 386 1144 442 dii
1169 389 1328 461 pudorem,
1352 392 1381 444 et
1407 403 1578 461 pannorum
1598 387 1730 443 illuviem
1753 390 1781 443 et
1797 391 1934 461 praesepii

222 499 272 538 eos
287 476 406 535 blandis
421 475 586 532 affatibus:
613 477 807 535 Ratiocinatio
827 482 935 532 nostrie
951 474 1051 532 condi·
1104 476 1268 534 vilitatem:
1296 494 1391 551 quam
1415 477 1538 550 quidem
1560 477 1745 535 nativitatem
1769 493 1934 550 possumus

221 567 308 625 tionis
329 567 393 621 baec
418 580 488 620 vera
510 565 695 634 dignositur
709 583 777 622 csse
801 565 840 622 ab
866 563 1049 621 orthodoxis.
1104 565 1215 633 mirari,
1233 567 1369 623 sedeam
1383 566 1506 624 minime
1517 566 1653 622 valemus
1666 564 1783 622 intueri.
1801 566 1877 632 Quis
1887 571 1935 621 ete

220 655 268 710 Bis
283 654 377 728 quino
391 669 523 726 namque
539 654 741 711 coelicolarum
763 655 867 711 ordina
888 658 987 709 creato
1002 653 1051 708 de·
1104 654 1167 712 nim
1182 655 1272 726 digne
1284 655 1367 728 loqui
1382 659 1480 728 potest
1493 655 1649 727 quomodo
1663 653 1701 710 de
1721 658 1836 710 aeterno
1852 658 1933 709 natus

220 745 359 817 cimoque
381 743 477 816 lapso,
501 744 672 801 contumaci
693 743 870 814 arrogantiae
889 742 1053 814 jactantiae
1105 749 1150 800 est
1163 745 1354 800 coaternus?
1378 749 1407 800 et
1426 745 1581 816 quomodo
1596 748 1665 800 ante
1683 743 1796 800 saeeula
1812 743 1934 799 existens

219 851 279 908 que
295 851 356 891 suae
378 833 478 905 jurgio
498 849 647 906 cursuque
661 834 750 890 totius
765 834 927 890 mundanae
953 831 1050 900 molis,
1105 835 1253 907 equalem
1266 834 1323 890 sibi
1338 834 1464 905 genuit?
1478 839 1507 891 et
1519 833 1675 906 quomodo
1694 837 1785 890 natus
1800 833 1933 903 gignente

220 924 417 997 ejusdemque
433 922 558 980 mirilico
583 928 691 979 ornatu
705 923 846 997 perfecte,
867 922 928 978 duo
943 936 1052 977 conne-
1105 924 1252 997 posterior
1265 940 1326 980 non
1341 925 1407 981 est?
1422 923 1504 997 quod
1519 928 1564 979 est
1573 926 1657 980 Pater
1666 923 1724 979 hoc
1734 923 1853 992 genuit:
1868 925 1933 978 bens

220 1016 285 1070 tens
300 1012 457 1079 elementa,
473 1010 575 1066 vivum
601 1010 711 1066 scilicet
728 1017 756 1067 et
777 1010 1004 1078 moribundum,
1019 1008 1050 1064 in
1108 1017 1210 1082 licum,
1222 1013 1274 1069 lux
1286 1011 1934 1082 lucem,immensusimmensum,incompre

221 1118 316 1157 unum
330 1100 471 1170 effigiavit
488 1103 564 1155 lteris
581 1100 735 1156 hominem
750 1101 789 1158 ita
805 1099 1003 1156 immortalem
1015 1115 1050 1154 ex
1105 1100 1260 1157 hensihilis
1274 1100 1621 1173 incomprehensibilem,
1635 1099 1833 1172 omnipotens
1847 1099 1932 1154 omni·

219 1189 303 1260 limo,
316 1195 349 1246 ut
362 1189 456 1260 gloria
470 1193 498 1244 at
511 1189 625 1244 bonore
636 1206 707 1245 eum
718 1193 883 1257 coronaret,
902 1203 1052 1261 superque
1105 1195 1258 1263 potentem
1272 1206 1368 1246 unum
1379 1194 1528 1256 secum‚et
1537 1187 1796 1257 coeternumsibi
1808 1204 1933 1260 coequa-

219 1295 309 1353 opere
337 1294 482 1335 manuum
508 1293 631 1333 suarum
660 1279 853 1334 constitueret
877 1282 905 1334 et
929 1277 969 1334 ad
991 1293 1050 1333 coe·
1105 1278 1175 1336 lem.
1193 1279 1248 1345 Qui
1266 1284 1356 1335 natus
1381 1295 1417 1335 ex
1441 1282 1524 1336 Patra
1544 1279 1768 1352 siuetempore,
1784 1293 1825 1334 ex
1851 1283 1931 1333 matre

220 1368 324 1425 testem
338 1367 514 1438 angelorum
530 1366 666 1437 gloriam,
683 1383 776 1440 quam
791 1383 937 1436 arrogans
952 1366 1051 1440 perdi·
1106 1368 1189 1424 nasci
1202 1368 1342 1438 dignatus
1355 1373 1400 1424 est
1417 1367 1448 1423 in
1462 1371 1606 1440 tempore,
1621 1366 1704 1422 etad
1718 1365 1824 1422 electri
1841 1365 1931 1422 simili·

220 1459 314 1526 derat,
330 1457 515 1532 quandoque
531 1457 594 1513 sine
614 1458 711 1513 earnis
726 1462 820 1515 morte
837 1459 975 1514 transiret
989 1475 995 1525 ;
1010 1457 1052 1511 sic
1107 1456 1243 1513 tudinem
1258 1473 1337 1513 unus
1351 1457 1381 1512 in
1396 1462 1522 1521 utraque
1538 1462 1618 1512 etex
1634 1461 1761 1528 utraque
1777 1459 1931 1514 naturazct

221 1564 292 1606 vero
306 1546 518 1614 immortalem,
534 1550 576 1618 nt,
593 1545 616 1601 si
632 1563 663 1602 se
678 1546 716 1602 ad
733 1546 899 1604 Conditoris
919 1545 964 1602 sui
980 1545 1052 1601 obe·
1108 1549 1186 1602 Deus
1198 1546 1363 1620 permansit
1377 1563 1447 1604 cum
1461 1549 1588 1612 Petraei
1595 1545 1633 1602 ad
1640 1545 1881 1618 redemptionem
1890 1561 1931 1600 nc

221 1637 365 1694 dientiam
377 1635 503 1692 vinculis
519 1636 669 1691 charitatis
683 1640 837 1704 coartaret,
847 1635 964 1704 legibus
977 1651 1055 1691 mor·
1074 1651 1095 1706 g
1108 1642 1201 1692 stram
1212 1635 1308 1692 factus
1318 1637 1465 1692 esthemo
1476 1635 1611 1691 mortalis
1622 1635 1660 1691 de
1669 1639 1776 1702 matre,
1790 1639 1930 1691 uteraeret

220 1727 257 1783 tis
280 1741 341 1782 non
364 1723 558 1781 incubuisset.
575 1727 693 1793 Verum,
718 1724 777 1780 heu
802 1723 906 1780 dolori
936 1723 1053 1798 perlido
1108 1725 1276 1781 humanum
1291 1740 1386 1795 genus
1407 1741 1470 1780 suae
1486 1723 1687 1780 similitudinis
1711 1728 1739 1780 et
1755 1724 1894 1794 imaginis
1906 1722 1929 1776 ti·

219 1815 314 1874 hostis
328 1815 441 1887 antiqui
457 1817 523 1868 astu
536 1813 737 1870 fraudulenter
752 1813 921 1881 intricatus,
939 1813 1053 1887 cupidi·
1108 1813 1417 1885 gmentumsualarga
1427 1813 1619 1870 miseratione
1630 1812 1778 1869 abhostili
1789 1813 1928 1886 lapsorum

221 1909 378 1977 totumque
391 1902 536 1959 illecebris
557 1903 675 1976 illcptus
692 1908 901 1976 praeceptaque
917 1903 1052 1959 Plasma-
1108 1904 1286 1972 angelorum
1300 1902 1496 1959 immanitate.
1518 1906 1762 1976 Temporumque
1777 1901 1928 1958 labentium

221 1995 292 2052 toris
306 1993 491 2064 negligenter
505 2008 648 2066 spernens
668 1992 797 2065 indeque
821 1993 886 2048 neci
912 1992 1052 2060 obnixus,
1108 2010 1213 2048 cursus
1228 1992 1399 2049 humaniter
1411 2007 1588 2064 exsequens,
1601 1991 1786 2063 diversaque
1801 1989 1928 2046 miracuh

221 2089 312 2157 atque
328 2083 366 2138 ab
382 2080 606 2138 amoenitatibus
621 2080 752 2154 paradisi
767 2080 873 2152 pulsus
893 2079 1055 2137 mundiali·
1109 2081 1282 2138 mirabiliter
1297 2096 1455 2154 peragens,
1472 2080 1582 2136 scilicet
1595 2096 1732 2150 gressum
1748 2079 1875 2157 claudis.
1888 2094 1927 2132 au-

221 2172 279 2230 bus
294 2169 436 2228 aerumnis
451 2175 496 2226 est
509 2169 744 2242 deputatusltec
760 2172 861 2226 tamen
875 2168 1052 2225 sententiam
1108 2171 1204 2228 ditum
1225 2170 1333 2238 surdis,
1362 2169 1750 2242 visumeaecis,pristtnam
1779 2168 1923 2224 sanitatem

222 2259 425 2318 damnationis
444 2259 507 2332 ipse
530 2258 611 2314 solus
628 2258 751 2331 excepit,
774 2259 827 2314 scd
842 2262 934 2315 totam
950 2274 1052 2314 secum
1108 2259 1281 2334 paralyticis
1295 2277 1301 2326 ;
1316 2258 1464 2314 mundam
1480 2263 1657 2331 gratamque
1669 2262 1698 2314 ct
1710 2257 1927 2314 deliciosamru-

223 2349 349 2405 humani
363 2347 478 2417 generis
491 2347 690 2420 propaginem
699 2346 728 2401 in
745 2345 860 2402 facinus
872 2345 1054 2403 exsecrabile
1108 2353 1168 2406 tem
1180 2352 1208 2404 et
1220 2363 1342 2404 carnem
1355 2346 1631 2420 leprosislargiens;
1645 2346 1801 2419 marisque
1813 2350 1926 2402 tumores

224 2442 253 2493 et
267 2436 370 2492 mortis
386 2434 577 2492 acerbitatem
592 2434 713 2490 invexit.
722 2433 795 2489 Hinc
806 2434 900 2490 hostis
913 2435 1055 2506 antiquus
1109 2437 1208 2494 sibiet
1227 2440 1311 2494 Petro
1325 2435 1484 2493 calcabiles
1504 2436 1652 2509 prebens,
1673 2435 1794 2509 ipsique
1816 2434 1885 2490 mari
1904 2439 1924 2486 et

225 2542 315 2600 super
334 2541 439 2581 omnes
463 2524 601 2581 homines
625 2523 827 2597 principatum
850 2523 1055 2579 fraudulenter
1108 2526 1204 2582 ventis
1219 2525 1415 2600 praecipiens:
1437 2529 1582 2593 mortuos,
1597 2524 1670 2592 quin
1685 2523 1779 2580 etiarn
1801 2526 1924 2580 Lazarum

224 2616 328 2682 tenuit,
344 2631 457 2687 eosque
473 2614 530 2669 sibi
545 2613 681 2686 nequiter
695 2613 838 2669 subdidit.
855 2615 972 2679 Verum,
982 2613 1054 2686 quia
1108 2616 1138 2671 in
1153 2619 1351 2672 monumento
1367 2614 1612 2687 quatriduanum,
1628 2614 1826 2684 suscitavit,et
1839 2613 1924 2668 ornan

223 2704 432 2779 plasmationis
447 2708 476 2758 et
501 2718 589 2759 casus
614 2701 790 2775 protoplasti
816 2706 972 2757 exsecutus
988 2718 1055 2756 sum
1108 2720 1297 2777 quaecunque
1309 2703 1404 2760 voluit
1416 2704 1446 2760 in
1463 2703 1549 2771 coelo,
1561 2708 1590 2760 et
1608 2702 1742 2772 interra,
1759 2708 1790 2758 et
1801 2703 1830 2759 in
1853 2699 1923 2759 mari.

223 2792 351 2850 breviter
364 2793 481 2854 seriem,
507 2790 554 2844 eui
581 2789 670 2844 corde
685 2793 714 2844 et
739 2794 839 2844 mente
854 2790 1054 2857 adhaeremus,
1108 2800 1137 2851 et
1149 2794 1179 2850 in
1194 2793 1336 2850 omnibus
1351 2793 1471 2866 abyssis
1483 2793 1559 2850 lecit.
1571 2792 1702 2866 lienique
1718 2792 1759 2848 ad
1769 2797 1922 2867 spontanea

224 2877 427 2949 evangelizare
439 2876 525 2932 vobis
540 2880 648 2932 nostrae
659 2875 839 2932 crudelitatis
847 2878 940 2944 gestio
950 2878 1053 2934 fidem.
1108 2884 1213 2940 mortis
1228 2882 1434 2956 spectaculum
1444 2883 1589 2956 pervenit,
1597 2899 1691 2956 quam
1702 2886 1732 2938 et
1743 2883 1824 2939 cruci
1832 2879 1923 2938 affixus

224 2969 318 3022 Deum
334 2979 465 3036 namque
480 2963 619 3018 nnumin
635 2963 800 3019 substantia
813 2964 949 3032 colimus,
962 2965 1054 3021 Trini-
1070 3005 1089 3058 C
1109 2971 1270 3040 sustinens,
1286 2970 1360 3026 dum
1376 2988 1431 3028 suo
1446 2972 1483 3028 de
1497 2971 1587 3028 latere
1610 2986 1723 3044 aquam
1743 2983 1921 3040 cruoremque

224 3057 315 3110 tatem
338 3053 367 3109 in
383 3051 518 3125 personis
531 3068 731 3108 veneramur:
757 3058 794 3120 et,
810 3053 877 3109 licet
904 3054 942 3110 sit
969 3056 1055 3111 Pater
1108 3059 1246 3132 produxi,
1259 3059 1404 3129 virginem
1417 3059 1706 3132 immaculatamque
1717 3053 1920 3116 ecelesiamsihi

224 3145 311 3210 Deus,
325 3140 414 3197 Filius
428 3144 517 3210 Deus,
534 3141 658 3214 Spiritus
674 3142 799 3198 Sanctus
813 3145 899 3213 Deus,
917 3159 996 3198 unus
1011 3149 1054 3200 ta-
1108 3147 1252 3216 exhibuit,
1261 3148 1408 3218 sanguine
1422 3147 1718 3222 redemptam,latice
1733 3147 1916 3206 emundatam:

223 3247 293 3288 men
309 3228 503 3286 solummodo
519 3228 648 3286 creditur
662 3232 740 3285 Deus
758 3233 873 3287 Patrem
888 3231 1053 3302 genitorem
1108 3253 1145 3293 ne
1158 3241 1210 3292 aut
1222 3236 1373 3293 maculam
1388 3237 1511 3295 haberet
1522 3237 1763 3311 percrimen,aut
1772 3250 1864 3306 rugam
1872 3246 1916 3303 per

222 3318 483 3389 vocemus,Filium
499 3318 631 3388 genitum
643 3318 822 3376 confitemur
833 3319 974 3392 Spiritum
986 3337 1055 3376 san·
1108 3326 1322 3400 duplicitatem.
1347 3326 1444 3386 Mortis
1466 3343 1598 3399 namque
1613 3326 1763 3384 celebrato
1785 3321 1917 3396 mysterio,

223 3416 304 3467 ctum
325 3426 362 3465 ex
387 3413 512 3480 utroque
537 3423 660 3463 manare
676 3407 843 3476 credimus;
861 3414 890 3464 et
912 3408 945 3464 in
960 3408 1054 3464 tribus
1107 3414 1285 3487 infernoque
1301 3414 1475 3488 exspoliato,
1498 3415 1546 3470 die
1561 3414 1688 3472 surrexit
1711 3414 1799 3478 tertio,
1812 3410 1918 3481 suisque

223 3499 269 3555 his
284 3497 430 3571 personis,
446 3496 556 3552 scilicet
571 3495 726 3565 Genitoris,
740 3501 768 3552 et
784 3497 940 3567 Unigeniti,
963 3502 1054 3570 atque
1107 3503 1248 3559 fidleibus
1264 3520 1294 3560 se
1310 3503 1670 3571 manifestumexhibens,
1686 3519 1749 3560 cum
1760 3502 1919 3557 eisccnrer·

224 3603 260 3644 ex
274 3592 400 3658 utroque
416 3585 615 3650 Procedentis,
629 3585 814 3640 divinitatem
831 3602 934 3656 unam,
951 3602 1053 3658 aequa·
1109 3591 1214 3662 sendo,
1235 3592 1469 3664 quadragesimo
1491 3610 1552 3650 snae
1573 3589 1787 3650 resumationis
1804 3586 1848 3643 die
1862 3600 1917 3641 car·

223 3676 342 3748 lemque
370 3673 496 3744 gloriam
523 3679 552 3731 et
578 3675 766 3745 majestatem
795 3676 980 3747 profitemur.
1000 3675 1053 3731 Hic
1107 3695 1284 3752 nem,quam
1295 3680 1332 3737 de
1344 3681 1461 3752 Virgine
1473 3678 1756 3756 sumps1t‚apostolis
1765 3675 1917 3734 videntibus

223 3781 355 3838 namque
368 3767 445 3822 Deus
460 3765 568 3821 coelum
588 3763 748 3820 subtilitate
761 3764 927 3837 suspendit,
944 3769 1053 3822 terram
1108 3767 1225 3824 sustulit
1239 3769 1325 3825 coelo.
1342 3771 1424 3826 lianc
1439 3785 1571 3843 namque
1584 3774 1724 3840 mortem,
1740 3783 1827 3841 quarn
1837 3762 1915 3821 bostis

223 3859 302 3916 mole
320 3858 464 3926 fundavit,
490 3856 586 3914 maria
609 3855 730 3912 calculis
755 3855 899 3926 alligavit,
913 3861 941 3914 et
955 3856 986 3913 in
1007 3858 1054 3914 his
1107 3856 1249 3929 antiquus
1271 3859 1457 3933 protoplasto
1472 3859 1633 3933 generique
1647 3860 1713 3930 ejus
1740 3855 1842 3920 intulit,
1856 3851 1915 3908 abo

222 3949 327 4006 omnia
338 3963 538 4021 quaecumque
552 3945 750 4016 voluit,verbo
761 3944 875 4017 lecit,et
885 3946 1053 4020 spiritusuo
1106 3945 1166 4001 lere
1178 3944 1299 4002 famulis
1314 3947 1374 4003 suis
1394 3947 1521 4020 paravit,
1538 3947 1651 4020 iterque
1666 3943 1843 4010 inviolabile,
1866 3953 1915 4012 quo

223 4053 260 4094 ea
273 4037 412 4094 firmavit.
431 4036 482 4093 Hic
502 4051 634 4108 namque
651 4034 733 4092 solus
748 4034 1053 4092 habetimmortalita-
1108 4034 1305 4092 ascenderent
1326 4035 1408 4092 unde
1422 4035 1500 4109 lapsi
1515 4040 1594 4106 sunt,
1610 4033 1835 4104 demonstravit,
1853 4029 1912 4085 dum

224 4129 294 4192 tem,
310 4131 339 4180 et
350 4124 449 4180 lucem
464 4123 580 4180 habitat
593 4123 841 4180 inaccessibilem.
859 4124 947 4197 hpud
961 4140 1054 4197 quem
1107 4139 1230 4179 carnem
1252 4129 1386 4180 nostram
1402 4141 1504 4181 secum
1525 4123 1565 4180 ad
1580 4128 1662 4180 astra
1687 4122 1777 4179 vexit.
1794 4118 1916 4188 Quocirca

223 4226 286 4266 non
299 4215 344 4266 est
357 4212 576 4282 transmutatio,
597 4228 652 4270 nec
664 4211 876 4269 vicissitudinis
892 4212 1053 4268 obumbra·
1108 4212 1216 4286 copula
1237 4212 1368 4270 duorum
1391 4212 1617 4280 elementorum,
1648 4211 1759 4269 scilicet
1784 4211 1875 4274 hamo,
1897 4203 1915 4257 si

224 4299 274 4356 tio.
290 4300 381 4370 Cujus
396 4317 514 4374 semper
532 4305 664 4370 estesse,
679 4307 823 4358 aeternum
840 4307 868 4358 et
884 4302 1052 4358 incommu-
1108 4298 1182 4356 dum
1208 4299 1314 4356 vixerit
1332 4303 1391 4358 lieo
1415 4299 1576 4358 famulatus
1600 4299 1697 4367 fuerit,
1723 4301 1841 4372 ejusque
1854 4307 1917 4366 pre·

224 4387 360 4446 tabiliter.
376 4388 432 4454 Qui
452 4388 515 4445 sine
538 4390 702 4446 mutatione
722 4391 768 4447 sui
787 4391 878 4448 habet
897 4390 1053 4447 mutabilia
1069 4357 1091 4410 D
1107 4389 1199 4461 ceptis
1221 4389 1289 4446 totis
1309 4389 1418 4446 virium
1441 4389 1651 4446 conaminibus
1672 4386 1841 4454 obediverit,
1858 4397 1918 4456 pars

223 4477 392 4549 disponere,
408 4476 470 4532 sine
486 4475 653 4533 diversitate
675 4477 721 4533 sui
743 4478 863 4535 diversa
876 4493 974 4549 agere,
989 4479 1052 4534 sine
1106 4477 1174 4534 viva
1188 4483 1217 4535 et
1244 4479 1402 4553 potentior,
1426 4495 1494 4552 quae
1510 4494 1632 4549 germen
1648 4479 1688 4536 ab
1709 4479 1817 4536 aethere
1835 4471 1917 4536 uuit

224 4565 438 4637 cogitationum
449 4564 1016 4633 vicissitudinedissimiliaformareQui
1026 4571 1055 4624 et
1106 4566 1226 4640 hospita
1249 4567 1364 4624 viscera
1384 4568 1430 4624 sui
1453 4568 1597 4641 corporis,
1622 4569 1768 4625 recusatis
1794 4559 1920 4632 cephalis

224 4657 336 4730 ubique
351 4660 406 4724 est,
420 4658 449 4711 et
472 4654 589 4727 absque
612 4654 679 4712 loco
694 4655 858 4728 totus,quia
875 4659 903 4711 et
916 4657 1052 4713 omnium
1106 4656 1210 4723 hostis,
1235 4656 1275 4713 ad
1290 4657 1401 4714 sethera
1416 4673 1519 4713 secum
1543 4657 1717 4731 reportabit.
1748 4657 1779 4715 Si
1795 4657 1862 4713 torte
1876 4658 1920 4706 ter

224 4744 498 4818 creaturarumipse
509 4743 706 4818 interior,ipse
719 4743 917 4818 interior,ipse
928 4746 1054 4802 exterior
1105 4744 1205 4800 restris
1217 4744 1356 4802 voluntas
1366 4745 1481 4802 luteum
1494 4747 1635 4820 sapuerit,
1643 4750 1671 4802 et
1684 4761 1777 4818 grave
1792 4741 1920 4803 netarium

225 4837 312 4906 lteus,
329 4833 463 4907 superior
478 4836 522 4889 est
540 4832 682 4903 regendo,
701 4831 823 4888 interior
837 4833 995 4905 portando,
1011 4833 1054 4890 in-
1106 4833 1278 4906 captaverit,
1316 4835 1485 4908 animeque
1513 4835 1646 4904 virtutes,
1678 4833 1859 4892 coacervatis
1888 4827 1921 4884 ni·

223 4923 312 4980 terior
326 4923 479 4998 replendo,
496 4922 621 4980 exterior
636 4920 948 4978 circumdandolntra
964 4923 1051 4995 cujus
1105 4923 1200 4979 mium
1231 4923 1318 4992 vitiis,
1346 4925 1554 4999 abdicastique
1580 4924 1832 4999 promissionibus
1858 4931 1921 4992 quos

221 5011 326 5082 judicii
337 5011 585 5087 omnipotentiam
598 5016 705 5068 cuncta
716 5015 914 5080 coarctantur,
925 5011 1051 5083 ejusque
1103 5011 1135 5068 in
1163 5011 1315 5086 baptismo
1347 5013 1553 5087 spoponderit,
1581 5013 1715 5087 pondere
1743 5015 1921 5087 peecatorum

223 5101 355 5174 potentia
370 5101 409 5158 ab
425 5101 485 5158 ulla
499 5105 642 5158 creaturae
657 5105 766 5157 natura
788 5116 848 5157 nou
871 5099 1053 5156 transcendi·
1104 5102 1294 5175 oppresserit,
1320 5102 1453 5159 animam
1481 5119 1582 5159 secum
1608 5102 1730 5159 trahens
1758 5102 1800 5160 ad
1822 5097 1921 5156 interna

225 5192 292 5257 tur,
308 5190 379 5261 quia
395 5190 541 5246 celsitudo
557 5191 622 5262 ejus
636 5189 796 5247 divinitatis
812 5206 866 5246 nec
882 5189 1051 5263 crepitasse
1104 5190 1425 5265 torquebitProptcrea
1441 5192 1584 5266 sepulcris
1594 5190 1807 5264 impenditura
1820 5181 1922 5246 christi

224 5289 279 5330 nec
291 5275 409 5346 desinit,
420 5283 448 5333 et
457 5295 512 5334 nec
522 5295 576 5352 per
586 5279 701 5335 initium
717 5279 848 5334 nascitur
859 5295 913 5335 nec
924 5278 1050 5334 termino
1103 5278 1175 5335 colis
1190 5279 1324 5336 maxima
1339 5297 1420 5351 eura,
1434 5281 1550 5355 illisque
1561 5281 1724 5338 creduntur
1734 5293 1859 5353 corpora
1870 5286 1921 5330 non

224 5367 501 5433 coangustatur.Hic
515 5383 648 5441 namque
662 5370 740 5424 Deus
755 5367 974 5440 verbumquod
987 5371 1052 5423 erat
1103 5368 1221 5440 penitus
1236 5372 1365 5437 mortua,
1382 5371 1434 5428 sed
1451 5387 1571 5428 sumruo
1599 5371 1679 5442 [teg.‚
1696 5371 1815 5440 somno}
1839 5365 1919 5422 aare:

223 5451 254 5510 in
262 5451 408 5526 principio
419 5454 501 5526 apud
509 5460 620 5520 eum,et
632 5455 713 5528 quod
723 5455 786 5511 sine
797 5460 930 5529 tempore
938 5454 1049 5525 genuit,
1102 5455 1175 5529 quia
1187 5455 1305 5514 venient
1317 5459 1388 5514 olim
1404 5458 1514 5515 secula
1528 5458 1559 5515 iu
1579 5457 1690 5530 quibus
1705 5457 1806 5514 socius
1821 5463 1918 5510 ammte

223 5542 263 5598 ob
279 5546 412 5599 nostram
427 5542 663 5616 redemptionem
678 5544 827 5600 incarnari
840 5543 995 5616 disposuit.
1010 5545 1050 5598 Ex
1102 5544 1183 5600 calor
1198 5545 1326 5602 visitabit
1337 5563 1416 5617 ossa,
1426 5547 1552 5620 vivoque
1565 5547 1711 5617 sanguine
1727 5546 1858 5602 animata
1869 5553 1921 5608 grs-

224 5636 423 5688 sacrosancte
434 5631 560 5703 Virginis
576 5649 675 5702 cerne,
690 5633 797 5704 angelo
812 5632 967 5690 nuntiante
981 5649 1049 5706 pro·
1102 5633 1306 5707 tabitpristina
1319 5634 1639 5705 habitacula,videlicet
1649 5635 1798 5694 cadavera
1811 5625 1920 5688 innuis
