3990 6184
141 364 320 422 Benedictus
335 364 478 422 Ostiensis
496 363 667 437 episcopus,

142 454 268 510 amatus
284 453 462 509 vellitrensis
479 452 649 525 episcopus.

141 543 251 599 Bonizo
266 541 486 598 tuschanensis
496 539 665 614 episcopus.

141 634 293 690 honestus
309 629 558 704 Foropopiiicnsis
573 630 742 703 episcopus.

140 721 238 778 Adam
254 718 555 794 Forosempronensis
568 719 737 792 episcopus.

141 809 326 867 crescentius
343 810 371 866 S.
388 807 515 865 ituffinae
530 808 640 866 Eccles.
657 807 749 882 episc.

140 899 214 956 vido
228 899 428 956 humanensis
444 899 535 973 episc.

141 989 277 1046 Andreas
289 989 448 1048 Perusinus
459 988 549 1062 episc.

142 1080 267 1138 Uberius
284 1081 442 1138 sasenates
458 1079 568 1136 Eccles.
583 1077 673 1153 episc.

140 1171 293 1227 arduinus
309 1174 484 1228 Fereiranus
497 1169 589 1243 episc.

139 1259 309 1317 teudaldus
325 1262 353 1317 S.
371 1259 492 1317 liariani
507 1258 597 1333 episc.

138 1353 268 1408 loannes
284 1351 312 1407 S.
327 1348 500 1406 sabinensis
516 1346 593 1406 Eccl.
609 1347 700 1420 episc.

138 1439 338 1496 Theudcricus
352 1438 535 1496 Urbincnsis.

138 1527 339 1584 theudaldus.

139 1615 274 1673 Uberius.

675 273 679 280 ·
725 231 910 296 EPISTOLAE
928 227 974 286 Bt
995 227 1205 286 BiPLOithh.

952 356 974 410 Α
990 351 1136 412 imitando
1149 353 1325 426 praedictam
1340 351 1522 410 Gradenscm
1537 350 1699 408 Ecclesiam
1715 366 1818 425 perpe·

1749 232 1816 287 teet

989 444 1042 498 tua
1055 441 1214 498 stabilitate
1228 441 1464 516 patriarchatum
1477 454 1543 496 esse
1560 439 1721 508 sancimus,
1751 440 1817 498 tibi-

989 544 1048 601 que
1058 528 1116 585 illic
1128 529 1309 604 presidenti,
1338 529 1469 602 quisque
1483 526 1707 583 successoribus
1722 532 1816 586 totum

988 619 1184 693 metropolita
1197 623 1286 692 atque
1302 618 1478 692 patriarchae
1492 616 1625 674 officium
1647 615 1738 672 libere
1763 633 1815 690 pc-

988 708 1156 778 ragendum
1171 709 1374 776 concedimus,
1391 711 1419 764 et
1428 707 1466 764 de
1478 693 1620 763 omnibus
1631 706 1736 763 vestris
1750 723 1818 780 pos-

989 797 1173 853 sessionibus
1195 797 1398 871 prtacipieudo
1423 795 1628 852 interdicimus
1657 799 1690 851 ut
1715 794 1816 852 nullus

987 884 1167 956 patriarcha,
1184 885 1438 958 archiepiscopus
1453 881 1640 956 praepositus,
1670 882 1816 954 decanus,

987 972 1205 1044 vicedominus,
1231 974 1303 1042 dux,
1327 974 1471 1045 marchio,
1500 987 1610 1040 comes,
1640 971 1816 1040 vicecomes,

987 1065 1040 1119 aut
1051 1073 1171 1120 exactor
1183 1064 1310 1136 alicuius
1324 1063 1377 1132 rci,
1388 1079 1443 1119 nec
1458 1061 1535 1117 udus
1548 1061 1641 1132 judex
1666 1060 1816 1134 publicus,

986 1151 1034 1208 vel
1043 1153 1168 1224 quilibet
1186 1169 1223 1210 ex
1233 1152 1367 1226 judiciali
1377 1155 1522 1226 potestate
1535 1149 1596 1206 vim
1620 1149 1754 1223 aliquam
1770 1149 1817 1206 rel

986 1240 1173 1298 invasionem
1184 1242 1291 1298 inferre
1311 1243 1486 1314 praesumat,
1516 1243 1567 1296 aui
1596 1238 1697 1311 aliquo
1724 1239 1817 1296 modo

986 1331 1156 1388 molestiam
1166 1332 1300 1404 ingerere
1314 1331 1367 1389 tibi
1382 1329 1485 1387 Ursoni
1495 1328 1684 1403 patriarchae,
1698 1328 1816 1400 tuisque

988 1421 1223 1490 successoribus,
1239 1421 1301 1478 sive
1314 1422 1344 1478 in
1357 1419 1498 1487 ecclesiis,
1525 1422 1553 1474 et
1581 1416 1734 1491 plebibus,
1760 1413 1817 1472 'seu

987 1511 1174 1568 monasteriis
1190 1516 1247 1569 tum
1260 1510 1392 1568 ecciesiae
1404 1507 1630 1584 pcrtinentibus,
1659 1505 1756 1563 settin
1772 1505 1816 1562 ia·

987 1599 1085 1669 millis,
1099 1601 1129 1656 in
1145 1601 1269 1673 colonis,
1284 1600 1386 1668 servis,
1402 1599 1448 1656 vel
1461 1597 1631 1672 mancipiis,
1648 1611 1683 1654 ac
1694 1594 1815 1668 reliquie

138 1722 314 1780 Benedictus
337 1721 569 1780 mmmmm
590 1722 618 1777 g·
633 1722 665 1776 fl6
688 1723 718 1776 E·
731 1723 760 1776 e,
773 1716 934 1775 vicedomi,
950 1689 1304 1763 nquoesuperejusdem
1329 1688 1461 1746 ecclesia
1488 1686 1571 1744 terris
1593 1688 1728 1744 manent.
1759 1683 1816 1740 Sed

103 1823 173 1868 nus.

139 1917 212 1988 Ugo.

140 1997 241 2062 Petrbs
256 2000 452 2064 cancellarius
466 2009 577 2062 hoster.

138 2104 205 2180 Leo,
222 2111 387 2184 Romanus,
401 2101 596 2178 Crescentius,
614 2106 726 2178 Petrus,
742 2108 796 2183 qui
815 2100 843 2166 et
857 2095 934 2166 litan-

102 2183 148 2254 cio
159 2183 278 2268 dicitur,
291 2199 433 2257 diacones
447 2200 553 2258 nostri.

987 1777 1071 1834 omni
1082 1778 1149 1850 jure
1164 1783 1193 1834 et
1208 1783 1308 1835 tenore
1329 1780 1356 1835 8.
1385 1775 1545 1834 Gradensis
1568 1774 1704 1832 Ecclesia
1732 1787 1816 1845 epa-

986 1866 1123 1923 triarchis
1138 1883 1218 1924 nunc
1234 1872 1262 1925 et
1273 1882 1392 1941 semper
1405 1865 1517 1923 ibidem
1531 1861 1760 1938 praesidentibus
1782 1860 1815 1917 li·

986 1956 1392 2030 bere‚queep1eelibavimus,
1413 1955 1529 2027 absque
1542 1953 1630 2009 uilius
1655 1951 1816 2008 intestatio-

987 2056 1025 2099 ne
1039 2033 1222 2101 retineantur
1235 2056 1270 2101 ac
1285 2043 1429 2119 perpetiro
1437 2043 1504 2116 jure
1519 2027 1741 2116 possideantur.
1757 2037 1815 2095 Pri-

986 2132 1129 2204 vilegium
1144 2134 1308 2208 veroquod
1332 2134 1436 2207 Poppo
1464 2129 1675 2204 Forojuliensis
1703 2128 1815 2203 praesul

986 2225 1024 2280 de
1039 2223 1224 2297 subjectione
1240 2225 1397 2282 Gradensis
1411 2223 1631 2296 patriarchatus
1645 2220 1817 2278 iraudulen-

135 2307 265 2362 toannes
278 2306 524 2364 archicanonicus
539 2311 568 2364 ei
580 2306 765 2379 archipresb.
780 2305 932 2364 canonica
987 2319 1030 2370 ter
1045 2314 1083 2370 ah
1097 2315 1154 2370 hac
1167 2315 1237 2370 sede
1259 2318 1437 2370 consecutus
1461 2317 1514 2382 est,
1541 2313 1613 2385 quis
1637 2311 1720 2368 ordia
1741 2309 1814 2366 iilud

102 2395 130 2451 S.
147 2394 233 2452 Joen.
249 2399 318 2453 ente
330 2398 451 2453 Portam
465 2397 609 2454 lebnam.

135 2503 265 2557 loannes
280 2501 440 2558 cardinalis
455 2502 556 2576 presb.
572 2502 648 2559 tituli
668 2503 696 2559 S.
712 2499 841 2558 Otaciliae.

136 2589 266 2646 loannes
280 2589 362 2646 Gardt
374 2589 417 2646 ttt.
436 2591 463 2648 S.
479 2591 603 2648 titffl'ttsstt

140 2677 271 2734 ioannes
285 2677 368 2734 card.
385 2677 426 2735 tit.
445 2679 473 2736 S.
483 2676 615 2736 Damasi.

141 2765 266 2822 liberius
285 2767 367 2824 carde
382 2767 424 2825 tit.
438 2769 466 2824 8.
479 2767 651 2826 Anastasis.

140 2854 280 2912 Martinus
295 2855 377 2913 card.
394 2856 436 2912 tit.
452 2859 480 2915 St
496 2858 623 2915 savina.

139 2941 308 3002 Teudaldus
321 2944 517 3002 Primicerius.

138 3032 313 3090 Benedictus
328 3034 545 3092 oblationarius
561 3037 589 3093 S.
602 3038 634 3093 Rs
651 3038 682 3092 B.

138 3121 315 3181 Benedictus
328 3124 431 3198 presb.
445 3129 474 3182 et
488 3125 570 3183 card.
588 3125 630 3182 tit.
647 3125 798 3198 sylvestri.

137 3211 242 3268 Petrus
252 3212 334 3270 card.
354 3213 396 3270 tit.
409 3215 438 3271 S.
455 3215 620 3286 Grisogoni.

139 3299 346 3360 Subdiecones
361 3307 473 3374 autem,
486 3305 628 3360 loannes

137 3389 335 3448 adelmarius.

137 3481 251 3538 Birdso.

137 3569 213 3627 Sica.

987 2401 1132 2460 canonica
1145 2403 1295 2459 munitum
1320 2401 1493 2460 auctoritate
1520 2400 1719 2469 decernimus,
1742 2398 1813 2455 resi·

987 2492 1122 2550 dentum
1140 2493 1300 2549 nobiscum
1317 2491 1530 2550 scnerabilium
1558 2490 1684 2548 hotrum
1711 2493 1813 2546 sucto-

986 2581 1040 2638 rali
1054 2597 1182 2638 censura
1196 2580 1434 2655 corrrumpendo
1453 2579 1572 2654 penitus
1599 2579 1723 2637 omnine
1746 2591 1814 2636 core

986 2670 1156 2744 rumpimus
1170 2675 1199 2726 et
1212 2686 1407 2727 evacuamus.
1425 2670 1454 2728 si
1467 2669 1535 2743 quis
1550 2681 1621 2741 crgo
1642 2671 1814 2726 uestrorum

987 2775 1206 2829 successorum,
1230 2760 1278 2817 vel
1309 2759 1437 2817 aliorum
1461 2759 1632 2832 aliquorum
1655 2757 1815 2815 hominum

987 2853 1091 2906 contra
1103 2850 1194 2922 hujus
1208 2854 1317 2908 nostrae
1328 2849 1528 2907 concessionis
1554 2865 1590 2906 ac
1617 2847 1817 2905 confirmatio·

987 2939 1033 2996 nis
1048 2939 1236 3012 privilegium
1265 2952 1353 3010 agere
1374 2939 1609 3013 presumpserit,
1633 2943 1686 2996 aut
1705 2953 1817 3011 pressu·

947 3057 968 3114 ρ
986 3028 1137 3086 mentibus
1152 3029 1343 3096 consenserit,
1360 3028 1408 3086 vel
1421 3027 1520 3086 fautor
1532 3026 1685 3100 exstiterit,
1703 3030 1732 3084 et
1752 3041 1815 3083 non

985 3119 1086 3192 potius
1101 3118 1262 3176 observare
1276 3119 1307 3175 in
1321 3118 1435 3189 integre
1451 3117 1606 3186 studuerit,
1618 3117 1691 3174 sciat
1704 3132 1734 3172 se
1760 3131 1815 3172 aue

987 3208 1120 3265 ctoritate
1134 3208 1214 3265 beati
1226 3209 1301 3264 Petri
1316 3207 1523 3281 apostolorum
1546 3205 1700 3279 principis,
1715 3209 1744 3262 at
1758 3220 1816 3262 crea

985 3297 1084 3354 iorum
1099 3297 1183 3368 regni
1197 3297 1347 3368 clavigeri,
1363 3301 1526 3370 nostroque
1540 3295 1740 3352 anathematis
1753 3293 1817 3351 virs

986 3386 1130 3444 crdoesse
1144 3386 1335 3458 innodatum,
1363 3391 1392 3443 et
1415 3402 1433 3443 a
1453 3400 1548 3456 regno
1568 3385 1618 3441 Dei
1641 3383 1813 3454 alienatum,

986 3479 1076 3549 atque
1085 3491 1155 3532 cum
1170 3475 1292 3533 diabolo
1308 3475 1395 3533 veluti
1410 3479 1616 3545 transgressor
1639 3475 1815 3531 sanctorum

985 3568 1105 3622 Petrum
1128 3565 1191 3622 sine
1220 3565 1280 3622 tine
1302 3565 1490 3623 damnatum.
1507 3563 1562 3628 Qui
1575 3579 1646 3620 vere
1661 3567 1763 3620 custos
1788 3563 1817 3620 et

136 3676 311 3733 ggngfflgffls
327 3677 607 3736 ggbgsmomspeffi
629 3679 658 3736 s·
679 3677 820 3750 gregorii,
846 3674 930 3754 quod
985 3653 1367 3727 observatorhujusnosiri
1380 3651 1527 3728 privilegii
1548 3653 1699 3723 exstiterit,
1726 3651 1816 3710 bene-¹

101 3765 209 3822 dicitur
224 3765 324 3824 Clivus
335 3767 448 3826 Scauri.

136 3863 372 3933 Bartholomaeus
399 3877 499 3934 ve'ner.
530 3873 627 3934 abbas
652 3875 679 3932 S.
706 3869 802 3932 uaris
830 3875 930 3934 Grotta

100 3964 227 4020 Petraia.

134 4070 310 4129 Benedictus
326 4033 424 4130 abbas
440 4072 616 4130 monasterii
632 4074 660 4131 S.
677 4071 784 4140 hariae,
799 4087 867 4144 quse
880 4088 930 4128 vo-

99 4164 185 4216 cetur
199 4163 228 4218 S.
243 4162 319 4219 Petri
330 4162 370 4220 ad
383 4161 517 4220 Vincula.

135 4269 193 4325 Leo
208 4267 306 4326 abbas
320 4270 348 4328 S.
365 4269 448 4326 Pauli
460 4268 603 4342 Apostoli.

132 4356 276 4429 Georgius
288 4357 384 4415 abbas
400 4359 428 4415 S.
444 4357 591 4416 Laurentii
605 4356 676 4414 ioris
691 4373 823 4416 murum.

131 4448 262 4504 ioannes
275 4447 373 4506 abbas
388 4448 416 4505 8.
433 4447 529 4506 sabe.

131 4537 233 4592 Pehus
246 4535 343 4594 abbas
358 4539 387 4595 S.
403 4537 498 4594 ilaris
512 4536 544 4594 in
553 4535 715 4592 Aventino.

132 4624 264 4683 ioannes
274 4626 371 4684 abbam
386 4627 415 4686 S.
429 4626 525 4684 Rofiili
539 4625 796 4699 Foropupilensis.

131 4713 257 4790 Boniam
270 4715 367 4773 abbas
379 4715 554 4774 monasterii
567 4717 595 4774 S.
612 4714 689 4772 Petri
700 4715 821 4772 Perusiie

133 4803 214 4860 Felix
229 4805 326 4862 abbas
341 4808 369 4864 8.
386 4805 486 4862 Blasii.

133 4893 254 4952 Simeon
267 4895 364 4954 ebbae
381 4897 409 4954 S.
423 4894 518 4953 liaris
533 4894 703 4954 inpellere.

133 5005 167 5059 Bt
178 5003 275 5060 ceteri
287 5002 448 5060 nobiscum
458 5001 621 5059 residentes
630 5003 661 5058 in
671 5003 786 5074 masio
802 5003 838 5060 S..
847 5002 882 5059 B.
893 5004 923 5059 B.

4 5117 5 5120 ¹
96 5100 226 5164 morum
241 5091 454 5150 debbasetione
467 5091 525 5148 hoe
553 5091 737 5165 apostolatus
763 5092 856 5150 nostri
868 5091 926 5166 pri-

4 5203 6 5242 f
95 5181 238 5253 vilegium
248 5181 311 5239 fleri
324 5181 512 5239 decrevimus
526 5179 579 5238 tibi
592 5180 675 5238 tratri
685 5187 788 5239 nosho
802 5193 925 5239 venera·

4 5323 5 5328 ,
95 5269 147 5327 bili
172 5273 245 5329 Uise
274 5273 303 5330 se
320 5270 479 5328 eradensis
504 5269 641 5326 Ecclesiae
672 5271 858 5343 patriarcha,
884 5271 925 5328 ed

4 5410 5 5423 .
95 5372 189 5434 mem
205 5371 286 5418 nunc
300 5363 438 5418 noshum
452 5359 653 5416 convertimus
667 5371 837 5416 sermonem
850 5375 925 5433 prse-

4 5505 6 5518 ,
96 5449 184 5523 cipue
193 5449 233 5507 bb
246 5449 495 5524 justitiamquam
507 5452 688 5521 tetuamque
699 5445 861 5503 Ecclesiam
874 5460 924 5521 pe-

984 3743 1145 3802 diciienem
1171 3749 1200 3800 et
1225 3744 1353 3815 gretiam
1375 3743 1488 3814 eiusto
1507 3741 1609 3814 jndice
1624 3740 1751 3798 Domine
1763 3753 1824 3797 nos·

984 3837 1045 3890 stro
1059 3835 1130 3890 iesu
1144 3833 1260 3890 Christo
1272 3832 1320 3888 hic
1335 3835 1363 3888 ei
1378 3832 1409 3887 in
1421 3835 1565 3887 aternum
1580 3831 1723 3902 consequi
1750 3844 1814 3885 mes

983 3926 1093 3979 rentur.

1020 4027 1168 4102 Scriptum
1183 4031 1237 4100 per
1250 4037 1359 4083 manus
1374 4025 1466 4095 Sergii
1479 4023 1623 4080 scriniarii
1651 4025 1680 4080 et
1706 4023 1814 4080 notarii

983 4119 1060 4176 sacri
1074 4117 1167 4176 nestri
1179 4115 1386 4174 haterenensis
1403 4113 1516 4187 palatii,
1531 4126 1634 4170 mense
1649 4109 1739 4186 April.
1767 4117 1812 4172 in·-

982 4205 1052 4265 dici.
1068 4219 1118 4265 nn.

1019 4314 1095 4373 Bene
1108 4311 1213 4371 valete.

945 4407 967 4460 ⁰
1018 4425 1079 4508 Ego
1093 4412 1222 4478 loannes
1234 4407 1262 4476 S.
1278 4417 1486 4477 Lancanensis
1500 4405 1577 4476 Eect.
1609 4419 1700 4494 episc.
1724 4419 1812 4476 inter-

981 4509 1024 4566 tui
1036 4514 1065 4567 et
1079 4508 1181 4567 subsc.

1017 4587 1078 4671 tigo
1088 4590 1236 4657 Tedaldus
1249 4582 1428 4656 albanensis
1443 4585 1519 4656 licei.
1536 4581 1627 4669 episc.
1650 4593 1769 4652 intertui
1781 4599 1811 4652 ei

982 4685 1157 4776 subscripsi.
1467 4761 1482 4770 ,.

1016 4779 1078 4850 Ego
1090 4782 1221 4837 ioannes
1236 4780 1265 4834 S.
1281 4774 1449 4834 Portuensis
1463 4773 1541 4830 Bccl.
1556 4772 1648 4846 episc.
1661 4772 1758 4832 interi.
1780 4776 1810 4831 ct

981 4867 1215 5032 sutgtrrtoames
1230 4953 1471 5012 meseriacum
1483 4952 1560 5010 Eccl.
1576 4968 1624 5027 ep.
1652 4952 1749 5010 interf.
1779 4955 1809 5012 et

980 5038 1095 5106 subscr.

1015 5158 1076 5228 Ego
1091 5153 1268 5211 Benedictus
1281 5151 1425 5210 Ostiensis
1439 5149 1530 5224 episc.
1539 5149 1636 5208 interi.
1648 5152 1678 5207 ct
1689 5149 1805 5207 subscn

1016 5248 1076 5317 Bgo
1091 5247 1215 5302 amatus
1228 5241 1405 5300 vellitrensis
1420 5240 1511 5315 episc.
1531 5239 1628 5297 interi.
1644 5243 1673 5296 et
1687 5239 1804 5297 subscr.

1015 5339 1076 5408 ligo
1091 5334 1220 5392 Bonnho
1229 5331 1429 5391 tuscanensis
1436 5331 1527 5405 episc.
1537 5329 1633 5388 interf.
1649 5333 1678 5387 ei
1688 5329 1804 5387 subscri

1014 5445 1075 5514 Bgc
1103 5441 1252 5499 Honestus
1277 5436 1527 5513 Boropopiliensis
1553 5437 1643 5510 episc'.
1659 5435 1756 5494 interi.
1776 5437 1806 5496 et

96 5543 158 5595 tere
177 5538 329 5597 evidenter
353 5538 505 5610 novimus,
534 5546 588 5610 per
614 5535 697 5611 quod
718 5534 924 5609 apostolorum
978 5533 1093 5592 subscr.

96 5627 336 5702 principisPetri,
356 5631 385 5685 et
407 5630 519 5697 nostra,
548 5627 634 5698 cujus
657 5625 751 5682 vicem
781 5624 923 5696 gerimus,

1013 5623 1075 5695 Bgo
1090 5621 1186 5679 Adam
1196 5618 1507 5693 Foresemprenlensis
1532 5617 1623 5692 episc.
1650 5613 1747 5677 inicii.
1775 5615 1804 5676 et

98 5718 272 5778 coeuntes
303 5721 527 5776 mtscemormn
566 5719 739 5776 ncsuomm
769 5712 926 5790 privilegia
978 5713 1093 5771 subscr.
