<?xml version="1.0" encoding="UTF-8"?>
<!DOCTYPE html PUBLIC "-//W3C//DTD XHTML 1.0 Transitional//EN"
    "http://www.w3.org/TR/xhtml1/DTD/xhtml1-transitional.dtd">
<html xmlns="http://www.w3.org/1999/xhtml" xml:lang="en" lang="en">
 <head>
  <title>
</title>
<meta http-equiv="Content-Type" content="text/html;charset=utf-8" />
  <meta name='ocr-system' content='tesseract 3.04.00' />
  <meta name='ocr-capabilities' content='ocr_page ocr_carea ocr_par ocr_line ocrx_word'/>
</head>
<body>
  <div class='ocr_page' id='page_1' title='image "./patrologiaecurs127unkngoog_0355.png"; bbox 0 0 3996 6186; ppageno 0'>
   <div class='ocr_carea' id='block_1_1' title="bbox 9 143 1788 246">
    <p class='ocr_par' dir='ltr' id='par_1_1' title="bbox 9 143 1788 246">
     <span class='ocr_line' id='line_1_1' title="bbox 9 143 1788 246; baseline 0.002 -4"><span class='ocrx_word' id='word_1_1' title='bbox 9 185 128 244; x_wconf 32' lang='lat' dir='ltr'><strong>iros</strong></span> <span class='ocrx_word' id='word_1_2' title='bbox 325 187 370 242; x_wconf 86' lang='lat' dir='ltr'><strong>ua</strong></span> <span class='ocrx_word' id='word_1_3' title='bbox 390 185 511 243; x_wconf 85' lang='lat' dir='ltr'><strong>cesus</strong></span> <span class='ocrx_word' id='word_1_4' title='bbox 530 143 743 243; x_wconf 74' lang='lat' dir='ltr'><strong>aermnae</strong></span> <span class='ocrx_word' id='word_1_5' title='bbox 764 175 884 239; x_wconf 82' lang='grc' dir='ltr'>ιιιιιιιι</span> <span class='ocrx_word' id='word_1_6' title='bbox 902 173 993 236; x_wconf 81' lang='lat' dir='ltr'><strong>tear</strong></span> <span class='ocrx_word' id='word_1_7' title='bbox 1011 175 1109 238; x_wconf 85' lang='lat' dir='ltr'><strong>ress.</strong></span> <span class='ocrx_word' id='word_1_8' title='bbox 1129 205 1165 224; x_wconf 81' lang='lat'><strong>...</strong></span> <span class='ocrx_word' id='word_1_9' title='bbox 1182 175 1250 240; x_wconf 80' lang='lat' dir='ltr'><strong>are.</strong></span> <span class='ocrx_word' id='word_1_10' title='bbox 1269 175 1316 242; x_wconf 90' lang='grc' dir='ltr'>ιιι.</span> <span class='ocrx_word' id='word_1_11' title='bbox 1336 179 1545 242; x_wconf 78' lang='lat' dir='ltr'><strong>siccaneus,</strong></span> <span class='ocrx_word' id='word_1_12' title='bbox 1735 179 1788 246; x_wconf 85' lang='lat' dir='ltr'><strong>rot</strong></span> 
     </span>
    </p>
   </div>
   <div class='ocr_carea' id='block_1_2' title="bbox 9 303 1806 5716">
    <p class='ocr_par' dir='ltr' id='par_1_2' title="bbox 9 303 1795 1897">
     <span class='ocr_line' id='line_1_2' title="bbox 78 303 1788 386; baseline 0.001 -18"><span class='ocrx_word' id='word_1_13' title='bbox 78 315 138 369; x_wconf 84' lang='lat' dir='ltr'><strong>Cur</strong></span> <span class='ocrx_word' id='word_1_14' title='bbox 152 310 290 384; x_wconf 67' lang='lat' dir='ltr'><strong>prescire</strong></span> <span class='ocrx_word' id='word_1_15' title='bbox 306 310 356 366; x_wconf 81' lang='lat' dir='ltr'><strong>liei</strong></span> <span class='ocrx_word' id='word_1_16' title='bbox 367 307 492 366; x_wconf 79' lang='lat' dir='ltr'><strong>consido</strong></span> <span class='ocrx_word' id='word_1_17' title='bbox 504 312 557 365; x_wconf 90' lang='lat' dir='ltr'><strong>tuo</strong></span> <span class='ocrx_word' id='word_1_18' title='bbox 922 305 946 360; x_wconf 84' lang='grc' dir='ltr'><strong>Α</strong></span> <span class='ocrx_word' id='word_1_19' title='bbox 964 309 1075 362; x_wconf 80' lang='lat' dir='ltr'><strong>numni</strong></span> <span class='ocrx_word' id='word_1_20' title='bbox 1092 317 1160 380; x_wconf 80' lang='lat' dir='ltr'><strong>que</strong></span> <span class='ocrx_word' id='word_1_21' title='bbox 1174 308 1364 382; x_wconf 68' lang='lat' dir='ltr'>spopondisti</span> <span class='ocrx_word' id='word_1_22' title='bbox 1376 319 1480 382; x_wconf 88' lang='lat' dir='ltr'><strong>puero,</strong></span> <span class='ocrx_word' id='word_1_23' title='bbox 1505 303 1691 384; x_wconf 79' lang='lat' dir='ltr'><strong>iinncieque</strong></span> <span class='ocrx_word' id='word_1_24' title='bbox 1708 313 1788 386; x_wconf 59' lang='lat' dir='ltr'><strong>ptine</strong></span> 
     </span>
     <span class='ocr_line' id='line_1_3' title="bbox 78 392 1788 472; baseline 0.001 -15"><span class='ocrx_word' id='word_1_25' title='bbox 78 400 173 458; x_wconf 82' lang='lat' dir='ltr'><strong>Gestis</strong></span> <span class='ocrx_word' id='word_1_26' title='bbox 188 405 350 465; x_wconf 72' lang='lat' dir='ltr'><strong>asserere,</strong></span> <span class='ocrx_word' id='word_1_27' title='bbox 366 403 395 456; x_wconf 88' lang='lat' dir='ltr'><strong>et</strong></span> <span class='ocrx_word' id='word_1_28' title='bbox 407 399 508 455; x_wconf 76' lang='lat' dir='ltr'><strong>sistere</strong></span> <span class='ocrx_word' id='word_1_29' title='bbox 522 397 666 471; x_wconf 75' lang='lat' dir='ltr'><strong>perfides</strong></span> <span class='ocrx_word' id='word_1_30' title='bbox 964 392 1046 468; x_wconf 87' lang='lat' dir='ltr'><strong>cipes</strong></span> <span class='ocrx_word' id='word_1_31' title='bbox 1060 395 1246 455; x_wconf 82' lang='lat' dir='ltr'><strong>laetificarunt</strong></span> <span class='ocrx_word' id='word_1_32' title='bbox 1260 413 1291 455; x_wconf 87' lang='lat' dir='ltr'><strong>se</strong></span> <span class='ocrx_word' id='word_1_33' title='bbox 1304 411 1395 472; x_wconf 86' lang='lat' dir='ltr'><strong>super</strong></span> <span class='ocrx_word' id='word_1_34' title='bbox 1408 401 1467 456; x_wconf 87' lang='lat' dir='ltr'><strong>hoo</strong></span> <span class='ocrx_word' id='word_1_35' title='bbox 1480 399 1612 457; x_wconf 86' lang='lat' dir='ltr'><strong>oonsilio.</strong></span> <span class='ocrx_word' id='word_1_36' title='bbox 1632 402 1710 468; x_wconf 79' lang='lat' dir='ltr'><strong>Quid</strong></span> <span class='ocrx_word' id='word_1_37' title='bbox 1730 407 1788 459; x_wconf 77' lang='lat' dir='ltr'><strong>tur</strong></span> 
     </span>
     <span class='ocr_line' id='line_1_4' title="bbox 9 485 1788 564; baseline 0.004 -24"><span class='ocrx_word' id='word_1_38' title='bbox 9 505 12 540; x_wconf 70' lang='lat' dir='ltr'><em>z</em></span> <span class='ocrx_word' id='word_1_39' title='bbox 78 489 161 546; x_wconf 85' lang='lat' dir='ltr'><strong>Heni</strong></span> <span class='ocrx_word' id='word_1_40' title='bbox 179 488 257 546; x_wconf 84' lang='lat' dir='ltr'><strong>Heu!</strong></span> <span class='ocrx_word' id='word_1_41' title='bbox 273 487 416 545; x_wconf 85' lang='lat' dir='ltr'><strong>occubuit</strong></span> <span class='ocrx_word' id='word_1_42' title='bbox 430 487 558 562; x_wconf 85' lang='lat' dir='ltr'><strong>pertidia</strong></span> <span class='ocrx_word' id='word_1_43' title='bbox 570 491 632 553; x_wconf 88' lang='lat' dir='ltr'><strong>tua,</strong></span> <span class='ocrx_word' id='word_1_44' title='bbox 963 485 1031 558; x_wconf 85' lang='lat' dir='ltr'><strong>plus</strong></span> <span class='ocrx_word' id='word_1_45' title='bbox 1047 485 1103 541; x_wconf 90' lang='lat' dir='ltr'><strong>hac</strong></span> <span class='ocrx_word' id='word_1_46' title='bbox 1117 485 1264 544; x_wconf 81' lang='lat' dir='ltr'><strong>iniamiet</strong></span> <span class='ocrx_word' id='word_1_47' title='bbox 1287 489 1398 562; x_wconf 78' lang='lat' dir='ltr'><strong>telique</strong></span> <span class='ocrx_word' id='word_1_48' title='bbox 1426 489 1614 561; x_wconf 87' lang='lat' dir='ltr'><strong>blasphemie</strong></span> <span class='ocrx_word' id='word_1_49' title='bbox 1638 491 1712 564; x_wconf 76' lang='lat' dir='ltr'><strong>quiid</strong></span> <span class='ocrx_word' id='word_1_50' title='bbox 1734 486 1788 547; x_wconf 78' lang='lat' dir='ltr'><strong>tiit·</strong></span> 
     </span>
     <span class='ocr_line' id='line_1_5' title="bbox 9 574 1790 652; baseline 0.001 -18"><span class='ocrx_word' id='word_1_51' title='bbox 9 625 10 628; x_wconf 63' lang='grc'>,</span> <span class='ocrx_word' id='word_1_52' title='bbox 77 580 175 651; x_wconf 68' lang='lat' dir='ltr'><strong>iisque</strong></span> <span class='ocrx_word' id='word_1_53' title='bbox 187 579 252 650; x_wconf 87' lang='lat' dir='ltr'><strong>jam</strong></span> <span class='ocrx_word' id='word_1_54' title='bbox 265 577 375 634; x_wconf 88' lang='lat' dir='ltr'><strong>sobolis</strong></span> <span class='ocrx_word' id='word_1_55' title='bbox 388 577 575 651; x_wconf 67' lang='lat' dir='ltr'><strong>praemeritus</strong></span> <span class='ocrx_word' id='word_1_56' title='bbox 587 581 681 650; x_wconf 83' lang='lat' dir='ltr'><strong>pater,</strong></span> <span class='ocrx_word' id='word_1_57' title='bbox 963 574 1096 630; x_wconf 83' lang='lat' dir='ltr'><strong>noxiust</strong></span> <span class='ocrx_word' id='word_1_58' title='bbox 1110 578 1208 632; x_wconf 77' lang='lat' dir='ltr'><strong>iente</strong></span> <span class='ocrx_word' id='word_1_59' title='bbox 1224 577 1355 650; x_wconf 77' lang='lat' dir='ltr'><strong>perfidie</strong></span> <span class='ocrx_word' id='word_1_60' title='bbox 1375 586 1489 648; x_wconf 89' lang='lat' dir='ltr'><strong>rumor,</strong></span> <span class='ocrx_word' id='word_1_61' title='bbox 1505 579 1639 652; x_wconf 86' lang='lat' dir='ltr'><strong>tantique</strong></span> <span class='ocrx_word' id='word_1_62' title='bbox 1663 579 1790 636; x_wconf 84' lang='lat' dir='ltr'><strong>malefici</strong></span> 
     </span>
     <span class='ocr_line' id='line_1_6' title="bbox 9 660 1791 742; baseline 0.001 -20"><span class='ocrx_word' id='word_1_63' title='bbox 9 687 12 722; x_wconf 71' lang='grc' dir='ltr'><strong>ι</strong></span> <span class='ocrx_word' id='word_1_64' title='bbox 77 672 135 725; x_wconf 84' lang='lat' dir='ltr'><strong>Pro</strong></span> <span class='ocrx_word' id='word_1_65' title='bbox 149 669 216 726; x_wconf 81' lang='lat' dir='ltr'><strong>visu</strong></span> <span class='ocrx_word' id='word_1_66' title='bbox 232 668 349 725; x_wconf 82' lang='lat' dir='ltr'><strong>Domini</strong></span> <span class='ocrx_word' id='word_1_67' title='bbox 362 669 465 742; x_wconf 83' lang='lat' dir='ltr'><strong>purior</strong></span> <span class='ocrx_word' id='word_1_68' title='bbox 480 671 514 723; x_wconf 92' lang='lat' dir='ltr'><strong>ut</strong></span> <span class='ocrx_word' id='word_1_69' title='bbox 527 666 612 734; x_wconf 84' lang='lat' dir='ltr'><strong>foret,</strong></span> <span class='ocrx_word' id='word_1_70' title='bbox 964 660 1048 720; x_wconf 89' lang='lat' dir='ltr'><strong>ducis</strong></span> <span class='ocrx_word' id='word_1_71' title='bbox 1063 663 1195 738; x_wconf 77' lang='lat' dir='ltr'><strong>nequitia</strong></span> <span class='ocrx_word' id='word_1_72' title='bbox 1208 668 1415 740; x_wconf 88' lang='lat' dir='ltr'><strong>promulgatur</strong></span> <span class='ocrx_word' id='word_1_73' title='bbox 1428 682 1482 742; x_wconf 90' lang='lat' dir='ltr'><strong>per</strong></span> <span class='ocrx_word' id='word_1_74' title='bbox 1497 671 1558 726; x_wconf 89' lang='lat' dir='ltr'><strong>tota</strong></span> <span class='ocrx_word' id='word_1_75' title='bbox 1581 683 1674 742; x_wconf 88' lang='lat' dir='ltr'><strong>penes</strong></span> <span class='ocrx_word' id='word_1_76' title='bbox 1703 669 1791 726; x_wconf 76' lang='lat' dir='ltr'><strong>Fran-</strong></span> 
     </span>
     <span class='ocr_line' id='line_1_7' title="bbox 9 751 1790 830; baseline 0.001 -16"><span class='ocrx_word' id='word_1_77' title='bbox 9 791 10 794; x_wconf 59' lang='lat'><em>=</em></span> <span class='ocrx_word' id='word_1_78' title='bbox 79 758 181 814; x_wconf 78' lang='lat' dir='ltr'><strong>Fidius</strong></span> <span class='ocrx_word' id='word_1_79' title='bbox 195 757 348 830; x_wconf 85' lang='lat' dir='ltr'><strong>martyrio,</strong></span> <span class='ocrx_word' id='word_1_80' title='bbox 364 756 487 813; x_wconf 84' lang='lat' dir='ltr'><strong>testisct</strong></span> <span class='ocrx_word' id='word_1_81' title='bbox 500 753 618 812; x_wconf 90' lang='lat' dir='ltr'><strong>emicat.</strong></span> <span class='ocrx_word' id='word_1_82' title='bbox 774 765 777 770; x_wconf 86' lang='lat'>·</span> <span class='ocrx_word' id='word_1_83' title='bbox 964 751 1017 810; x_wconf 82' lang='lat' dir='ltr'><strong>cire</strong></span> <span class='ocrx_word' id='word_1_84' title='bbox 1042 753 1195 811; x_wconf 79' lang='lat' dir='ltr'><strong>civitatum</strong></span> <span class='ocrx_word' id='word_1_85' title='bbox 1209 757 1330 825; x_wconf 71' lang='lat' dir='ltr'><strong>maenia,</strong></span> <span class='ocrx_word' id='word_1_86' title='bbox 1352 771 1457 815; x_wconf 88' lang='lat' dir='ltr'><strong>omnes</strong></span> <span class='ocrx_word' id='word_1_87' title='bbox 1480 759 1637 814; x_wconf 87' lang='lat' dir='ltr'><strong>susurrant</strong></span> <span class='ocrx_word' id='word_1_88' title='bbox 1650 757 1688 814; x_wconf 91' lang='lat' dir='ltr'><strong>de</strong></span> <span class='ocrx_word' id='word_1_89' title='bbox 1708 761 1790 815; x_wconf 82' lang='grc' dir='ltr'>ιιιιιο</span> 
     </span>
     <span class='ocr_line' id='line_1_8' title="bbox 79 840 1790 920; baseline -0.001 -17"><span class='ocrx_word' id='word_1_90' title='bbox 79 851 162 904; x_wconf 86' lang='lat' dir='ltr'><strong>lianc</strong></span> <span class='ocrx_word' id='word_1_91' title='bbox 176 861 239 903; x_wconf 87' lang='lat' dir='ltr'><strong>non</strong></span> <span class='ocrx_word' id='word_1_92' title='bbox 253 845 462 902; x_wconf 89' lang='lat' dir='ltr'><strong>contaminans</strong></span> <span class='ocrx_word' id='word_1_93' title='bbox 477 843 657 919; x_wconf 90' lang='lat' dir='ltr'><strong>improbitas</strong></span> <span class='ocrx_word' id='word_1_94' title='bbox 672 847 724 900; x_wconf 87' lang='lat' dir='ltr'><strong>tua</strong></span> <span class='ocrx_word' id='word_1_95' title='bbox 964 840 1040 896; x_wconf 87' lang='lat' dir='ltr'><strong>duce</strong></span> <span class='ocrx_word' id='word_1_96' title='bbox 1054 844 1084 897; x_wconf 89' lang='lat' dir='ltr'><strong>et</strong></span> <span class='ocrx_word' id='word_1_97' title='bbox 1093 841 1250 912; x_wconf 84' lang='lat' dir='ltr'><strong>advocato,</strong></span> <span class='ocrx_word' id='word_1_98' title='bbox 1264 859 1326 917; x_wconf 90' lang='lat' dir='ltr'><strong>qno</strong></span> <span class='ocrx_word' id='word_1_99' title='bbox 1342 845 1433 902; x_wconf 86' lang='lat' dir='ltr'><strong>modo</strong></span> <span class='ocrx_word' id='word_1_100' title='bbox 1446 847 1590 920; x_wconf 86' lang='lat' dir='ltr'><strong>deeeptus</strong></span> <span class='ocrx_word' id='word_1_101' title='bbox 1605 851 1650 903; x_wconf 87' lang='lat' dir='ltr'><strong>ast</strong></span> <span class='ocrx_word' id='word_1_102' title='bbox 1664 849 1693 903; x_wconf 90' lang='lat' dir='ltr'><strong>et</strong></span> <span class='ocrx_word' id='word_1_103' title='bbox 1705 853 1790 903; x_wconf 76' lang='lat' dir='ltr'><strong>rnen-</strong></span> 
     </span>
     <span class='ocr_line' id='line_1_9' title="bbox 77 927 1790 1008; baseline 0 -16"><span class='ocrx_word' id='word_1_104' title='bbox 77 935 241 1008; x_wconf 84' lang='lat' dir='ltr'><strong>Torquehit</strong></span> <span class='ocrx_word' id='word_1_105' title='bbox 249 935 338 991; x_wconf 88' lang='lat' dir='ltr'><strong>simili</strong></span> <span class='ocrx_word' id='word_1_106' title='bbox 351 939 380 991; x_wconf 88' lang='lat' dir='ltr'><strong>et</strong></span> <span class='ocrx_word' id='word_1_107' title='bbox 394 935 544 992; x_wconf 78' lang='lat' dir='ltr'><strong>dilanians</strong></span> <span class='ocrx_word' id='word_1_108' title='bbox 559 933 660 1001; x_wconf 88' lang='lat' dir='ltr'><strong>modo,</strong></span> <span class='ocrx_word' id='word_1_109' title='bbox 965 929 1035 986; x_wconf 88' lang='lat' dir='ltr'><strong>titus</strong></span> <span class='ocrx_word' id='word_1_110' title='bbox 1049 931 1224 989; x_wconf 90' lang='lat' dir='ltr'><strong>munerlhus</strong></span> <span class='ocrx_word' id='word_1_111' title='bbox 1239 938 1268 988; x_wconf 90' lang='lat' dir='ltr'><strong>et</strong></span> <span class='ocrx_word' id='word_1_112' title='bbox 1281 933 1435 991; x_wconf 85' lang='lat' dir='ltr'><strong>beneficio.</strong></span> <span class='ocrx_word' id='word_1_113' title='bbox 1457 955 1471 986; x_wconf 76' lang='lat' dir='ltr'><strong>s</strong></span> <span class='ocrx_word' id='word_1_114' title='bbox 1500 939 1608 994; x_wconf 82' lang='lat' dir='ltr'><strong>contra</strong></span> <span class='ocrx_word' id='word_1_115' title='bbox 1635 931 1720 992; x_wconf 89' lang='lat' dir='ltr'><strong>istius</strong></span> <span class='ocrx_word' id='word_1_116' title='bbox 1746 927 1790 992; x_wconf 91' lang='lat' dir='ltr'><strong>in-</strong></span> 
     </span>
     <span class='ocr_line' id='line_1_10' title="bbox 79 1018 1789 1098; baseline 0.001 -18"><span class='ocrx_word' id='word_1_117' title='bbox 79 1025 133 1080; x_wconf 90' lang='lat' dir='ltr'><strong>ilic</strong></span> <span class='ocrx_word' id='word_1_118' title='bbox 146 1039 215 1080; x_wconf 83' lang='lat' dir='ltr'><strong>vere</strong></span> <span class='ocrx_word' id='word_1_119' title='bbox 230 1024 339 1081; x_wconf 89' lang='lat' dir='ltr'><strong>sederit</strong></span> <span class='ocrx_word' id='word_1_120' title='bbox 352 1023 415 1080; x_wconf 92' lang='lat' dir='ltr'><strong>dux</strong></span> <span class='ocrx_word' id='word_1_121' title='bbox 426 1022 613 1093; x_wconf 84' lang='lat' dir='ltr'><strong>luculentior,</strong></span> <span class='ocrx_word' id='word_1_122' title='bbox 964 1018 1109 1076; x_wconf 75' lang='lat' dir='ltr'><strong>vectionis</strong></span> <span class='ocrx_word' id='word_1_123' title='bbox 1124 1021 1281 1078; x_wconf 85' lang='lat' dir='ltr'><strong>molimina</strong></span> <span class='ocrx_word' id='word_1_124' title='bbox 1304 1023 1387 1093; x_wconf 84' lang='lat' dir='ltr'><strong>lingo</strong></span> <span class='ocrx_word' id='word_1_125' title='bbox 1410 1035 1539 1095; x_wconf 88' lang='lat' dir='ltr'><strong>magnus</strong></span> <span class='ocrx_word' id='word_1_126' title='bbox 1562 1025 1724 1098; x_wconf 75' lang='lat' dir='ltr'><strong>respondit,</strong></span> <span class='ocrx_word' id='word_1_127' title='bbox 1750 1029 1789 1082; x_wconf 88' lang='lat' dir='ltr'><strong>ab</strong></span> 
     </span>
     <span class='ocr_line' id='line_1_11' title="bbox 79 1107 1789 1188; baseline 0.001 -19"><span class='ocrx_word' id='word_1_128' title='bbox 79 1112 224 1178; x_wconf 81' lang='grc' dir='ltr'>Ριιιιιιιιι,</span> <span class='ocrx_word' id='word_1_129' title='bbox 238 1111 393 1185; x_wconf 85' lang='lat' dir='ltr'><strong>pacificus,</strong></span> <span class='ocrx_word' id='word_1_130' title='bbox 408 1111 588 1184; x_wconf 89' lang='lat' dir='ltr'><strong>promeritus</strong></span> <span class='ocrx_word' id='word_1_131' title='bbox 603 1123 715 1178; x_wconf 87' lang='lat' dir='ltr'><strong>eomes,</strong></span> <span class='ocrx_word' id='word_1_132' title='bbox 964 1107 1026 1164; x_wconf 90' lang='lat' dir='ltr'><strong>imo</strong></span> <span class='ocrx_word' id='word_1_133' title='bbox 1052 1109 1151 1164; x_wconf 88' lang='lat' dir='ltr'><strong>cordis</strong></span> <span class='ocrx_word' id='word_1_134' title='bbox 1176 1111 1313 1167; x_wconf 89' lang='lat' dir='ltr'><strong>emittens</strong></span> <span class='ocrx_word' id='word_1_135' title='bbox 1337 1113 1466 1185; x_wconf 89' lang='lat' dir='ltr'><strong>suspiria</strong></span> <span class='ocrx_word' id='word_1_136' title='bbox 1481 1129 1488 1168; x_wconf 73' lang='grc' dir='ltr'><strong>ι</strong></span> <span class='ocrx_word' id='word_1_137' title='bbox 1504 1135 1518 1164; x_wconf 80' lang='lat' dir='ltr'><strong>c</strong></span> <span class='ocrx_word' id='word_1_138' title='bbox 1538 1115 1619 1170; x_wconf 89' lang='lat' dir='ltr'><strong>veris</strong></span> <span class='ocrx_word' id='word_1_139' title='bbox 1646 1115 1789 1188; x_wconf 86' lang='lat' dir='ltr'><strong>purisque</strong></span> 
     </span>
     <span class='ocr_line' id='line_1_12' title="bbox 79 1197 1791 1274; baseline 0 -17"><span class='ocrx_word' id='word_1_140' title='bbox 79 1205 218 1268; x_wconf 86' lang='lat' dir='ltr'><strong>Sanctus,</strong></span> <span class='ocrx_word' id='word_1_141' title='bbox 234 1199 401 1272; x_wconf 90' lang='lat' dir='ltr'><strong>religiosus,</strong></span> <span class='ocrx_word' id='word_1_142' title='bbox 414 1200 515 1257; x_wconf 89' lang='lat' dir='ltr'><strong>bonus</strong></span> <span class='ocrx_word' id='word_1_143' title='bbox 529 1205 557 1256; x_wconf 86' lang='lat' dir='ltr'><strong>et</strong></span> <span class='ocrx_word' id='word_1_144' title='bbox 569 1200 637 1273; x_wconf 89' lang='lat' dir='ltr'><strong>pius</strong></span> <span class='ocrx_word' id='word_1_145' title='bbox 965 1197 1155 1254; x_wconf 81' lang='lat' dir='ltr'><strong>sermonibus</strong></span> <span class='ocrx_word' id='word_1_146' title='bbox 1169 1215 1236 1271; x_wconf 80' lang='lat' dir='ltr'><strong>qua</strong></span> <span class='ocrx_word' id='word_1_147' title='bbox 1248 1204 1406 1256; x_wconf 87' lang='lat' dir='ltr'><strong>exsecutus</strong></span> <span class='ocrx_word' id='word_1_148' title='bbox 1420 1215 1452 1256; x_wconf 88' lang='lat' dir='ltr'><strong>es</strong></span> <span class='ocrx_word' id='word_1_149' title='bbox 1467 1199 1599 1270; x_wconf 87' lang='lat' dir='ltr'><strong>retulisti,</strong></span> <span class='ocrx_word' id='word_1_150' title='bbox 1625 1203 1698 1274; x_wconf 88' lang='lat' dir='ltr'><strong>qula</strong></span> <span class='ocrx_word' id='word_1_151' title='bbox 1718 1201 1791 1258; x_wconf 92' lang='lat' dir='ltr'><strong>ohli-</strong></span> 
     </span>
     <span class='ocr_line' id='line_1_13' title="bbox 9 1285 1792 1364; baseline -0.002 -16"><span class='ocrx_word' id='word_1_152' title='bbox 9 1325 11 1350; x_wconf 82' lang='lat'><strong>.</strong></span> <span class='ocrx_word' id='word_1_153' title='bbox 79 1295 225 1348; x_wconf 87' lang='lat' dir='ltr'><strong>Summus</strong></span> <span class='ocrx_word' id='word_1_154' title='bbox 237 1291 389 1364; x_wconf 86' lang='lat' dir='ltr'><strong>petricius,</strong></span> <span class='ocrx_word' id='word_1_155' title='bbox 404 1289 540 1346; x_wconf 81' lang='lat' dir='ltr'><strong>marchio</strong></span> <span class='ocrx_word' id='word_1_156' title='bbox 558 1285 712 1362; x_wconf 86' lang='lat' dir='ltr'><strong>providus,</strong></span> <span class='ocrx_word' id='word_1_157' title='bbox 965 1289 1013 1342; x_wconf 82' lang='lat' dir='ltr'><strong>ihs</strong></span> <span class='ocrx_word' id='word_1_158' title='bbox 1025 1289 1215 1356; x_wconf 86' lang='lat' dir='ltr'><strong>sacramenti,</strong></span> <span class='ocrx_word' id='word_1_159' title='bbox 1231 1302 1293 1362; x_wconf 89' lang='lat' dir='ltr'><strong>quo</strong></span> <span class='ocrx_word' id='word_1_160' title='bbox 1307 1305 1356 1346; x_wconf 89' lang='lat' dir='ltr'><strong>me</strong></span> <span class='ocrx_word' id='word_1_161' title='bbox 1376 1289 1565 1346; x_wconf 78' lang='lat' dir='ltr'><strong>defensorem</strong></span> <span class='ocrx_word' id='word_1_162' title='bbox 1579 1295 1608 1346; x_wconf 88' lang='lat' dir='ltr'><strong>et</strong></span> <span class='ocrx_word' id='word_1_163' title='bbox 1624 1291 1792 1361; x_wconf 72' lang='lat' dir='ltr'><strong>adiutorem</strong></span> 
     </span>
     <span class='ocr_line' id='line_1_14' title="bbox 9 1374 1793 1453; baseline -0.001 -17"><span class='ocrx_word' id='word_1_164' title='bbox 9 1413 10 1418; x_wconf 52' lang='lat'><strong>.</strong></span> <span class='ocrx_word' id='word_1_165' title='bbox 79 1380 225 1436; x_wconf 79' lang='lat' dir='ltr'><strong>Defensor</strong></span> <span class='ocrx_word' id='word_1_166' title='bbox 236 1379 349 1453; x_wconf 84' lang='lat' dir='ltr'><strong>patries,</strong></span> <span class='ocrx_word' id='word_1_167' title='bbox 365 1384 397 1435; x_wconf 86' lang='lat' dir='ltr'><strong>at</strong></span> <span class='ocrx_word' id='word_1_168' title='bbox 409 1378 530 1449; x_wconf 90' lang='lat' dir='ltr'><strong>indigus</strong></span> <span class='ocrx_word' id='word_1_169' title='bbox 542 1378 619 1450; x_wconf 88' lang='lat' dir='ltr'><strong>opis,</strong></span> <span class='ocrx_word' id='word_1_170' title='bbox 965 1374 1050 1447; x_wconf 88' lang='lat' dir='ltr'><strong>pueri</strong></span> <span class='ocrx_word' id='word_1_171' title='bbox 1064 1375 1218 1434; x_wconf 89' lang='lat' dir='ltr'><strong>ultroneus</strong></span> <span class='ocrx_word' id='word_1_172' title='bbox 1231 1378 1365 1450; x_wconf 84' lang='lat' dir='ltr'><strong>promisi,</strong></span> <span class='ocrx_word' id='word_1_173' title='bbox 1388 1383 1497 1435; x_wconf 88' lang='lat' dir='ltr'><strong>terram</strong></span> <span class='ocrx_word' id='word_1_174' title='bbox 1513 1395 1531 1436; x_wconf 91' lang='lat' dir='ltr'><strong>a</strong></span> <span class='ocrx_word' id='word_1_175' title='bbox 1545 1381 1684 1452; x_wconf 73' lang='lat' dir='ltr'><strong>Sequam</strong></span> <span class='ocrx_word' id='word_1_176' title='bbox 1698 1390 1793 1451; x_wconf 86' lang='lat' dir='ltr'><strong>usqne</strong></span> 
     </span>
     <span class='ocr_line' id='line_1_15' title="bbox 80 1463 1795 1541; baseline -0.001 -17"><span class='ocrx_word' id='word_1_177' title='bbox 80 1469 199 1524; x_wconf 84' lang='lat' dir='ltr'><strong>solator</strong></span> <span class='ocrx_word' id='word_1_178' title='bbox 212 1468 338 1536; x_wconf 88' lang='lat' dir='ltr'><strong>miseris,</strong></span> <span class='ocrx_word' id='word_1_179' title='bbox 355 1468 429 1540; x_wconf 87' lang='lat' dir='ltr'><strong>quin</strong></span> <span class='ocrx_word' id='word_1_180' title='bbox 442 1467 539 1522; x_wconf 84' lang='lat' dir='ltr'><strong>viduae</strong></span> <span class='ocrx_word' id='word_1_181' title='bbox 554 1471 582 1522; x_wconf 90' lang='lat' dir='ltr'><strong>at</strong></span> <span class='ocrx_word' id='word_1_182' title='bbox 596 1465 734 1539; x_wconf 88' lang='lat' dir='ltr'><strong>orphani.</strong></span> <span class='ocrx_word' id='word_1_183' title='bbox 966 1463 1006 1519; x_wconf 85' lang='lat' dir='ltr'><strong>ad</strong></span> <span class='ocrx_word' id='word_1_184' title='bbox 1021 1479 1104 1521; x_wconf 86' lang='lat' dir='ltr'><strong>mare</strong></span> <span class='ocrx_word' id='word_1_185' title='bbox 1118 1466 1307 1524; x_wconf 76' lang='lat' dir='ltr'><strong>haereditario</strong></span> <span class='ocrx_word' id='word_1_186' title='bbox 1318 1468 1386 1539; x_wconf 87' lang='lat' dir='ltr'><strong>jure</strong></span> <span class='ocrx_word' id='word_1_187' title='bbox 1400 1469 1440 1525; x_wconf 85' lang='lat' dir='ltr'><strong>ah</strong></span> <span class='ocrx_word' id='word_1_188' title='bbox 1458 1485 1494 1524; x_wconf 92' lang='lat' dir='ltr'><strong>eo</strong></span> <span class='ocrx_word' id='word_1_189' title='bbox 1507 1465 1732 1541; x_wconf 82' lang='lat' dir='ltr'><strong>possidendam,</strong></span> <span class='ocrx_word' id='word_1_190' title='bbox 1742 1465 1795 1523; x_wconf 76' lang='lat' dir='ltr'><strong>do</strong></span> 
     </span>
     <span class='ocr_line' id='line_1_16' title="bbox 79 1554 1795 1629; baseline -0.001 -15"><span class='ocrx_word' id='word_1_191' title='bbox 79 1557 201 1614; x_wconf 87' lang='lat' dir='ltr'><strong>Cunctis</strong></span> <span class='ocrx_word' id='word_1_192' title='bbox 215 1573 305 1614; x_wconf 89' lang='lat' dir='ltr'><strong>omne</strong></span> <span class='ocrx_word' id='word_1_193' title='bbox 321 1558 448 1624; x_wconf 90' lang='lat' dir='ltr'><strong>honum,</strong></span> <span class='ocrx_word' id='word_1_194' title='bbox 461 1557 607 1629; x_wconf 88' lang='lat' dir='ltr'><strong>lucraque</strong></span> <span class='ocrx_word' id='word_1_195' title='bbox 619 1567 774 1628; x_wconf 88' lang='lat' dir='ltr'><strong>prospera.</strong></span> <span class='ocrx_word' id='word_1_196' title='bbox 967 1563 1007 1608; x_wconf 85' lang='lat' dir='ltr'><strong>no</strong></span> <span class='ocrx_word' id='word_1_197' title='bbox 1021 1554 1099 1623; x_wconf 87' lang='lat' dir='ltr'><strong>regis</strong></span> <span class='ocrx_word' id='word_1_198' title='bbox 1111 1556 1219 1628; x_wconf 88' lang='lat' dir='ltr'><strong>recepi,</strong></span> <span class='ocrx_word' id='word_1_199' title='bbox 1234 1556 1321 1628; x_wconf 88' lang='lat' dir='ltr'><strong>elque</strong></span> <span class='ocrx_word' id='word_1_200' title='bbox 1336 1557 1533 1628; x_wconf 70' lang='lat' dir='ltr'><strong>integerrime</strong></span> <span class='ocrx_word' id='word_1_201' title='bbox 1559 1557 1628 1613; x_wconf 90' lang='lat' dir='ltr'><strong>tldei</strong></span> <span class='ocrx_word' id='word_1_202' title='bbox 1652 1556 1795 1614; x_wconf 67' lang='lat' dir='ltr'><strong>stabilita⁴</strong></span> 
     </span>
     <span class='ocr_line' id='line_1_17' title="bbox 79 1638 1794 1720; baseline 0 -18"><span class='ocrx_word' id='word_1_203' title='bbox 79 1645 209 1702; x_wconf 80' lang='lat' dir='ltr'><strong>Effectus</strong></span> <span class='ocrx_word' id='word_1_204' title='bbox 219 1647 367 1720; x_wconf 89' lang='lat' dir='ltr'><strong>populum</strong></span> <span class='ocrx_word' id='word_1_205' title='bbox 380 1646 524 1718; x_wconf 88' lang='lat' dir='ltr'><strong>regimine</strong></span> <span class='ocrx_word' id='word_1_206' title='bbox 536 1659 681 1715; x_wconf 89' lang='lat' dir='ltr'><strong>congruo,</strong></span> <span class='ocrx_word' id='word_1_207' title='bbox 932 1645 1027 1714; x_wconf 76' lang='lat' dir='ltr'><strong>giem</strong></span> <span class='ocrx_word' id='word_1_208' title='bbox 1042 1638 1107 1710; x_wconf 85' lang='lat' dir='ltr'><strong>ieci,</strong></span> <span class='ocrx_word' id='word_1_209' title='bbox 1121 1655 1229 1716; x_wconf 88' lang='lat' dir='ltr'><strong>meque</strong></span> <span class='ocrx_word' id='word_1_210' title='bbox 1244 1645 1412 1716; x_wconf 76' lang='lat' dir='ltr'><strong>adjutorem</strong></span> <span class='ocrx_word' id='word_1_211' title='bbox 1427 1645 1505 1701; x_wconf 89' lang='lat' dir='ltr'><strong>illius</strong></span> <span class='ocrx_word' id='word_1_212' title='bbox 1520 1661 1556 1702; x_wconf 90' lang='lat' dir='ltr'><strong>ex</strong></span> <span class='ocrx_word' id='word_1_213' title='bbox 1571 1658 1607 1702; x_wconf 87' lang='lat' dir='ltr'><strong>ea</strong></span> <span class='ocrx_word' id='word_1_214' title='bbox 1621 1651 1709 1718; x_wconf 84' lang='lat' dir='ltr'><strong>terra,</strong></span> <span class='ocrx_word' id='word_1_215' title='bbox 1727 1658 1794 1719; x_wconf 80' lang='lat' dir='ltr'><strong>quae</strong></span> 
     </span>
     <span class='ocr_line' id='line_1_18' title="bbox 79 1730 1795 1809; baseline 0.001 -18"><span class='ocrx_word' id='word_1_216' title='bbox 79 1735 236 1792; x_wconf 86' lang='lat' dir='ltr'><strong>Conduoet</strong></span> <span class='ocrx_word' id='word_1_217' title='bbox 248 1735 420 1803; x_wconf 88' lang='lat' dir='ltr'><strong>moderans,</strong></span> <span class='ocrx_word' id='word_1_218' title='bbox 436 1734 561 1806; x_wconf 75' lang='lat' dir='ltr'><strong>legeque</strong></span> <span class='ocrx_word' id='word_1_219' title='bbox 576 1734 740 1804; x_wconf 87' lang='lat' dir='ltr'><strong>corrigens,</strong></span> <span class='ocrx_word' id='word_1_220' title='bbox 966 1730 1040 1787; x_wconf 77' lang='lat' dir='ltr'><strong>citro</strong></span> <span class='ocrx_word' id='word_1_221' title='bbox 1060 1733 1231 1805; x_wconf 60' lang='lat' dir='ltr'><strong>&amp;quartam</strong></span> <span class='ocrx_word' id='word_1_222' title='bbox 1247 1739 1300 1805; x_wconf 81' lang='lat' dir='ltr'><strong>est,</strong></span> <span class='ocrx_word' id='word_1_223' title='bbox 1315 1735 1474 1808; x_wconf 77' lang='lat' dir='ltr'><strong>perjurans</strong></span> <span class='ocrx_word' id='word_1_224' title='bbox 1497 1736 1664 1809; x_wconf 88' lang='lat' dir='ltr'><strong>repromisi,</strong></span> <span class='ocrx_word' id='word_1_225' title='bbox 1689 1736 1713 1791; x_wconf 90' lang='lat' dir='ltr'><strong>sl</strong></span> <span class='ocrx_word' id='word_1_226' title='bbox 1727 1749 1795 1792; x_wconf 83' lang='lat' dir='ltr'><strong>eam</strong></span> 
     </span>
     <span class='ocr_line' id='line_1_19' title="bbox 79 1821 1794 1897; baseline -0.001 -16"><span class='ocrx_word' id='word_1_227' title='bbox 79 1825 188 1896; x_wconf 77' lang='lat' dir='ltr'><strong>Campi</strong></span> <span class='ocrx_word' id='word_1_228' title='bbox 201 1823 309 1880; x_wconf 84' lang='lat' dir='ltr'><strong>siderei</strong></span> <span class='ocrx_word' id='word_1_229' title='bbox 323 1824 363 1880; x_wconf 88' lang='lat' dir='ltr'><strong>ad</strong></span> <span class='ocrx_word' id='word_1_230' title='bbox 377 1839 491 1897; x_wconf 86' lang='lat' dir='ltr'><strong>pascua</strong></span> <span class='ocrx_word' id='word_1_231' title='bbox 506 1823 617 1879; x_wconf 83' lang='lat' dir='ltr'><strong>coehca.</strong></span> <span class='ocrx_word' id='word_1_232' title='bbox 900 1845 905 1862; x_wconf 56' lang='grc' dir='ltr'><strong>ι</strong></span> <span class='ocrx_word' id='word_1_233' title='bbox 967 1831 1061 1892; x_wconf 86' lang='lat' dir='ltr'><strong>quam</strong></span> <span class='ocrx_word' id='word_1_234' title='bbox 1076 1821 1148 1878; x_wconf 90' lang='lat' dir='ltr'><strong>mihi</strong></span> <span class='ocrx_word' id='word_1_235' title='bbox 1159 1823 1241 1879; x_wconf 87' lang='lat' dir='ltr'><strong>dedit</strong></span> <span class='ocrx_word' id='word_1_236' title='bbox 1260 1835 1419 1897; x_wconf 85' lang='lat' dir='ltr'><strong>nunqnam</strong></span> <span class='ocrx_word' id='word_1_237' title='bbox 1440 1825 1659 1882; x_wconf 76' lang='lat' dir='ltr'><strong>contradixerit.</strong></span> <span class='ocrx_word' id='word_1_238' title='bbox 1685 1825 1794 1881; x_wconf 78' lang='lat' dir='ltr'><strong>Verum</strong></span> 
     </span>
    </p>

    <p class='ocr_par' dir='ltr' id='par_1_3' title="bbox 78 1907 1806 5716">
     <span class='ocr_line' id='line_1_20' title="bbox 119 1907 1795 1986; baseline 0.001 -19"><span class='ocrx_word' id='word_1_239' title='bbox 119 1914 180 1968; x_wconf 86' lang='lat' dir='ltr'><strong>ilex</strong></span> <span class='ocrx_word' id='word_1_240' title='bbox 207 1927 279 1967; x_wconf 83' lang='lat' dir='ltr'><strong>vero</strong></span> <span class='ocrx_word' id='word_1_241' title='bbox 306 1911 470 1968; x_wconf 78' lang='lat' dir='ltr'><strong>ludovicus</strong></span> <span class='ocrx_word' id='word_1_242' title='bbox 499 1925 593 1983; x_wconf 76' lang='lat' dir='ltr'><strong>pravo</strong></span> <span class='ocrx_word' id='word_1_243' title='bbox 621 1913 725 1966; x_wconf 79' lang='lat' dir='ltr'><strong>astute</strong></span> <span class='ocrx_word' id='word_1_244' title='bbox 746 1907 914 1966; x_wconf 77' lang='lat' dir='ltr'><strong>dolositatis</strong></span> <span class='ocrx_word' id='word_1_245' title='bbox 967 1907 1039 1980; x_wconf 89' lang='lat' dir='ltr'><strong>quia</strong></span> <span class='ocrx_word' id='word_1_246' title='bbox 1066 1909 1210 1966; x_wconf 83' lang='lat' dir='ltr'><strong>mimhilis</strong></span> <span class='ocrx_word' id='word_1_247' title='bbox 1237 1911 1359 1982; x_wconf 88' lang='lat' dir='ltr'><strong>ingenii,</strong></span> <span class='ocrx_word' id='word_1_248' title='bbox 1386 1912 1573 1986; x_wconf 86' lang='lat' dir='ltr'><strong>ingentisque</strong></span> <span class='ocrx_word' id='word_1_249' title='bbox 1597 1911 1751 1969; x_wconf 77' lang='lat' dir='ltr'><strong>industrie</strong></span> <span class='ocrx_word' id='word_1_250' title='bbox 1766 1911 1795 1983; x_wconf 78' lang='lat' dir='ltr'><strong>el</strong></span> 
     </span>
     <span class='ocr_line' id='line_1_21' title="bbox 79 1997 1793 2073; baseline 0.001 -17"><span class='ocrx_word' id='word_1_251' title='bbox 79 2001 208 2071; x_wconf 81' lang='lat' dir='ltr'><strong>ingenio</strong></span> <span class='ocrx_word' id='word_1_252' title='bbox 221 2016 304 2068; x_wconf 78' lang='lat' dir='ltr'><strong>risus,</strong></span> <span class='ocrx_word' id='word_1_253' title='bbox 320 2001 401 2056; x_wconf 87' lang='lat' dir='ltr'><strong>misit</strong></span> <span class='ocrx_word' id='word_1_254' title='bbox 419 2000 547 2068; x_wconf 80' lang='lat' dir='ltr'><strong>ingentis</strong></span> <span class='ocrx_word' id='word_1_255' title='bbox 573 1999 744 2055; x_wconf 75' lang='lat' dir='ltr'><strong>reverentiis</strong></span> <span class='ocrx_word' id='word_1_256' title='bbox 770 1999 914 2072; x_wconf 83' lang='lat' dir='ltr'><strong>presules</strong></span> <span class='ocrx_word' id='word_1_257' title='bbox 967 1997 1136 2054; x_wconf 83' lang='lat' dir='ltr'><strong>calliditatis</strong></span> <span class='ocrx_word' id='word_1_258' title='bbox 1150 2015 1251 2056; x_wconf 87' lang='lat' dir='ltr'><strong>comes</strong></span> <span class='ocrx_word' id='word_1_259' title='bbox 1266 2015 1311 2072; x_wconf 89' lang='lat' dir='ltr'><strong>es,</strong></span> <span class='ocrx_word' id='word_1_260' title='bbox 1326 2005 1355 2058; x_wconf 93' lang='lat' dir='ltr'><strong>et</strong></span> <span class='ocrx_word' id='word_1_261' title='bbox 1368 2007 1484 2058; x_wconf 89' lang='lat' dir='ltr'><strong>astutus</strong></span> <span class='ocrx_word' id='word_1_262' title='bbox 1498 2003 1528 2058; x_wconf 91' lang='lat' dir='ltr'><strong>in</strong></span> <span class='ocrx_word' id='word_1_263' title='bbox 1543 2002 1684 2058; x_wconf 86' lang='lat' dir='ltr'><strong>omnibns</strong></span> <span class='ocrx_word' id='word_1_264' title='bbox 1701 2011 1793 2073; x_wconf 88' lang='lat' dir='ltr'><strong>hego-</strong></span> 
     </span>
     <span class='ocr_line' id='line_1_22' title="bbox 82 2085 1795 2163; baseline 0 -19"><span class='ocrx_word' id='word_1_265' title='bbox 82 2087 127 2144; x_wconf 87' lang='lat' dir='ltr'><strong>ad</strong></span> <span class='ocrx_word' id='word_1_266' title='bbox 140 2092 294 2158; x_wconf 79' lang='lat' dir='ltr'><strong>hugonem</strong></span> <span class='ocrx_word' id='word_1_267' title='bbox 306 2089 444 2154; x_wconf 82' lang='lat' dir='ltr'><strong>velocius,</strong></span> <span class='ocrx_word' id='word_1_268' title='bbox 464 2093 496 2144; x_wconf 89' lang='lat' dir='ltr'><strong>ut</strong></span> <span class='ocrx_word' id='word_1_269' title='bbox 509 2103 544 2144; x_wconf 89' lang='lat' dir='ltr'><strong>aa</strong></span> <span class='ocrx_word' id='word_1_270' title='bbox 558 2089 618 2144; x_wconf 86' lang='lat' dir='ltr'><strong>tide</strong></span> <span class='ocrx_word' id='word_1_271' title='bbox 633 2101 695 2160; x_wconf 86' lang='lat' dir='ltr'><strong>qua</strong></span> <span class='ocrx_word' id='word_1_272' title='bbox 716 2091 914 2144; x_wconf 82' lang='grc' dir='ltr'>ιοιιιιιιιιιιι-</span> <span class='ocrx_word' id='word_1_273' title='bbox 968 2085 1025 2153; x_wconf 89' lang='lat' dir='ltr'><strong>tiis,</strong></span> <span class='ocrx_word' id='word_1_274' title='bbox 1041 2101 1147 2159; x_wconf 86' lang='lat' dir='ltr'><strong>precor</strong></span> <span class='ocrx_word' id='word_1_275' title='bbox 1158 2092 1191 2143; x_wconf 89' lang='lat' dir='ltr'><strong>ut</strong></span> <span class='ocrx_word' id='word_1_276' title='bbox 1204 2103 1291 2144; x_wconf 88' lang='lat' dir='ltr'><strong>eruas</strong></span> <span class='ocrx_word' id='word_1_277' title='bbox 1302 2105 1349 2145; x_wconf 90' lang='lat' dir='ltr'><strong>me</strong></span> <span class='ocrx_word' id='word_1_278' title='bbox 1362 2089 1463 2162; x_wconf 77' lang='lat' dir='ltr'><strong>eliqua</strong></span> <span class='ocrx_word' id='word_1_279' title='bbox 1478 2091 1662 2163; x_wconf 88' lang='lat' dir='ltr'><strong>sophismate</strong></span> <span class='ocrx_word' id='word_1_280' title='bbox 1690 2103 1708 2146; x_wconf 91' lang='lat' dir='ltr'><strong>a</strong></span> <span class='ocrx_word' id='word_1_281' title='bbox 1731 2088 1795 2146; x_wconf 84' lang='lat' dir='ltr'><strong>hle·</strong></span> 
     </span>
     <span class='ocr_line' id='line_1_23' title="bbox 78 2175 1795 2250; baseline 0.001 -18"><span class='ocrx_word' id='word_1_282' title='bbox 78 2181 132 2233; x_wconf 92' lang='lat' dir='ltr'><strong>tur</strong></span> <span class='ocrx_word' id='word_1_283' title='bbox 146 2178 246 2232; x_wconf 90' lang='lat' dir='ltr'><strong>senior</strong></span> <span class='ocrx_word' id='word_1_284' title='bbox 258 2181 286 2232; x_wconf 87' lang='lat' dir='ltr'><strong>et</strong></span> <span class='ocrx_word' id='word_1_285' title='bbox 301 2177 385 2232; x_wconf 89' lang='lat' dir='ltr'><strong>miles</strong></span> <span class='ocrx_word' id='word_1_286' title='bbox 400 2177 500 2232; x_wconf 87' lang='lat' dir='ltr'><strong>venire</strong></span> <span class='ocrx_word' id='word_1_287' title='bbox 514 2175 664 2232; x_wconf 74' lang='lat' dir='ltr'><strong>festinaret</strong></span> <span class='ocrx_word' id='word_1_288' title='bbox 690 2176 729 2232; x_wconf 89' lang='lat' dir='ltr'><strong>ad</strong></span> <span class='ocrx_word' id='word_1_289' title='bbox 743 2191 775 2233; x_wconf 89' lang='lat' dir='ltr'><strong>sc</strong></span> <span class='ocrx_word' id='word_1_290' title='bbox 793 2191 916 2250; x_wconf 77' lang='lat' dir='ltr'><strong>promp</strong></span> <span class='ocrx_word' id='word_1_291' title='bbox 968 2175 1105 2248; x_wconf 84' lang='lat' dir='ltr'><strong>aphamia</strong></span> <span class='ocrx_word' id='word_1_292' title='bbox 1119 2177 1211 2248; x_wconf 70' lang='lat' dir='ltr'><strong>haqjos</strong></span> <span class='ocrx_word' id='word_1_293' title='bbox 1225 2179 1365 2234; x_wconf 90' lang='lat' dir='ltr'><strong>rumoris.</strong></span> <span class='ocrx_word' id='word_1_294' title='bbox 1380 2183 1508 2236; x_wconf 82' lang='lat' dir='ltr'><strong>Decurso</strong></span> <span class='ocrx_word' id='word_1_295' title='bbox 1523 2179 1633 2236; x_wconf 83' lang='lat' dir='ltr'><strong>adhinc</strong></span> <span class='ocrx_word' id='word_1_296' title='bbox 1648 2179 1697 2235; x_wconf 88' lang='lat' dir='ltr'><strong>die</strong></span> <span class='ocrx_word' id='word_1_297' title='bbox 1709 2177 1795 2234; x_wconf 62' lang='lat' dir='ltr'><strong>sedee</strong></span> 
     </span>
     <span class='ocr_line' id='line_1_24' title="bbox 80 2260 1794 2338; baseline 0.001 -18"><span class='ocrx_word' id='word_1_298' title='bbox 80 2265 151 2320; x_wconf 90' lang='lat' dir='ltr'><strong>tius.</strong></span> <span class='ocrx_word' id='word_1_299' title='bbox 162 2265 245 2334; x_wconf 82' lang='lat' dir='ltr'><strong>lingo</strong></span> <span class='ocrx_word' id='word_1_300' title='bbox 255 2265 343 2334; x_wconf 83' lang='lat' dir='ltr'><strong>igilur</strong></span> <span class='ocrx_word' id='word_1_301' title='bbox 358 2281 487 2335; x_wconf 76' lang='lat' dir='ltr'><strong>magnus</strong></span> <span class='ocrx_word' id='word_1_302' title='bbox 499 2265 687 2320; x_wconf 79' lang='lat' dir='ltr'><strong>creberrimis</strong></span> <span class='ocrx_word' id='word_1_303' title='bbox 702 2265 915 2338; x_wconf 86' lang='lat' dir='ltr'><strong>episcoporum</strong></span> <span class='ocrx_word' id='word_1_304' title='bbox 968 2260 1039 2331; x_wconf 80' lang='lat' dir='ltr'><strong>elce,</strong></span> <span class='ocrx_word' id='word_1_305' title='bbox 1054 2262 1263 2322; x_wconf 84' lang='lat' dir='ltr'><strong>iestinahlmus</strong></span> <span class='ocrx_word' id='word_1_306' title='bbox 1277 2266 1359 2323; x_wconf 88' lang='lat' dir='ltr'><strong>edire</strong></span> <span class='ocrx_word' id='word_1_307' title='bbox 1368 2269 1616 2324; x_wconf 82' lang='lat' dir='ltr'><strong>Northmennlam</strong></span> <span class='ocrx_word' id='word_1_308' title='bbox 1627 2269 1721 2338; x_wconf 82' lang='lat' dir='ltr'><strong>egeat</strong></span> <span class='ocrx_word' id='word_1_309' title='bbox 1732 2278 1794 2322; x_wconf 83' lang='lat' dir='ltr'><strong>rex.</strong></span> 
     </span>
     <span class='ocr_line' id='line_1_25' title="bbox 79 2351 1797 2428; baseline 0.002 -21"><span class='ocrx_word' id='word_1_310' title='bbox 79 2351 274 2425; x_wconf 85' lang='lat' dir='ltr'><strong>petitionibus</strong></span> <span class='ocrx_word' id='word_1_311' title='bbox 289 2353 460 2426; x_wconf 86' lang='lat' dir='ltr'><strong>suppliciter</strong></span> <span class='ocrx_word' id='word_1_312' title='bbox 472 2357 593 2410; x_wconf 88' lang='lat' dir='ltr'><strong>coactus</strong></span> <span class='ocrx_word' id='word_1_313' title='bbox 607 2354 760 2425; x_wconf 87' lang='lat' dir='ltr'><strong>protectus</strong></span> <span class='ocrx_word' id='word_1_314' title='bbox 778 2356 823 2407; x_wconf 90' lang='lat' dir='ltr'><strong>est</strong></span> <span class='ocrx_word' id='word_1_315' title='bbox 842 2365 914 2407; x_wconf 88' lang='lat' dir='ltr'><strong>con·</strong></span> <span class='ocrx_word' id='word_1_316' title='bbox 969 2353 1034 2422; x_wconf 89' lang='lat' dir='ltr'><strong>lpse</strong></span> <span class='ocrx_word' id='word_1_317' title='bbox 1048 2357 1149 2409; x_wconf 84' lang='lat' dir='ltr'><strong>autem</strong></span> <span class='ocrx_word' id='word_1_318' title='bbox 1164 2357 1435 2428; x_wconf 82' lang='lat' dir='ltr'><strong>itothomagensem</strong></span> <span class='ocrx_word' id='word_1_319' title='bbox 1445 2358 1564 2426; x_wconf 88' lang='lat' dir='ltr'><strong>urbem,</strong></span> <span class='ocrx_word' id='word_1_320' title='bbox 1577 2367 1635 2427; x_wconf 88' lang='lat' dir='ltr'><strong>ego</strong></span> <span class='ocrx_word' id='word_1_321' title='bbox 1657 2367 1729 2412; x_wconf 84' lang='lat' dir='ltr'><strong>vero</strong></span> <span class='ocrx_word' id='word_1_322' title='bbox 1743 2355 1797 2412; x_wconf 86' lang='lat' dir='ltr'><strong>oh·</strong></span> 
     </span>
     <span class='ocr_line' id='line_1_26' title="bbox 82 2439 1797 2516; baseline 0.002 -20"><span class='ocrx_word' id='word_1_323' title='bbox 82 2447 243 2512; x_wconf 86' lang='lat' dir='ltr'><strong>traregem</strong></span> <span class='ocrx_word' id='word_1_324' title='bbox 258 2440 297 2497; x_wconf 89' lang='lat' dir='ltr'><strong>ad</strong></span> <span class='ocrx_word' id='word_1_325' title='bbox 311 2441 413 2497; x_wconf 86' lang='lat' dir='ltr'><strong>villam</strong></span> <span class='ocrx_word' id='word_1_326' title='bbox 437 2441 468 2498; x_wconf 90' lang='lat' dir='ltr'><strong>in</strong></span> <span class='ocrx_word' id='word_1_327' title='bbox 488 2443 556 2499; x_wconf 82' lang='lat' dir='ltr'><strong>rico</strong></span> <span class='ocrx_word' id='word_1_328' title='bbox 579 2443 666 2514; x_wconf 85' lang='lat' dir='ltr'><strong>juxta</strong></span> <span class='ocrx_word' id='word_1_329' title='bbox 682 2439 913 2512; x_wconf 80' lang='lat' dir='ltr'><strong>compendium,</strong></span> <span class='ocrx_word' id='word_1_330' title='bbox 969 2439 1074 2496; x_wconf 87' lang='lat' dir='ltr'><strong>sideho</strong></span> <span class='ocrx_word' id='word_1_331' title='bbox 1100 2447 1134 2497; x_wconf 90' lang='grc' dir='ltr'><strong>ιιι</strong></span> <span class='ocrx_word' id='word_1_332' title='bbox 1157 2443 1291 2513; x_wconf 84' lang='lat' dir='ltr'><strong>juratum</strong></span> <span class='ocrx_word' id='word_1_333' title='bbox 1319 2450 1364 2502; x_wconf 86' lang='lat' dir='ltr'><strong>est</strong></span> <span class='ocrx_word' id='word_1_334' title='bbox 1388 2447 1589 2516; x_wconf 77' lang='lat' dir='ltr'><strong>baiocensem.</strong></span> <span class='ocrx_word' id='word_1_335' title='bbox 1623 2443 1797 2516; x_wconf 79' lang='lat' dir='ltr'><strong>affligemus</strong></span> 
     </span>
     <span class='ocr_line' id='line_1_27' title="bbox 81 2527 1797 2604; baseline 0.002 -19"><span class='ocrx_word' id='word_1_336' title='bbox 81 2545 150 2602; x_wconf 85' lang='lat' dir='ltr'><strong>quae</strong></span> <span class='ocrx_word' id='word_1_337' title='bbox 162 2530 272 2586; x_wconf 84' lang='lat' dir='ltr'><strong>dicitur</strong></span> <span class='ocrx_word' id='word_1_338' title='bbox 284 2531 371 2598; x_wconf 79' lang='lat' dir='ltr'><strong>(trux,</strong></span> <span class='ocrx_word' id='word_1_339' title='bbox 388 2531 521 2604; x_wconf 82' lang='lat' dir='ltr'><strong>dixitque</strong></span> <span class='ocrx_word' id='word_1_340' title='bbox 538 2533 578 2590; x_wconf 91' lang='grc' dir='ltr'><strong>ιιι</strong></span> <span class='ocrx_word' id='word_1_341' title='bbox 596 2545 700 2600; x_wconf 77' lang='lat' dir='ltr'><strong>regem</strong></span> <span class='ocrx_word' id='word_1_342' title='bbox 717 2547 723 2584; x_wconf 95' lang='lat'>:</span> <span class='ocrx_word' id='word_1_343' title='bbox 740 2549 755 2582; x_wconf 78' lang='lat' dir='ltr'><strong>s</strong></span> <span class='ocrx_word' id='word_1_344' title='bbox 770 2529 861 2599; x_wconf 76' lang='lat' dir='ltr'><strong>Cuius</strong></span> <span class='ocrx_word' id='word_1_345' title='bbox 874 2528 916 2582; x_wconf 88' lang='lat' dir='ltr'><strong>rei</strong></span> <span class='ocrx_word' id='word_1_346' title='bbox 968 2527 1059 2597; x_wconf 84' lang='lat' dir='ltr'><strong>igitur</strong></span> <span class='ocrx_word' id='word_1_347' title='bbox 1070 2533 1290 2589; x_wconf 87' lang='lat' dir='ltr'><strong>Northmannos</strong></span> <span class='ocrx_word' id='word_1_348' title='bbox 1305 2535 1401 2590; x_wconf 87' lang='lat' dir='ltr'><strong>taliter</strong></span> <span class='ocrx_word' id='word_1_349' title='bbox 1414 2538 1442 2590; x_wconf 90' lang='grc' dir='ltr'><strong>ιι</strong></span> <span class='ocrx_word' id='word_1_350' title='bbox 1465 2535 1606 2602; x_wconf 87' lang='lat' dir='ltr'><strong>Britones,</strong></span> <span class='ocrx_word' id='word_1_351' title='bbox 1631 2537 1659 2588; x_wconf 91' lang='grc' dir='ltr'><strong>ιι</strong></span> <span class='ocrx_word' id='word_1_352' title='bbox 1682 2531 1797 2602; x_wconf 72' lang='lat' dir='ltr'><strong>redige</strong></span> 
     </span>
     <span class='ocr_line' id='line_1_28' title="bbox 82 2615 1798 2696; baseline 0 -21"><span class='ocrx_word' id='word_1_353' title='bbox 82 2619 204 2689; x_wconf 89' lang='lat' dir='ltr'><strong>negotio</strong></span> <span class='ocrx_word' id='word_1_354' title='bbox 214 2621 272 2675; x_wconf 93' lang='lat' dir='ltr'><strong>huc</strong></span> <span class='ocrx_word' id='word_1_355' title='bbox 285 2635 333 2676; x_wconf 90' lang='lat' dir='ltr'><strong>me</strong></span> <span class='ocrx_word' id='word_1_356' title='bbox 347 2620 511 2677; x_wconf 84' lang='lat' dir='ltr'><strong>accelerare</strong></span> <span class='ocrx_word' id='word_1_357' title='bbox 526 2620 586 2677; x_wconf 91' lang='lat' dir='ltr'><strong>flde</strong></span> <span class='ocrx_word' id='word_1_358' title='bbox 601 2625 629 2676; x_wconf 90' lang='lat' dir='ltr'><strong>et</strong></span> <span class='ocrx_word' id='word_1_359' title='bbox 639 2617 744 2688; x_wconf 88' lang='lat' dir='ltr'><strong>legetis</strong></span> <span class='ocrx_word' id='word_1_360' title='bbox 757 2615 915 2689; x_wconf 84' lang='lat' dir='ltr'><strong>praecipuis</strong></span> <span class='ocrx_word' id='word_1_361' title='bbox 970 2631 1039 2672; x_wconf 91' lang='lat' dir='ltr'><strong>mus</strong></span> <span class='ocrx_word' id='word_1_362' title='bbox 1053 2623 1086 2673; x_wconf 88' lang='lat' dir='ltr'><strong>nt</strong></span> <span class='ocrx_word' id='word_1_363' title='bbox 1107 2621 1238 2678; x_wconf 87' lang='lat' dir='ltr'><strong>serviant</strong></span> <span class='ocrx_word' id='word_1_364' title='bbox 1266 2623 1403 2679; x_wconf 89' lang='lat' dir='ltr'><strong>humiles.</strong></span> <span class='ocrx_word' id='word_1_365' title='bbox 1431 2623 1571 2696; x_wconf 89' lang='lat' dir='ltr'><strong>Quisquis</strong></span> <span class='ocrx_word' id='word_1_366' title='bbox 1597 2633 1668 2676; x_wconf 86' lang='lat' dir='ltr'><strong>vero</strong></span> <span class='ocrx_word' id='word_1_367' title='bbox 1694 2623 1798 2676; x_wconf 81' lang='lat' dir='ltr'><strong>coena</strong></span> 
     </span>
     <span class='ocr_line' id='line_1_29' title="bbox 82 2705 1797 2780; baseline 0.001 -17"><span class='ocrx_word' id='word_1_368' title='bbox 82 2708 281 2780; x_wconf 76' lang='lat' dir='ltr'><strong>compulisti?</strong></span> <span class='ocrx_word' id='word_1_369' title='bbox 297 2729 312 2759; x_wconf 79' lang='lat' dir='ltr'><strong>a</strong></span> <span class='ocrx_word' id='word_1_370' title='bbox 335 2711 394 2764; x_wconf 85' lang='lat' dir='ltr'><strong>ilex</strong></span> <span class='ocrx_word' id='word_1_371' title='bbox 408 2715 531 2766; x_wconf 88' lang='lat' dir='ltr'><strong>eutem:</strong></span> <span class='ocrx_word' id='word_1_372' title='bbox 562 2733 576 2760; x_wconf 81' lang='lat' dir='ltr'><strong>u</strong></span> <span class='ocrx_word' id='word_1_373' title='bbox 606 2713 640 2766; x_wconf 87' lang='lat' dir='ltr'><strong>lli</strong></span> <span class='ocrx_word' id='word_1_374' title='bbox 658 2707 768 2763; x_wconf 89' lang='lat' dir='ltr'><strong>reddas</strong></span> <span class='ocrx_word' id='word_1_375' title='bbox 783 2705 856 2761; x_wconf 84' lang='lat' dir='ltr'><strong>mihi</strong></span> <span class='ocrx_word' id='word_1_376' title='bbox 870 2706 916 2761; x_wconf 80' lang='lat' dir='ltr'><strong>iti-</strong></span> <span class='ocrx_word' id='word_1_377' title='bbox 969 2719 1027 2761; x_wconf 87' lang='lat' dir='ltr'><strong>nos</strong></span> <span class='ocrx_word' id='word_1_378' title='bbox 1041 2713 1206 2765; x_wconf 86' lang='lat' dir='ltr'><strong>contumax</strong></span> <span class='ocrx_word' id='word_1_379' title='bbox 1216 2709 1304 2767; x_wconf 86' lang='lat' dir='ltr'><strong>luerit</strong></span> <span class='ocrx_word' id='word_1_380' title='bbox 1328 2716 1358 2769; x_wconf 86' lang='lat' dir='ltr'><strong>et</strong></span> <span class='ocrx_word' id='word_1_381' title='bbox 1375 2709 1503 2779; x_wconf 87' lang='lat' dir='ltr'><strong>rebellis,</strong></span> <span class='ocrx_word' id='word_1_382' title='bbox 1531 2708 1797 2777; x_wconf 57' lang='lat' dir='ltr'><strong>exterminabitur}</strong></span> 
     </span>
     <span class='ocr_line' id='line_1_30' title="bbox 84 2795 1799 2875; baseline 0.001 -23"><span class='ocrx_word' id='word_1_383' title='bbox 84 2797 243 2865; x_wconf 73' lang='lat' dir='ltr'><strong>chasatum,</strong></span> <span class='ocrx_word' id='word_1_384' title='bbox 264 2813 355 2871; x_wconf 89' lang='lat' dir='ltr'><strong>quem</strong></span> <span class='ocrx_word' id='word_1_385' title='bbox 371 2797 486 2855; x_wconf 85' lang='lat' dir='ltr'><strong>iuratus</strong></span> <span class='ocrx_word' id='word_1_386' title='bbox 501 2803 547 2854; x_wconf 91' lang='lat' dir='ltr'><strong>est</strong></span> <span class='ocrx_word' id='word_1_387' title='bbox 562 2797 767 2859; x_wconf 80' lang='lat' dir='ltr'><strong>hosmundus,</strong></span> <span class='ocrx_word' id='word_1_388' title='bbox 796 2799 825 2852; x_wconf 89' lang='lat' dir='ltr'><strong>et</strong></span> <span class='ocrx_word' id='word_1_389' title='bbox 848 2807 915 2869; x_wconf 89' lang='lat' dir='ltr'><strong>per·</strong></span> <span class='ocrx_word' id='word_1_390' title='bbox 969 2795 1108 2868; x_wconf 87' lang='lat' dir='ltr'><strong>quisquis</strong></span> <span class='ocrx_word' id='word_1_391' title='bbox 1131 2811 1202 2854; x_wconf 78' lang='lat' dir='ltr'><strong>vero</strong></span> <span class='ocrx_word' id='word_1_392' title='bbox 1216 2815 1309 2856; x_wconf 80' lang='lat' dir='ltr'><strong>mmrs</strong></span> <span class='ocrx_word' id='word_1_393' title='bbox 1324 2801 1557 2875; x_wconf 68' lang='lat' dir='ltr'><strong>presumpserit,</strong></span> <span class='ocrx_word' id='word_1_394' title='bbox 1585 2798 1746 2856; x_wconf 87' lang='lat' dir='ltr'><strong>occidetur.</strong></span> <span class='ocrx_word' id='word_1_395' title='bbox 1770 2797 1799 2855; x_wconf 80' lang='lat' dir='ltr'><strong>Sl</strong></span> 
     </span>
     <span class='ocr_line' id='line_1_31' title="bbox 83 2884 1798 2963; baseline 0.002 -23"><span class='ocrx_word' id='word_1_396' title='bbox 83 2885 170 2941; x_wconf 87' lang='lat' dir='ltr'><strong>duxit</strong></span> <span class='ocrx_word' id='word_1_397' title='bbox 181 2886 221 2942; x_wconf 88' lang='lat' dir='ltr'><strong>ad</strong></span> <span class='ocrx_word' id='word_1_398' title='bbox 231 2887 370 2942; x_wconf 86' lang='lat' dir='ltr'><strong>comitem</strong></span> <span class='ocrx_word' id='word_1_399' title='bbox 384 2887 580 2944; x_wconf 87' lang='lat' dir='ltr'><strong>Beruardum.</strong></span> <span class='ocrx_word' id='word_1_400' title='bbox 596 2909 609 2936; x_wconf 82' lang='lat' dir='ltr'><strong>u</strong></span> <span class='ocrx_word' id='word_1_401' title='bbox 623 2885 915 2958; x_wconf 85' lang='lat' dir='ltr'><strong>Responditliagnus</strong></span> <span class='ocrx_word' id='word_1_402' title='bbox 969 2884 1043 2956; x_wconf 85' lang='lat' dir='ltr'><strong>quid</strong></span> <span class='ocrx_word' id='word_1_403' title='bbox 1058 2887 1223 2958; x_wconf 83' lang='lat' dir='ltr'><strong>prudentie</strong></span> <span class='ocrx_word' id='word_1_404' title='bbox 1242 2893 1271 2946; x_wconf 89' lang='lat' dir='ltr'><strong>et</strong></span> <span class='ocrx_word' id='word_1_405' title='bbox 1284 2890 1394 2961; x_wconf 85' lang='lat' dir='ltr'><strong>ingenii</strong></span> <span class='ocrx_word' id='word_1_406' title='bbox 1416 2891 1520 2959; x_wconf 86' lang='lat' dir='ltr'><strong>habes,</strong></span> <span class='ocrx_word' id='word_1_407' title='bbox 1534 2902 1641 2963; x_wconf 80' lang='lat' dir='ltr'><strong>precor</strong></span> <span class='ocrx_word' id='word_1_408' title='bbox 1662 2891 1690 2946; x_wconf 87' lang='lat' dir='ltr'><strong>te</strong></span> <span class='ocrx_word' id='word_1_409' title='bbox 1715 2891 1747 2944; x_wconf 87' lang='lat' dir='ltr'><strong>ul</strong></span> <span class='ocrx_word' id='word_1_410' title='bbox 1759 2885 1798 2944; x_wconf 86' lang='lat' dir='ltr'><strong>ab</strong></span> 
     </span>
     <span class='ocr_line' id='line_1_32' title="bbox 85 2973 1798 3070; baseline 0.002 -40"><span class='ocrx_word' id='word_1_411' title='bbox 85 2978 169 3046; x_wconf 74' lang='lat' dir='ltr'><strong>litigo</strong></span> <span class='ocrx_word' id='word_1_412' title='bbox 187 2994 193 3030; x_wconf 87' lang='lat'>:</span> <span class='ocrx_word' id='word_1_413' title='bbox 211 2999 225 3024; x_wconf 88' lang='lat'>«</span> <span class='ocrx_word' id='word_1_414' title='bbox 241 2975 298 3030; x_wconf 86' lang='lat' dir='ltr'><strong>Nisi</strong></span> <span class='ocrx_word' id='word_1_415' title='bbox 313 2980 412 3032; x_wconf 88' lang='lat' dir='ltr'><strong>castra</strong></span> <span class='ocrx_word' id='word_1_416' title='bbox 426 2975 538 3049; x_wconf 90' lang='lat' dir='ltr'><strong>quibus</strong></span> <span class='ocrx_word' id='word_1_417' title='bbox 555 2980 663 3050; x_wconf 81' lang='lat' dir='ltr'><strong>praeest</strong></span> <span class='ocrx_word' id='word_1_418' title='bbox 683 2974 851 3030; x_wconf 88' lang='lat' dir='ltr'><strong>Bernardus</strong></span> <span class='ocrx_word' id='word_1_419' title='bbox 875 2973 952 3070; x_wconf 74' lang='lat' dir='ltr'><strong>illiC</strong></span> <span class='ocrx_word' id='word_1_420' title='bbox 971 2975 1061 3044; x_wconf 86' lang='lat' dir='ltr'><strong>hujus</strong></span> <span class='ocrx_word' id='word_1_421' title='bbox 1073 2977 1196 3048; x_wconf 76' lang='lat' dir='ltr'><strong>parturii</strong></span> <span class='ocrx_word' id='word_1_422' title='bbox 1209 2991 1289 3036; x_wconf 89' lang='lat' dir='ltr'><strong>noxa</strong></span> <span class='ocrx_word' id='word_1_423' title='bbox 1303 2981 1423 3037; x_wconf 83' lang='lat' dir='ltr'><strong>solvens</strong></span> <span class='ocrx_word' id='word_1_424' title='bbox 1437 2995 1485 3038; x_wconf 87' lang='lat' dir='ltr'><strong>me</strong></span> <span class='ocrx_word' id='word_1_425' title='bbox 1494 2981 1612 3037; x_wconf 88' lang='lat' dir='ltr'><strong>liberes.</strong></span> <span class='ocrx_word' id='word_1_426' title='bbox 1634 2995 1649 3032; x_wconf 80' lang='lat' dir='ltr'><strong>r</strong></span> <span class='ocrx_word' id='word_1_427' title='bbox 1669 2977 1798 3036; x_wconf 79' lang='lat' dir='ltr'><strong>Cernens</strong></span> 
     </span>
     <span class='ocr_line' id='line_1_33' title="bbox 84 3060 1798 3142; baseline 0.002 -23"><span class='ocrx_word' id='word_1_428' title='bbox 84 3065 110 3120; x_wconf 87' lang='lat' dir='ltr'><strong>ri</strong></span> <span class='ocrx_word' id='word_1_429' title='bbox 137 3064 299 3130; x_wconf 87' lang='lat' dir='ltr'><strong>abstulero,</strong></span> <span class='ocrx_word' id='word_1_430' title='bbox 326 3081 445 3138; x_wconf 88' lang='lat' dir='ltr'><strong>nequeo</strong></span> <span class='ocrx_word' id='word_1_431' title='bbox 473 3065 573 3122; x_wconf 84' lang='lat' dir='ltr'><strong>lavere</strong></span> <span class='ocrx_word' id='word_1_432' title='bbox 599 3062 747 3120; x_wconf 87' lang='lat' dir='ltr'><strong>ullatenus</strong></span> <span class='ocrx_word' id='word_1_433' title='bbox 778 3060 917 3136; x_wconf 87' lang='lat' dir='ltr'><strong>precibus</strong></span> <span class='ocrx_word' id='word_1_434' title='bbox 971 3067 1071 3118; x_wconf 84' lang='lat' dir='ltr'><strong>autem</strong></span> <span class='ocrx_word' id='word_1_435' title='bbox 1087 3066 1255 3122; x_wconf 77' lang='lat' dir='ltr'><strong>heruardus</strong></span> <span class='ocrx_word' id='word_1_436' title='bbox 1270 3069 1354 3140; x_wconf 88' lang='lat' dir='ltr'><strong>quod</strong></span> <span class='ocrx_word' id='word_1_437' title='bbox 1377 3070 1541 3142; x_wconf 84' lang='lat' dir='ltr'><strong>aperuisset</strong></span> <span class='ocrx_word' id='word_1_438' title='bbox 1562 3069 1648 3139; x_wconf 84' lang='lat' dir='ltr'><strong>lingo</strong></span> <span class='ocrx_word' id='word_1_439' title='bbox 1669 3075 1798 3138; x_wconf 84' lang='lat' dir='ltr'><strong>magnus</strong></span> 
     </span>
     <span class='ocr_line' id='line_1_34' title="bbox 84 3151 1800 3233; baseline 0.001 -24"><span class='ocrx_word' id='word_1_440' title='bbox 84 3154 142 3209; x_wconf 92' lang='lat' dir='ltr'><strong>tuis</strong></span> <span class='ocrx_word' id='word_1_441' title='bbox 170 3157 199 3210; x_wconf 90' lang='lat' dir='ltr'><strong>et</strong></span> <span class='ocrx_word' id='word_1_442' title='bbox 223 3158 302 3210; x_wconf 84' lang='lat' dir='ltr'><strong>voto.</strong></span> <span class='ocrx_word' id='word_1_443' title='bbox 326 3155 440 3210; x_wconf 83' lang='lat' dir='ltr'><strong>»Tunc</strong></span> <span class='ocrx_word' id='word_1_444' title='bbox 469 3171 520 3210; x_wconf 90' lang='lat' dir='ltr'><strong>rex</strong></span> <span class='ocrx_word' id='word_1_445' title='bbox 546 3168 553 3210; x_wconf 76' lang='lat' dir='ltr'><em>z</em></span> <span class='ocrx_word' id='word_1_446' title='bbox 584 3177 598 3204; x_wconf 74' lang='lat' dir='ltr'><strong>a</strong></span> <span class='ocrx_word' id='word_1_447' title='bbox 627 3151 660 3210; x_wconf 86' lang='grc' dir='ltr'><strong>ιιι</strong></span> <span class='ocrx_word' id='word_1_448' title='bbox 687 3167 761 3233; x_wconf 82' lang='lat' dir='ltr'><strong>mere</strong></span> <span class='ocrx_word' id='word_1_449' title='bbox 790 3151 917 3207; x_wconf 88' lang='lat' dir='ltr'><strong>necessi·</strong></span> <span class='ocrx_word' id='word_1_450' title='bbox 969 3165 1023 3206; x_wconf 86' lang='lat' dir='ltr'><strong>eor</strong></span> <span class='ocrx_word' id='word_1_451' title='bbox 1036 3154 1356 3222; x_wconf 88' lang='lat' dir='ltr'><strong>suum,dixitadeum</strong></span> <span class='ocrx_word' id='word_1_452' title='bbox 1371 3175 1377 3213; x_wconf 96' lang='lat'><strong>:</strong></span> <span class='ocrx_word' id='word_1_453' title='bbox 1392 3175 1408 3210; x_wconf 78' lang='lat' dir='ltr'><strong>s</strong></span> <span class='ocrx_word' id='word_1_454' title='bbox 1426 3158 1537 3214; x_wconf 89' lang='lat' dir='ltr'><strong>idcirco</strong></span> <span class='ocrx_word' id='word_1_455' title='bbox 1558 3155 1641 3231; x_wconf 89' lang='lat' dir='ltr'><strong>quod</strong></span> <span class='ocrx_word' id='word_1_456' title='bbox 1655 3161 1687 3213; x_wconf 90' lang='lat' dir='ltr'><strong>tu</strong></span> <span class='ocrx_word' id='word_1_457' title='bbox 1701 3155 1800 3212; x_wconf 85' lang='lat' dir='ltr'><strong>senior</strong></span> 
     </span>
     <span class='ocr_line' id='line_1_35' title="bbox 83 3239 1799 3319; baseline 0.001 -22"><span class='ocrx_word' id='word_1_458' title='bbox 83 3243 134 3297; x_wconf 88' lang='lat' dir='ltr'><strong>tati</strong></span> <span class='ocrx_word' id='word_1_459' title='bbox 165 3257 227 3297; x_wconf 91' lang='lat' dir='ltr'><strong>non</strong></span> <span class='ocrx_word' id='word_1_460' title='bbox 254 3239 392 3313; x_wconf 77' lang='lat' dir='ltr'><strong>injurius,</strong></span> <span class='ocrx_word' id='word_1_461' title='bbox 423 3241 476 3297; x_wconf 88' lang='lat' dir='ltr'><strong>sed</strong></span> <span class='ocrx_word' id='word_1_462' title='bbox 498 3241 611 3297; x_wconf 88' lang='lat' dir='ltr'><strong>solatur</strong></span> <span class='ocrx_word' id='word_1_463' title='bbox 637 3239 771 3310; x_wconf 85' lang='lat' dir='ltr'><strong>existas,</strong></span> <span class='ocrx_word' id='word_1_464' title='bbox 810 3254 917 3295; x_wconf 88' lang='lat' dir='ltr'><strong>conce·</strong></span> <span class='ocrx_word' id='word_1_465' title='bbox 971 3239 1217 3309; x_wconf 75' lang='lat' dir='ltr'><strong>benignissimus,</strong></span> <span class='ocrx_word' id='word_1_466' title='bbox 1233 3244 1364 3318; x_wconf 82' lang='lat' dir='ltr'><strong>reiquie</strong></span> <span class='ocrx_word' id='word_1_467' title='bbox 1379 3246 1533 3319; x_wconf 90' lang='lat' dir='ltr'><strong>illenepos</strong></span> <span class='ocrx_word' id='word_1_468' title='bbox 1549 3243 1799 3301; x_wconf 59' lang='lat' dir='ltr'><strong>meusdileedssis</strong></span> 
     </span>
     <span class='ocr_line' id='line_1_36' title="bbox 83 3323 1800 3406; baseline 0.002 -23"><span class='ocrx_word' id='word_1_469' title='bbox 83 3327 156 3384; x_wconf 87' lang='lat' dir='ltr'><strong>dam</strong></span> <span class='ocrx_word' id='word_1_470' title='bbox 173 3329 225 3386; x_wconf 89' lang='lat' dir='ltr'><strong>tibi</strong></span> <span class='ocrx_word' id='word_1_471' title='bbox 242 3330 487 3387; x_wconf 86' lang='lat' dir='ltr'><strong>Ehroicaoensem</strong></span> <span class='ocrx_word' id='word_1_472' title='bbox 508 3331 536 3386; x_wconf 88' lang='lat' dir='ltr'><strong>et</strong></span> <span class='ocrx_word' id='word_1_473' title='bbox 549 3331 779 3402; x_wconf 79' lang='lat' dir='ltr'><strong>Bajoeaceusem</strong></span> <span class='ocrx_word' id='word_1_474' title='bbox 795 3323 919 3383; x_wconf 85' lang='lat' dir='ltr'><strong>comite-</strong></span> <span class='ocrx_word' id='word_1_475' title='bbox 972 3340 1051 3397; x_wconf 90' lang='lat' dir='ltr'><strong>mus,</strong></span> <span class='ocrx_word' id='word_1_476' title='bbox 1068 3329 1174 3386; x_wconf 84' lang='lat' dir='ltr'><strong>mehus</strong></span> <span class='ocrx_word' id='word_1_477' title='bbox 1185 3347 1280 3404; x_wconf 65' lang='grc' dir='ltr'>ιῐιιιιιι</span> <span class='ocrx_word' id='word_1_478' title='bbox 1290 3337 1394 3406; x_wconf 90' lang='lat' dir='ltr'><strong>potero</strong></span> <span class='ocrx_word' id='word_1_479' title='bbox 1409 3333 1653 3406; x_wconf 79' lang='lat' dir='ltr'><strong>argumentabor,</strong></span> <span class='ocrx_word' id='word_1_480' title='bbox 1679 3333 1701 3388; x_wconf 89' lang='lat' dir='ltr'><strong>si</strong></span> <span class='ocrx_word' id='word_1_481' title='bbox 1726 3332 1800 3388; x_wconf 80' lang='lat' dir='ltr'><strong>forte</strong></span> 
     </span>
     <span class='ocr_line' id='line_1_37' title="bbox 82 3416 1800 3500; baseline 0.002 -26"><span class='ocrx_word' id='word_1_482' title='bbox 82 3422 160 3490; x_wconf 90' lang='lat' dir='ltr'><strong>tum,</strong></span> <span class='ocrx_word' id='word_1_483' title='bbox 183 3419 365 3491; x_wconf 87' lang='lat' dir='ltr'><strong>quinetiam</strong></span> <span class='ocrx_word' id='word_1_484' title='bbox 396 3431 414 3476; x_wconf 91' lang='grc' dir='ltr'><strong>ι</strong></span> <span class='ocrx_word' id='word_1_485' title='bbox 444 3419 583 3493; x_wconf 89' lang='lat' dir='ltr'><strong>Sequana</strong></span> <span class='ocrx_word' id='word_1_486' title='bbox 610 3416 648 3476; x_wconf 90' lang='lat' dir='ltr'><strong>ad</strong></span> <span class='ocrx_word' id='word_1_487' title='bbox 672 3433 755 3475; x_wconf 89' lang='lat' dir='ltr'><strong>mare</strong></span> <span class='ocrx_word' id='word_1_488' title='bbox 770 3430 866 3490; x_wconf 90' lang='lat' dir='ltr'><strong>usque</strong></span> <span class='ocrx_word' id='word_1_489' title='bbox 885 3419 918 3472; x_wconf 93' lang='lat' dir='ltr'><strong>ut</strong></span> <span class='ocrx_word' id='word_1_490' title='bbox 970 3420 1105 3474; x_wconf 82' lang='lat' dir='ltr'><strong>restrum</strong></span> <span class='ocrx_word' id='word_1_491' title='bbox 1118 3421 1263 3490; x_wconf 79' lang='lat' dir='ltr'><strong>cogitasse</strong></span> <span class='ocrx_word' id='word_1_492' title='bbox 1279 3424 1399 3481; x_wconf 89' lang='lat' dir='ltr'><strong>turbare</strong></span> <span class='ocrx_word' id='word_1_493' title='bbox 1413 3425 1579 3500; x_wconf 72' lang='lat' dir='ltr'><strong>quivero.»</strong></span> <span class='ocrx_word' id='word_1_494' title='bbox 1605 3421 1685 3480; x_wconf 88' lang='lat' dir='ltr'><strong>illico</strong></span> <span class='ocrx_word' id='word_1_495' title='bbox 1698 3429 1800 3479; x_wconf 80' lang='lat' dir='ltr'><strong>comes</strong></span> 
     </span>
     <span class='ocr_line' id='line_1_38' title="bbox 82 3505 1802 3584; baseline 0.003 -22"><span class='ocrx_word' id='word_1_496' title='bbox 82 3507 250 3579; x_wconf 84' lang='lat' dir='ltr'><strong>possideas.</strong></span> <span class='ocrx_word' id='word_1_497' title='bbox 281 3511 357 3578; x_wconf 86' lang='lat' dir='ltr'><strong>Ergo</strong></span> <span class='ocrx_word' id='word_1_498' title='bbox 386 3521 455 3565; x_wconf 92' lang='lat' dir='ltr'><strong>vero</strong></span> <span class='ocrx_word' id='word_1_499' title='bbox 482 3522 550 3582; x_wconf 78' lang='lat' dir='ltr'><strong>que</strong></span> <span class='ocrx_word' id='word_1_500' title='bbox 576 3505 648 3564; x_wconf 86' lang='lat' dir='ltr'><strong>citra</strong></span> <span class='ocrx_word' id='word_1_501' title='bbox 662 3509 834 3579; x_wconf 86' lang='lat' dir='ltr'><strong>Sequanam</strong></span> <span class='ocrx_word' id='word_1_502' title='bbox 848 3509 918 3560; x_wconf 90' lang='lat' dir='ltr'><strong>suut</strong></span> <span class='ocrx_word' id='word_1_503' title='bbox 972 3508 1140 3564; x_wconf 74' lang='lat' dir='ltr'><strong>Bernartius</strong></span> <span class='ocrx_word' id='word_1_504' title='bbox 1156 3511 1280 3568; x_wconf 89' lang='lat' dir='ltr'><strong>consilia</strong></span> <span class='ocrx_word' id='word_1_505' title='bbox 1292 3514 1371 3584; x_wconf 87' lang='lat' dir='ltr'><strong>regis</strong></span> <span class='ocrx_word' id='word_1_506' title='bbox 1382 3515 1413 3571; x_wconf 86' lang='grc' dir='ltr'><strong>ιι</strong></span> <span class='ocrx_word' id='word_1_507' title='bbox 1440 3513 1563 3571; x_wconf 89' lang='lat' dir='ltr'><strong>senioris</strong></span> <span class='ocrx_word' id='word_1_508' title='bbox 1585 3513 1641 3582; x_wconf 88' lang='lat' dir='ltr'><strong>sul,</strong></span> <span class='ocrx_word' id='word_1_509' title='bbox 1666 3509 1802 3570; x_wconf 65' lang='lat' dir='ltr'><strong>cerami»</strong></span> 
     </span>
     <span class='ocr_line' id='line_1_39' title="bbox 83 3594 1800 3678; baseline 0.003 -25"><span class='ocrx_word' id='word_1_510' title='bbox 83 3597 218 3668; x_wconf 88' lang='lat' dir='ltr'><strong>tenebo,</strong></span> <span class='ocrx_word' id='word_1_511' title='bbox 260 3603 379 3672; x_wconf 84' lang='lat' dir='ltr'><strong>atquae</strong></span> <span class='ocrx_word' id='word_1_512' title='bbox 412 3611 485 3654; x_wconf 82' lang='lat' dir='ltr'><strong>meae</strong></span> <span class='ocrx_word' id='word_1_513' title='bbox 514 3597 673 3654; x_wconf 87' lang='lat' dir='ltr'><strong>voluntatis</strong></span> <span class='ocrx_word' id='word_1_514' title='bbox 702 3599 771 3653; x_wconf 88' lang='lat' dir='ltr'><strong>sunt</strong></span> <span class='ocrx_word' id='word_1_515' title='bbox 806 3609 842 3651; x_wconf 85' lang='lat' dir='ltr'><strong>ex</strong></span> <span class='ocrx_word' id='word_1_516' title='bbox 871 3594 916 3650; x_wconf 90' lang='lat' dir='ltr'><strong>his</strong></span> <span class='ocrx_word' id='word_1_517' title='bbox 969 3601 1108 3672; x_wconf 78' lang='lat' dir='ltr'><strong>nataeque</strong></span> <span class='ocrx_word' id='word_1_518' title='bbox 1123 3602 1343 3671; x_wconf 76' lang='lat' dir='ltr'><strong>congressionis</strong></span> <span class='ocrx_word' id='word_1_519' title='bbox 1366 3613 1457 3678; x_wconf 87' lang='lat' dir='ltr'><strong>super</strong></span> <span class='ocrx_word' id='word_1_520' title='bbox 1478 3605 1698 3662; x_wconf 85' lang='lat' dir='ltr'><strong>Northmannos</strong></span> <span class='ocrx_word' id='word_1_521' title='bbox 1725 3606 1800 3659; x_wconf 86' lang='lat' dir='ltr'><strong>tem·</strong></span> 
     </span>
     <span class='ocr_line' id='line_1_40' title="bbox 83 3685 1802 3766; baseline 0.005 -26"><span class='ocrx_word' id='word_1_522' title='bbox 83 3686 221 3758; x_wconf 88' lang='lat' dir='ltr'><strong>explebo.</strong></span> <span class='ocrx_word' id='word_1_523' title='bbox 253 3687 351 3744; x_wconf 86' lang='lat' dir='ltr'><strong>Simus</strong></span> <span class='ocrx_word' id='word_1_524' title='bbox 380 3687 544 3744; x_wconf 87' lang='lat' dir='ltr'><strong>concordes</strong></span> <span class='ocrx_word' id='word_1_525' title='bbox 573 3687 603 3743; x_wconf 89' lang='lat' dir='ltr'><strong>in</strong></span> <span class='ocrx_word' id='word_1_526' title='bbox 627 3685 710 3745; x_wconf 90' lang='lat' dir='ltr'><strong>omni</strong></span> <span class='ocrx_word' id='word_1_527' title='bbox 736 3685 856 3756; x_wconf 80' lang='lat' dir='ltr'><strong>negotio</strong></span> <span class='ocrx_word' id='word_1_528' title='bbox 889 3689 917 3742; x_wconf 85' lang='lat' dir='ltr'><strong>et</strong></span> <span class='ocrx_word' id='word_1_529' title='bbox 970 3701 1028 3760; x_wconf 90' lang='lat' dir='ltr'><strong>pus</strong></span> <span class='ocrx_word' id='word_1_530' title='bbox 1042 3689 1192 3761; x_wconf 81' lang='lat' dir='ltr'><strong>expertus,</strong></span> <span class='ocrx_word' id='word_1_531' title='bbox 1207 3692 1429 3766; x_wconf 78' lang='lat' dir='ltr'><strong>recordataeque</strong></span> <span class='ocrx_word' id='word_1_532' title='bbox 1441 3691 1603 3750; x_wconf 70' lang='lat' dir='ltr'><strong>voluntatis</strong></span> <span class='ocrx_word' id='word_1_533' title='bbox 1616 3693 1662 3749; x_wconf 89' lang='lat' dir='ltr'><strong>sui</strong></span> <span class='ocrx_word' id='word_1_534' title='bbox 1677 3691 1802 3748; x_wconf 85' lang='lat' dir='ltr'><strong>senioris</strong></span> 
     </span>
     <span class='ocr_line' id='line_1_41' title="bbox 84 3773 1801 3852; baseline 0.003 -21"><span class='ocrx_word' id='word_1_535' title='bbox 84 3777 255 3844; x_wconf 88' lang='lat' dir='ltr'><strong>unanimes,</strong></span> <span class='ocrx_word' id='word_1_536' title='bbox 280 3781 313 3834; x_wconf 91' lang='lat' dir='ltr'><strong>ut</strong></span> <span class='ocrx_word' id='word_1_537' title='bbox 338 3773 423 3834; x_wconf 87' lang='lat' dir='ltr'><strong>decet</strong></span> <span class='ocrx_word' id='word_1_538' title='bbox 445 3793 547 3850; x_wconf 89' lang='lat' dir='ltr'><strong>regem</strong></span> <span class='ocrx_word' id='word_1_539' title='bbox 574 3782 602 3834; x_wconf 89' lang='lat' dir='ltr'><strong>et</strong></span> <span class='ocrx_word' id='word_1_540' title='bbox 630 3775 739 3833; x_wconf 82' lang='lat' dir='ltr'><strong>ducem</strong></span> <span class='ocrx_word' id='word_1_541' title='bbox 757 3780 916 3852; x_wconf 88' lang='lat' dir='ltr'><strong>perpetua·</strong></span> <span class='ocrx_word' id='word_1_542' title='bbox 970 3776 1180 3835; x_wconf 75' lang='lat' dir='ltr'><strong>benevolentia</strong></span> <span class='ocrx_word' id='word_1_543' title='bbox 1194 3780 1298 3852; x_wconf 88' lang='lat' dir='ltr'><strong>laetior,</strong></span> <span class='ocrx_word' id='word_1_544' title='bbox 1310 3782 1482 3839; x_wconf 84' lang='lat' dir='ltr'><strong>Silvanectis</strong></span> <span class='ocrx_word' id='word_1_545' title='bbox 1492 3795 1656 3852; x_wconf 82' lang='lat' dir='ltr'><strong>regressus,</strong></span> <span class='ocrx_word' id='word_1_546' title='bbox 1670 3781 1751 3837; x_wconf 90' lang='lat' dir='ltr'><strong>misit</strong></span> <span class='ocrx_word' id='word_1_547' title='bbox 1763 3779 1801 3836; x_wconf 90' lang='lat' dir='ltr'><strong>ad</strong></span> 
     </span>
     <span class='ocr_line' id='line_1_42' title="bbox 83 3865 1801 3944; baseline 0.001 -24"><span class='ocrx_word' id='word_1_548' title='bbox 83 3866 158 3922; x_wconf 90' lang='lat' dir='ltr'><strong>liter.</strong></span> <span class='ocrx_word' id='word_1_549' title='bbox 176 3867 238 3935; x_wconf 84' lang='lat' dir='ltr'><strong>ligo</strong></span> <span class='ocrx_word' id='word_1_550' title='bbox 259 3867 301 3923; x_wconf 93' lang='lat' dir='ltr'><strong>cis</strong></span> <span class='ocrx_word' id='word_1_551' title='bbox 326 3869 499 3944; x_wconf 88' lang='lat' dir='ltr'><strong>Sequanam</strong></span> <span class='ocrx_word' id='word_1_552' title='bbox 525 3881 664 3942; x_wconf 82' lang='lat' dir='ltr'><strong>pergens,</strong></span> <span class='ocrx_word' id='word_1_553' title='bbox 694 3866 917 3936; x_wconf 82' lang='lat' dir='ltr'><strong>liothomagum</strong></span> <span class='ocrx_word' id='word_1_554' title='bbox 974 3865 1158 3923; x_wconf 75' lang='lat' dir='ltr'><strong>secumdum</strong></span> <span class='ocrx_word' id='word_1_555' title='bbox 1172 3869 1445 3939; x_wconf 83' lang='lat' dir='ltr'><strong>llothomegausem</strong></span> <span class='ocrx_word' id='word_1_556' title='bbox 1469 3873 1497 3926; x_wconf 90' lang='lat' dir='ltr'><strong>et</strong></span> <span class='ocrx_word' id='word_1_557' title='bbox 1519 3870 1699 3938; x_wconf 81' lang='lat' dir='ltr'><strong>Dacigenam</strong></span> <span class='ocrx_word' id='word_1_558' title='bbox 1720 3867 1801 3922; x_wconf 80' lang='lat' dir='ltr'><strong>relo-</strong></span> 
     </span>
     <span class='ocr_line' id='line_1_43' title="bbox 83 3952 1801 4027; baseline -0.001 -18"><span class='ocrx_word' id='word_1_559' title='bbox 83 3953 242 4024; x_wconf 87' lang='lat' dir='ltr'><strong>ohsidebo,</strong></span> <span class='ocrx_word' id='word_1_560' title='bbox 259 3960 291 4011; x_wconf 91' lang='lat' dir='ltr'><strong>tu</strong></span> <span class='ocrx_word' id='word_1_561' title='bbox 305 3971 378 4015; x_wconf 79' lang='lat' dir='ltr'><strong>sero</strong></span> <span class='ocrx_word' id='word_1_562' title='bbox 389 3955 509 4013; x_wconf 85' lang='lat' dir='ltr'><strong>militari</strong></span> <span class='ocrx_word' id='word_1_563' title='bbox 528 3971 623 4012; x_wconf 90' lang='lat' dir='ltr'><strong>manu</strong></span> <span class='ocrx_word' id='word_1_564' title='bbox 651 3955 774 4027; x_wconf 75' lang='lat' dir='ltr'><strong>bajocas</strong></span> <span class='ocrx_word' id='word_1_565' title='bbox 801 3953 917 4009; x_wconf 85' lang='lat' dir='ltr'><strong>vallans</strong></span> <span class='ocrx_word' id='word_1_566' title='bbox 973 3957 1047 4024; x_wconf 87' lang='lat' dir='ltr'><strong>cius,</strong></span> <span class='ocrx_word' id='word_1_567' title='bbox 1073 3957 1103 4010; x_wconf 91' lang='lat' dir='ltr'><strong>et</strong></span> <span class='ocrx_word' id='word_1_568' title='bbox 1125 3969 1193 4027; x_wconf 82' lang='lat' dir='ltr'><strong>quae</strong></span> <span class='ocrx_word' id='word_1_569' title='bbox 1219 3956 1334 4011; x_wconf 82' lang='lat' dir='ltr'><strong>audivit</strong></span> <span class='ocrx_word' id='word_1_570' title='bbox 1361 3955 1400 4012; x_wconf 89' lang='lat' dir='ltr'><strong>ab</strong></span> <span class='ocrx_word' id='word_1_571' title='bbox 1427 3957 1550 4026; x_wconf 82' lang='lat' dir='ltr'><strong>lingone</strong></span> <span class='ocrx_word' id='word_1_572' title='bbox 1577 3952 1653 4011; x_wconf 88' lang='lat' dir='ltr'><strong>duce</strong></span> <span class='ocrx_word' id='word_1_573' title='bbox 1678 3963 1801 4024; x_wconf 85' lang='lat' dir='ltr'><strong>magno,</strong></span> 
     </span>
     <span class='ocr_line' id='line_1_44' title="bbox 83 4039 1803 4116; baseline -0.001 -17"><span class='ocrx_word' id='word_1_574' title='bbox 83 4048 268 4116; x_wconf 81' lang='lat' dir='ltr'><strong>expugnato.</strong></span> <span class='ocrx_word' id='word_1_575' title='bbox 291 4045 336 4103; x_wconf 89' lang='lat' dir='ltr'><strong>Sic</strong></span> <span class='ocrx_word' id='word_1_576' title='bbox 349 4047 513 4103; x_wconf 88' lang='lat' dir='ltr'><strong>atteramus</strong></span> <span class='ocrx_word' id='word_1_577' title='bbox 539 4043 760 4102; x_wconf 85' lang='lat' dir='ltr'><strong>Northmannos</strong></span> <span class='ocrx_word' id='word_1_578' title='bbox 786 4039 918 4099; x_wconf 88' lang='lat' dir='ltr'><strong>advenas</strong></span> <span class='ocrx_word' id='word_1_579' title='bbox 972 4041 1063 4097; x_wconf 84' lang='lat' dir='ltr'><strong>etam</strong></span> <span class='ocrx_word' id='word_1_580' title='bbox 1078 4041 1264 4098; x_wconf 74' lang='lat' dir='ltr'><strong>voluntatem</strong></span> <span class='ocrx_word' id='word_1_581' title='bbox 1278 4043 1343 4114; x_wconf 86' lang='lat' dir='ltr'><strong>ejus</strong></span> <span class='ocrx_word' id='word_1_582' title='bbox 1367 4043 1523 4099; x_wconf 84' lang='lat' dir='ltr'><strong>mandavit</strong></span> <span class='ocrx_word' id='word_1_583' title='bbox 1548 4041 1697 4100; x_wconf 86' lang='lat' dir='ltr'><strong>secretius.</strong></span> <span class='ocrx_word' id='word_1_584' title='bbox 1725 4041 1803 4109; x_wconf 84' lang='lat' dir='ltr'><strong>Quin</strong></span> 
     </span>
     <span class='ocr_line' id='line_1_45' title="bbox 84 4128 1804 4208; baseline 0.001 -20"><span class='ocrx_word' id='word_1_585' title='bbox 84 4139 112 4188; x_wconf 90' lang='lat' dir='ltr'><strong>et</strong></span> <span class='ocrx_word' id='word_1_586' title='bbox 129 4133 278 4205; x_wconf 85' lang='lat' dir='ltr'><strong>superbos</strong></span> <span class='ocrx_word' id='word_1_587' title='bbox 304 4139 474 4208; x_wconf 76' lang='lat' dir='ltr'><strong>nostraeque</strong></span> <span class='ocrx_word' id='word_1_588' title='bbox 498 4135 603 4190; x_wconf 89' lang='lat' dir='ltr'><strong>ditioni</strong></span> <span class='ocrx_word' id='word_1_589' title='bbox 627 4131 823 4204; x_wconf 74' lang='lat' dir='ltr'><strong>subjiciamus</strong></span> <span class='ocrx_word' id='word_1_590' title='bbox 841 4129 917 4187; x_wconf 85' lang='lat' dir='ltr'><strong>flios.</strong></span> <span class='ocrx_word' id='word_1_591' title='bbox 973 4131 1064 4188; x_wconf 85' lang='lat' dir='ltr'><strong>etlam</strong></span> <span class='ocrx_word' id='word_1_592' title='bbox 1077 4130 1193 4202; x_wconf 82' lang='lat' dir='ltr'><strong>detegi</strong></span> <span class='ocrx_word' id='word_1_593' title='bbox 1207 4131 1356 4187; x_wconf 78' lang='lat' dir='ltr'><strong>obnoxius</strong></span> <span class='ocrx_word' id='word_1_594' title='bbox 1378 4132 1525 4188; x_wconf 79' lang='lat' dir='ltr'><strong>civitatem</strong></span> <span class='ocrx_word' id='word_1_595' title='bbox 1547 4128 1727 4202; x_wconf 82' lang='lat' dir='ltr'><strong>defenderet,</strong></span> <span class='ocrx_word' id='word_1_596' title='bbox 1755 4146 1804 4189; x_wconf 79' lang='lat' dir='ltr'><strong>ve-</strong></span> 
     </span>
     <span class='ocr_line' id='line_1_46' title="bbox 83 4215 1803 4294; baseline -0.002 -16"><span class='ocrx_word' id='word_1_597' title='bbox 83 4223 191 4278; x_wconf 86' lang='lat' dir='ltr'><strong>Taliter</strong></span> <span class='ocrx_word' id='word_1_598' title='bbox 218 4228 320 4279; x_wconf 89' lang='lat' dir='ltr'><strong>autem</strong></span> <span class='ocrx_word' id='word_1_599' title='bbox 346 4223 501 4281; x_wconf 89' lang='lat' dir='ltr'><strong>mitescent</strong></span> <span class='ocrx_word' id='word_1_600' title='bbox 527 4227 555 4279; x_wconf 91' lang='lat' dir='ltr'><strong>el</strong></span> <span class='ocrx_word' id='word_1_601' title='bbox 584 4219 837 4294; x_wconf 76' lang='lat' dir='ltr'><strong>subiugabuuiur,</strong></span> <span class='ocrx_word' id='word_1_602' title='bbox 867 4224 920 4275; x_wconf 88' lang='lat' dir='ltr'><strong>aut</strong></span> <span class='ocrx_word' id='word_1_603' title='bbox 974 4229 1043 4272; x_wconf 85' lang='lat' dir='ltr'><strong>rum</strong></span> <span class='ocrx_word' id='word_1_604' title='bbox 1058 4215 1150 4273; x_wconf 88' lang='lat' dir='ltr'><strong>choro</strong></span> <span class='ocrx_word' id='word_1_605' title='bbox 1164 4215 1378 4274; x_wconf 87' lang='lat' dir='ltr'><strong>canonicorum</strong></span> <span class='ocrx_word' id='word_1_606' title='bbox 1394 4216 1673 4292; x_wconf 82' lang='lat' dir='ltr'><strong>monachorumque</strong></span> <span class='ocrx_word' id='word_1_607' title='bbox 1686 4227 1803 4292; x_wconf 80' lang='lat' dir='ltr'><strong>praepa·</strong></span> 
     </span>
     <span class='ocr_line' id='line_1_47' title="bbox 83 4303 1804 4387; baseline -0.002 -19"><span class='ocrx_word' id='word_1_608' title='bbox 83 4311 274 4370; x_wconf 87' lang='lat' dir='ltr'><strong>exterminati</strong></span> <span class='ocrx_word' id='word_1_609' title='bbox 299 4315 420 4370; x_wconf 84' lang='lat' dir='ltr'><strong>Daciam</strong></span> <span class='ocrx_word' id='word_1_610' title='bbox 445 4313 555 4371; x_wconf 87' lang='lat' dir='ltr'><strong>celeres</strong></span> <span class='ocrx_word' id='word_1_611' title='bbox 580 4312 808 4387; x_wconf 85' lang='lat' dir='ltr'><strong>repedabunt.»</strong></span> <span class='ocrx_word' id='word_1_612' title='bbox 833 4311 918 4380; x_wconf 83' lang='lat' dir='ltr'><strong>liugo</strong></span> <span class='ocrx_word' id='word_1_613' title='bbox 975 4309 1050 4375; x_wconf 84' lang='lat' dir='ltr'><strong>rato,</strong></span> <span class='ocrx_word' id='word_1_614' title='bbox 1066 4319 1136 4361; x_wconf 86' lang='lat' dir='ltr'><strong>enm</strong></span> <span class='ocrx_word' id='word_1_615' title='bbox 1151 4306 1239 4380; x_wconf 84' lang='lat' dir='ltr'><strong>quasi</strong></span> <span class='ocrx_word' id='word_1_616' title='bbox 1254 4305 1319 4377; x_wconf 77' lang='lat' dir='ltr'><strong>ejus</strong></span> <span class='ocrx_word' id='word_1_617' title='bbox 1334 4303 1474 4363; x_wconf 81' lang='lat' dir='ltr'><strong>adventui</strong></span> <span class='ocrx_word' id='word_1_618' title='bbox 1493 4305 1704 4378; x_wconf 80' lang='lat' dir='ltr'><strong>congrabulens</strong></span> <span class='ocrx_word' id='word_1_619' title='bbox 1729 4306 1804 4364; x_wconf 86' lang='lat' dir='ltr'><strong>hia-</strong></span> 
     </span>
     <span class='ocr_line' id='line_1_48' title="bbox 83 4365 1802 4475; baseline -0.003 -20"><span class='ocrx_word' id='word_1_620' title='bbox 83 4415 157 4457; x_wconf 85' lang='lat' dir='ltr'><strong>vero</strong></span> <span class='ocrx_word' id='word_1_621' title='bbox 171 4401 235 4456; x_wconf 84' lang='lat' dir='ltr'><strong>dux</strong></span> <span class='ocrx_word' id='word_1_622' title='bbox 249 4415 388 4472; x_wconf 88' lang='lat' dir='ltr'><strong>maguus,</strong></span> <span class='ocrx_word' id='word_1_623' title='bbox 413 4401 492 4470; x_wconf 89' lang='lat' dir='ltr'><strong>lidsi,</strong></span> <span class='ocrx_word' id='word_1_624' title='bbox 522 4415 616 4475; x_wconf 75' lang='grc' dir='ltr'>φιιιιι</span> <span class='ocrx_word' id='word_1_625' title='bbox 645 4399 754 4458; x_wconf 84' lang='lat' dir='ltr'><strong>iecerat</strong></span> <span class='ocrx_word' id='word_1_626' title='bbox 768 4365 957 4456; x_wconf 66' lang='lat' dir='ltr'><strong>eemardon</strong></span> <span class='ocrx_word' id='word_1_627' title='bbox 976 4395 1045 4450; x_wconf 86' lang='lat' dir='ltr'><strong>riter</strong></span> <span class='ocrx_word' id='word_1_628' title='bbox 1059 4395 1210 4467; x_wconf 87' lang='lat' dir='ltr'><strong>reciperet,</strong></span> <span class='ocrx_word' id='word_1_629' title='bbox 1226 4397 1254 4451; x_wconf 92' lang='lat' dir='ltr'><strong>et</strong></span> <span class='ocrx_word' id='word_1_630' title='bbox 1265 4399 1298 4451; x_wconf 90' lang='lat' dir='ltr'><strong>ut</strong></span> <span class='ocrx_word' id='word_1_631' title='bbox 1312 4395 1428 4466; x_wconf 79' lang='lat' dir='ltr'><strong>liugonl</strong></span> <span class='ocrx_word' id='word_1_632' title='bbox 1449 4407 1562 4467; x_wconf 88' lang='lat' dir='ltr'><strong>magno</strong></span> <span class='ocrx_word' id='word_1_633' title='bbox 1585 4395 1656 4454; x_wconf 90' lang='lat' dir='ltr'><strong>duci</strong></span> <span class='ocrx_word' id='word_1_634' title='bbox 1682 4401 1802 4464; x_wconf 87' lang='lat' dir='ltr'><strong>terrem,</strong></span> 
     </span>
     <span class='ocr_line' id='line_1_49' title="bbox 83 4483 1804 4563; baseline -0.005 -17"><span class='ocrx_word' id='word_1_635' title='bbox 83 4503 142 4562; x_wconf 91' lang='lat' dir='ltr'><strong>pro</strong></span> <span class='ocrx_word' id='word_1_636' title='bbox 156 4489 295 4547; x_wconf 82' lang='lat' dir='ltr'><strong>Richardi</strong></span> <span class='ocrx_word' id='word_1_637' title='bbox 307 4489 462 4563; x_wconf 84' lang='lat' dir='ltr'><strong>juvamine</strong></span> <span class='ocrx_word' id='word_1_638' title='bbox 476 4491 606 4560; x_wconf 79' lang='lat' dir='ltr'><strong>oblitus3</strong></span> <span class='ocrx_word' id='word_1_639' title='bbox 628 4490 702 4563; x_wconf 77' lang='lat' dir='ltr'><strong>qsrin</strong></span> <span class='ocrx_word' id='word_1_640' title='bbox 717 4489 807 4546; x_wconf 88' lang='lat' dir='ltr'><strong>etiam</strong></span> <span class='ocrx_word' id='word_1_641' title='bbox 826 4487 918 4544; x_wconf 87' lang='lat' dir='ltr'><strong>hene-</strong></span> <span class='ocrx_word' id='word_1_642' title='bbox 974 4483 1122 4557; x_wconf 86' lang='lat' dir='ltr'><strong>quamilli</strong></span> <span class='ocrx_word' id='word_1_643' title='bbox 1137 4483 1227 4552; x_wconf 88' lang='lat' dir='ltr'><strong>dedit,</strong></span> <span class='ocrx_word' id='word_1_644' title='bbox 1242 4495 1344 4553; x_wconf 89' lang='lat' dir='ltr'><strong>regern</strong></span> <span class='ocrx_word' id='word_1_645' title='bbox 1357 4484 1558 4542; x_wconf 82' lang='lat' dir='ltr'><strong>contradicere</strong></span> <span class='ocrx_word' id='word_1_646' title='bbox 1570 4483 1733 4541; x_wconf 89' lang='lat' dir='ltr'><strong>multarum</strong></span> <span class='ocrx_word' id='word_1_647' title='bbox 1757 4491 1804 4538; x_wconf 74' lang='lat' dir='ltr'><strong>er</strong></span> 
     </span>
     <span class='ocr_line' id='line_1_50' title="bbox 83 4572 1805 4652; baseline -0.006 -18"><span class='ocrx_word' id='word_1_648' title='bbox 83 4577 160 4634; x_wconf 87' lang='lat' dir='ltr'><strong>ficiis</strong></span> <span class='ocrx_word' id='word_1_649' title='bbox 175 4591 211 4634; x_wconf 85' lang='lat' dir='ltr'><strong>ac</strong></span> <span class='ocrx_word' id='word_1_650' title='bbox 226 4577 394 4636; x_wconf 73' lang='lat' dir='ltr'><strong>dritahhus</strong></span> <span class='ocrx_word' id='word_1_651' title='bbox 414 4581 584 4646; x_wconf 85' lang='lat' dir='ltr'><strong>exorbatus,</strong></span> <span class='ocrx_word' id='word_1_652' title='bbox 614 4578 728 4652; x_wconf 89' lang='lat' dir='ltr'><strong>pepigit</strong></span> <span class='ocrx_word' id='word_1_653' title='bbox 754 4589 825 4634; x_wconf 89' lang='lat' dir='ltr'><strong>eum</strong></span> <span class='ocrx_word' id='word_1_654' title='bbox 850 4589 919 4646; x_wconf 86' lang='lat' dir='ltr'><strong>rege</strong></span> <span class='ocrx_word' id='word_1_655' title='bbox 976 4573 1236 4643; x_wconf 69' lang='lat' dir='ltr'><strong>frumentationum</strong></span> <span class='ocrx_word' id='word_1_656' title='bbox 1250 4575 1510 4646; x_wconf 85' lang='lat' dir='ltr'><strong>prosecutionibus</strong></span> <span class='ocrx_word' id='word_1_657' title='bbox 1533 4573 1660 4643; x_wconf 81' lang='lat' dir='ltr'><strong>cogeret.</strong></span> <span class='ocrx_word' id='word_1_658' title='bbox 1683 4572 1805 4626; x_wconf 78' lang='lat' dir='ltr'><strong>Bernar-</strong></span> 
     </span>
     <span class='ocr_line' id='line_1_51' title="bbox 84 4655 1804 4739; baseline -0.008 -15"><span class='ocrx_word' id='word_1_659' title='bbox 84 4667 179 4739; x_wconf 79' lang='lat' dir='ltr'><strong>huJus</strong></span> <span class='ocrx_word' id='word_1_660' title='bbox 194 4669 399 4725; x_wconf 81' lang='lat' dir='ltr'><strong>consentionis</strong></span> <span class='ocrx_word' id='word_1_661' title='bbox 414 4669 522 4726; x_wconf 83' lang='lat' dir='ltr'><strong>ioedus.</strong></span> <span class='ocrx_word' id='word_1_662' title='bbox 540 4671 615 4736; x_wconf 80' lang='lat' dir='ltr'><strong>ono,</strong></span> <span class='ocrx_word' id='word_1_663' title='bbox 646 4672 678 4724; x_wconf 87' lang='lat' dir='ltr'><strong>nt</strong></span> <span class='ocrx_word' id='word_1_664' title='bbox 699 4667 764 4723; x_wconf 78' lang='lat' dir='ltr'><strong>heo</strong></span> <span class='ocrx_word' id='word_1_665' title='bbox 777 4667 919 4734; x_wconf 87' lang='lat' dir='ltr'><strong>iacerent,</strong></span> <span class='ocrx_word' id='word_1_666' title='bbox 974 4661 1033 4718; x_wconf 90' lang='lat' dir='ltr'><strong>dus</strong></span> <span class='ocrx_word' id='word_1_667' title='bbox 1059 4673 1128 4718; x_wconf 85' lang='lat' dir='ltr'><strong>vero</strong></span> <span class='ocrx_word' id='word_1_668' title='bbox 1144 4662 1392 4734; x_wconf 80' lang='lat' dir='ltr'><strong>liothomagensis</strong></span> <span class='ocrx_word' id='word_1_669' title='bbox 1416 4663 1511 4719; x_wconf 76' lang='lat' dir='ltr'><strong>laetior</strong></span> <span class='ocrx_word' id='word_1_670' title='bbox 1537 4661 1684 4732; x_wconf 84' lang='lat' dir='ltr'><strong>legatione</strong></span> <span class='ocrx_word' id='word_1_671' title='bbox 1712 4655 1804 4730; x_wconf 85' lang='lat' dir='ltr'><strong>hujus</strong></span> 
     </span>
     <span class='ocr_line' id='line_1_52' title="bbox 84 4745 1803 4831; baseline -0.007 -19"><span class='ocrx_word' id='word_1_672' title='bbox 84 4757 286 4813; x_wconf 88' lang='lat' dir='ltr'><strong>determinato</strong></span> <span class='ocrx_word' id='word_1_673' title='bbox 309 4759 453 4831; x_wconf 89' lang='lat' dir='ltr'><strong>tempore,</strong></span> <span class='ocrx_word' id='word_1_674' title='bbox 481 4757 647 4828; x_wconf 79' lang='lat' dir='ltr'><strong>regreditur</strong></span> <span class='ocrx_word' id='word_1_675' title='bbox 681 4756 721 4814; x_wconf 91' lang='lat' dir='ltr'><strong>ad</strong></span> <span class='ocrx_word' id='word_1_676' title='bbox 755 4769 810 4812; x_wconf 88' lang='lat' dir='ltr'><strong>sue</strong></span> <span class='ocrx_word' id='word_1_677' title='bbox 838 4755 919 4828; x_wconf 89' lang='lat' dir='ltr'><strong>quis-</strong></span> <span class='ocrx_word' id='word_1_678' title='bbox 975 4751 1100 4819; x_wconf 84' lang='lat' dir='ltr'><strong>aonsllii,</strong></span> <span class='ocrx_word' id='word_1_679' title='bbox 1128 4763 1197 4824; x_wconf 86' lang='lat' dir='ltr'><strong>quae</strong></span> <span class='ocrx_word' id='word_1_680' title='bbox 1226 4751 1325 4822; x_wconf 86' lang='lat' dir='ltr'><strong>legato</strong></span> <span class='ocrx_word' id='word_1_681' title='bbox 1352 4751 1516 4807; x_wconf 88' lang='lat' dir='ltr'><strong>disserente</strong></span> <span class='ocrx_word' id='word_1_682' title='bbox 1537 4753 1650 4806; x_wconf 87' lang='lat' dir='ltr'><strong>secreta</strong></span> <span class='ocrx_word' id='word_1_683' title='bbox 1679 4745 1803 4814; x_wconf 81' lang='lat' dir='ltr'><strong>audivit,</strong></span> 
     </span>
     <span class='ocr_line' id='line_1_53' title="bbox 84 4833 1803 4919; baseline -0.008 -17"><span class='ocrx_word' id='word_1_684' title='bbox 84 4861 156 4919; x_wconf 90' lang='lat' dir='ltr'><strong>que.</strong></span> <span class='ocrx_word' id='word_1_685' title='bbox 173 4847 341 4902; x_wconf 73' lang='lat' dir='ltr'><strong>heruardus</strong></span> <span class='ocrx_word' id='word_1_686' title='bbox 357 4847 446 4917; x_wconf 87' lang='lat' dir='ltr'><strong>igitur</strong></span> <span class='ocrx_word' id='word_1_687' title='bbox 468 4861 569 4903; x_wconf 86' lang='lat' dir='ltr'><strong>comes</strong></span> <span class='ocrx_word' id='word_1_688' title='bbox 595 4847 686 4918; x_wconf 75' lang='lat' dir='ltr'><strong>hrains</strong></span> <span class='ocrx_word' id='word_1_689' title='bbox 714 4844 920 4901; x_wconf 83' lang='lat' dir='ltr'><strong>conventionis</strong></span> <span class='ocrx_word' id='word_1_690' title='bbox 976 4840 1189 4914; x_wconf 68' lang='lat' dir='ltr'><strong>northmannis</strong></span> <span class='ocrx_word' id='word_1_691' title='bbox 1204 4839 1390 4912; x_wconf 87' lang='lat' dir='ltr'><strong>principibus</strong></span> <span class='ocrx_word' id='word_1_692' title='bbox 1406 4833 1674 4895; x_wconf 83' lang='lat' dir='ltr'><strong>ascitlsintlmavlt.</strong></span> <span class='ocrx_word' id='word_1_693' title='bbox 1699 4833 1803 4890; x_wconf 86' lang='lat' dir='ltr'><strong>North-</strong></span> 
     </span>
     <span class='ocr_line' id='line_1_54' title="bbox 85 4921 1804 5007; baseline -0.006 -16"><span class='ocrx_word' id='word_1_694' title='bbox 85 4949 202 5005; x_wconf 85' lang='lat' dir='ltr'><strong>gnarus</strong></span> <span class='ocrx_word' id='word_1_695' title='bbox 228 4935 301 4992; x_wconf 91' lang='lat' dir='ltr'><strong>adiit</strong></span> <span class='ocrx_word' id='word_1_696' title='bbox 320 4935 476 5007; x_wconf 83' lang='lat' dir='ltr'><strong>lirrgonern</strong></span> <span class='ocrx_word' id='word_1_697' title='bbox 498 4936 607 4992; x_wconf 86' lang='lat' dir='ltr'><strong>ducem</strong></span> <span class='ocrx_word' id='word_1_698' title='bbox 634 4935 758 4992; x_wconf 85' lang='lat' dir='ltr'><strong>celerius</strong></span> <span class='ocrx_word' id='word_1_699' title='bbox 783 4933 920 4989; x_wconf 85' lang='lat' dir='ltr'><strong>veniens·</strong></span> <span class='ocrx_word' id='word_1_700' title='bbox 975 4931 1080 4986; x_wconf 86' lang='lat' dir='ltr'><strong>manni</strong></span> <span class='ocrx_word' id='word_1_701' title='bbox 1105 4934 1207 4986; x_wconf 88' lang='lat' dir='ltr'><strong>autem</strong></span> <span class='ocrx_word' id='word_1_702' title='bbox 1233 4941 1295 4984; x_wconf 89' lang='lat' dir='ltr'><strong>non</strong></span> <span class='ocrx_word' id='word_1_703' title='bbox 1315 4937 1501 5000; x_wconf 84' lang='lat' dir='ltr'><strong>quemquam</strong></span> <span class='ocrx_word' id='word_1_704' title='bbox 1525 4925 1644 4981; x_wconf 86' lang='lat' dir='ltr'><strong>illorum</strong></span> <span class='ocrx_word' id='word_1_705' title='bbox 1668 4921 1804 4996; x_wconf 87' lang='lat' dir='ltr'><strong>decipere</strong></span> 
     </span>
     <span class='ocr_line' id='line_1_55' title="bbox 84 5011 1805 5097; baseline -0.008 -17"><span class='ocrx_word' id='word_1_706' title='bbox 84 5029 229 5097; x_wconf 84' lang='lat' dir='ltr'><strong>queante</strong></span> <span class='ocrx_word' id='word_1_707' title='bbox 244 5031 438 5097; x_wconf 87' lang='lat' dir='ltr'><strong>conspectum</strong></span> <span class='ocrx_word' id='word_1_708' title='bbox 453 5025 528 5096; x_wconf 89' lang='lat' dir='ltr'><strong>ejus,</strong></span> <span class='ocrx_word' id='word_1_709' title='bbox 558 5023 631 5081; x_wconf 87' lang='lat' dir='ltr'><strong>dixit</strong></span> <span class='ocrx_word' id='word_1_710' title='bbox 660 5024 749 5081; x_wconf 89' lang='lat' dir='ltr'><strong>eorde</strong></span> <span class='ocrx_word' id='word_1_711' title='bbox 776 5022 921 5094; x_wconf 82' lang='lat' dir='ltr'><strong>vultuque</strong></span> <span class='ocrx_word' id='word_1_712' title='bbox 977 5018 1103 5076; x_wconf 88' lang='lat' dir='ltr'><strong>solantes</strong></span> <span class='ocrx_word' id='word_1_713' title='bbox 1126 5027 1263 5090; x_wconf 88' lang='lat' dir='ltr'><strong>unquam</strong></span> <span class='ocrx_word' id='word_1_714' title='bbox 1287 5016 1482 5084; x_wconf 72' lang='lat' dir='ltr'><strong>bernartium,</strong></span> <span class='ocrx_word' id='word_1_715' title='bbox 1511 5013 1584 5087; x_wconf 90' lang='lat' dir='ltr'><strong>quin</strong></span> <span class='ocrx_word' id='word_1_716' title='bbox 1608 5011 1698 5068; x_wconf 86' lang='lat' dir='ltr'><strong>etiam</strong></span> <span class='ocrx_word' id='word_1_717' title='bbox 1721 5013 1805 5086; x_wconf 91' lang='lat' dir='ltr'><strong>quod</strong></span> 
     </span>
     <span class='ocr_line' id='line_1_56' title="bbox 85 5101 1805 5184; baseline -0.006 -15"><span class='ocrx_word' id='word_1_718' title='bbox 85 5114 247 5169; x_wconf 86' lang='lat' dir='ltr'><strong>turbatus:</strong></span> <span class='ocrx_word' id='word_1_719' title='bbox 269 5131 284 5166; x_wconf 76' lang='lat' dir='ltr'><strong>e</strong></span> <span class='ocrx_word' id='word_1_720' title='bbox 309 5114 374 5170; x_wconf 73' lang='lat' dir='ltr'><strong>ltux</strong></span> <span class='ocrx_word' id='word_1_721' title='bbox 403 5129 512 5184; x_wconf 89' lang='lat' dir='ltr'><strong>magne</strong></span> <span class='ocrx_word' id='word_1_722' title='bbox 540 5116 568 5170; x_wconf 89' lang='lat' dir='ltr'><strong>et</strong></span> <span class='ocrx_word' id='word_1_723' title='bbox 591 5113 747 5180; x_wconf 86' lang='lat' dir='ltr'><strong>fidissime,</strong></span> <span class='ocrx_word' id='word_1_724' title='bbox 776 5109 920 5184; x_wconf 81' lang='lat' dir='ltr'><strong>praecellis</strong></span> <span class='ocrx_word' id='word_1_725' title='bbox 977 5107 1108 5177; x_wconf 87' lang='lat' dir='ltr'><strong>lingonis</strong></span> <span class='ocrx_word' id='word_1_726' title='bbox 1124 5105 1227 5174; x_wconf 87' lang='lat' dir='ltr'><strong>magni</strong></span> <span class='ocrx_word' id='word_1_727' title='bbox 1241 5105 1327 5159; x_wconf 90' lang='lat' dir='ltr'><strong>ducis</strong></span> <span class='ocrx_word' id='word_1_728' title='bbox 1342 5105 1429 5160; x_wconf 88' lang='lat' dir='ltr'><strong>sciret</strong></span> <span class='ocrx_word' id='word_1_729' title='bbox 1443 5107 1599 5169; x_wconf 87' lang='lat' dir='ltr'><strong>secretum,</strong></span> <span class='ocrx_word' id='word_1_730' title='bbox 1616 5102 1680 5172; x_wconf 84' lang='lat' dir='ltr'><strong>ejus</strong></span> <span class='ocrx_word' id='word_1_731' title='bbox 1696 5101 1805 5159; x_wconf 85' lang='lat' dir='ltr'><strong>collau-</strong></span> 
     </span>
     <span class='ocr_line' id='line_1_57' title="bbox 84 5187 1805 5274; baseline -0.004 -18"><span class='ocrx_word' id='word_1_732' title='bbox 84 5215 186 5274; x_wconf 87' lang='lat' dir='ltr'><strong>nsque</strong></span> <span class='ocrx_word' id='word_1_733' title='bbox 200 5215 282 5257; x_wconf 85' lang='grc' dir='ltr'>ιιιιιιι</span> <span class='ocrx_word' id='word_1_734' title='bbox 296 5202 438 5258; x_wconf 89' lang='lat' dir='ltr'><strong>omnihus</strong></span> <span class='ocrx_word' id='word_1_735' title='bbox 451 5203 574 5271; x_wconf 89' lang='lat' dir='ltr'><strong>meritis,</strong></span> <span class='ocrx_word' id='word_1_736' title='bbox 600 5205 629 5258; x_wconf 94' lang='lat' dir='ltr'><strong>et</strong></span> <span class='ocrx_word' id='word_1_737' title='bbox 651 5201 721 5256; x_wconf 88' lang='lat' dir='ltr'><strong>iidel</strong></span> <span class='ocrx_word' id='word_1_738' title='bbox 743 5203 854 5267; x_wconf 86' lang='lat' dir='ltr'><strong>tenore,</strong></span> <span class='ocrx_word' id='word_1_739' title='bbox 868 5197 921 5254; x_wconf 88' lang='lat' dir='ltr'><strong>sed</strong></span> <span class='ocrx_word' id='word_1_740' title='bbox 976 5196 1123 5250; x_wconf 75' lang='lat' dir='ltr'><strong>(lavarunt</strong></span> <span class='ocrx_word' id='word_1_741' title='bbox 1136 5193 1246 5264; x_wconf 82' lang='lat' dir='ltr'><strong>pariter</strong></span> <span class='ocrx_word' id='word_1_742' title='bbox 1260 5187 1428 5248; x_wconf 88' lang='lat' dir='ltr'><strong>consillum.</strong></span> <span class='ocrx_word' id='word_1_743' title='bbox 1443 5191 1556 5248; x_wconf 83' lang='grc' dir='ltr'>ιιιιιιιιιι</span> <span class='ocrx_word' id='word_1_744' title='bbox 1576 5203 1647 5248; x_wconf 82' lang='lat' dir='ltr'><strong>vero</strong></span> <span class='ocrx_word' id='word_1_745' title='bbox 1671 5197 1805 5266; x_wconf 88' lang='lat' dir='ltr'><strong>tempore</strong></span> 
     </span>
     <span class='ocr_line' id='line_1_58' title="bbox 83 5277 1804 5364; baseline -0.006 -15"><span class='ocrx_word' id='word_1_746' title='bbox 83 5291 200 5347; x_wconf 88' lang='lat' dir='ltr'><strong>mirum</strong></span> <span class='ocrx_word' id='word_1_747' title='bbox 225 5291 299 5348; x_wconf 90' lang='lat' dir='ltr'><strong>mihi</strong></span> <span class='ocrx_word' id='word_1_748' title='bbox 322 5305 375 5348; x_wconf 86' lang='lat' dir='ltr'><strong>eur</strong></span> <span class='ocrx_word' id='word_1_749' title='bbox 400 5291 551 5348; x_wconf 85' lang='lat' dir='ltr'><strong>innocenti</strong></span> <span class='ocrx_word' id='word_1_750' title='bbox 584 5303 680 5364; x_wconf 89' lang='lat' dir='ltr'><strong>puero</strong></span> <span class='ocrx_word' id='word_1_751' title='bbox 709 5289 850 5344; x_wconf 88' lang='lat' dir='ltr'><strong>mentitus</strong></span> <span class='ocrx_word' id='word_1_752' title='bbox 878 5301 920 5357; x_wconf 88' lang='lat' dir='ltr'><strong>es,</strong></span> <span class='ocrx_word' id='word_1_753' title='bbox 977 5281 1385 5353; x_wconf 62' lang='lat' dir='ltr'><strong>coniuratoprogresslonisg</strong></span> <span class='ocrx_word' id='word_1_754' title='bbox 1401 5279 1495 5337; x_wconf 85' lang='lat' dir='ltr'><strong>ascita</strong></span> <span class='ocrx_word' id='word_1_755' title='bbox 1515 5279 1696 5352; x_wconf 71' lang='lat' dir='ltr'><strong>maurigena</strong></span> <span class='ocrx_word' id='word_1_756' title='bbox 1709 5277 1804 5338; x_wconf 89' lang='lat' dir='ltr'><strong>unde-</strong></span> 
     </span>
     <span class='ocr_line' id='line_1_59' title="bbox 83 5363 1804 5456; baseline -0.001 -18"><span class='ocrx_word' id='word_1_757' title='bbox 83 5381 170 5456; x_wconf 88' lang='lat' dir='ltr'><strong>qnod</strong></span> <span class='ocrx_word' id='word_1_758' title='bbox 187 5381 341 5437; x_wconf 87' lang='lat' dir='ltr'><strong>ultroneus</strong></span> <span class='ocrx_word' id='word_1_759' title='bbox 354 5381 528 5440; x_wconf 76' lang='lat' dir='ltr'><strong>Christiane</strong></span> <span class='ocrx_word' id='word_1_760' title='bbox 547 5377 762 5450; x_wconf 80' lang='lat' dir='ltr'><strong>conjurationis</strong></span> <span class='ocrx_word' id='word_1_761' title='bbox 777 5377 837 5432; x_wconf 85' lang='lat' dir='ltr'><strong>fide</strong></span> <span class='ocrx_word' id='word_1_762' title='bbox 851 5387 921 5449; x_wconf 90' lang='lat' dir='ltr'><strong>prc-</strong></span> <span class='ocrx_word' id='word_1_763' title='bbox 977 5381 1096 5442; x_wconf 74' lang='lat' dir='ltr'><strong>cunque</strong></span> <span class='ocrx_word' id='word_1_764' title='bbox 1111 5368 1207 5442; x_wconf 80' lang='lat' dir='ltr'><strong>potuit</strong></span> <span class='ocrx_word' id='word_1_765' title='bbox 1228 5381 1322 5425; x_wconf 67' lang='lat' dir='ltr'><strong>manu</strong></span> <span class='ocrx_word' id='word_1_766' title='bbox 1337 5363 1465 5436; x_wconf 59' lang='lat' dir='ltr'><strong>militm,</strong></span> <span class='ocrx_word' id='word_1_767' title='bbox 1479 5369 1560 5426; x_wconf 71' lang='lat' dir='ltr'><strong>tenti</strong></span> <span class='ocrx_word' id='word_1_768' title='bbox 1571 5377 1623 5426; x_wconf 57' lang='grc' dir='ltr'><strong>ιιι</strong></span> <span class='ocrx_word' id='word_1_769' title='bbox 1641 5369 1672 5426; x_wconf 79' lang='lat' dir='ltr'><strong>in</strong></span> <span class='ocrx_word' id='word_1_770' title='bbox 1691 5375 1804 5442; x_wconf 57' lang='lat' dir='ltr'><strong>pagum</strong></span> 
     </span>
     <span class='ocr_line' id='line_1_60' title="bbox 83 5453 1806 5542; baseline -0.002 -16"><span class='ocrx_word' id='word_1_771' title='bbox 83 5469 205 5526; x_wconf 86' lang='lat' dir='ltr'><strong>misisti.</strong></span> <span class='ocrx_word' id='word_1_772' title='bbox 222 5471 375 5542; x_wconf 81' lang='lat' dir='ltr'><strong>oporteret</strong></span> <span class='ocrx_word' id='word_1_773' title='bbox 396 5473 424 5525; x_wconf 89' lang='lat' dir='ltr'><strong>te</strong></span> <span class='ocrx_word' id='word_1_774' title='bbox 439 5483 532 5542; x_wconf 90' lang='lat' dir='ltr'><strong>quam</strong></span> <span class='ocrx_word' id='word_1_775' title='bbox 557 5465 720 5542; x_wconf 87' lang='lat' dir='ltr'><strong>promisisti</strong></span> <span class='ocrx_word' id='word_1_776' title='bbox 748 5479 867 5521; x_wconf 68' lang='lat' dir='ltr'><strong>seruare</strong></span> <span class='ocrx_word' id='word_1_777' title='bbox 886 5463 920 5518; x_wconf 85' lang='lat' dir='ltr'><strong>ri-</strong></span> <span class='ocrx_word' id='word_1_778' title='bbox 976 5457 1029 5530; x_wconf 90' lang='lat' dir='ltr'><strong>qui</strong></span> <span class='ocrx_word' id='word_1_779' title='bbox 1057 5456 1164 5513; x_wconf 86' lang='lat' dir='ltr'><strong>dicitur</strong></span> <span class='ocrx_word' id='word_1_780' title='bbox 1189 5455 1293 5524; x_wconf 83' lang='lat' dir='ltr'><strong>caleis,</strong></span> <span class='ocrx_word' id='word_1_781' title='bbox 1316 5457 1465 5531; x_wconf 73' lang='lat' dir='ltr'><strong>ttoepiiqtie</strong></span> <span class='ocrx_word' id='word_1_782' title='bbox 1490 5453 1630 5522; x_wconf 71' lang='lat' dir='ltr'><strong>infestare</strong></span> <span class='ocrx_word' id='word_1_783' title='bbox 1652 5463 1754 5528; x_wconf 67' lang='lat' dir='ltr'><strong>tientes</strong></span> <span class='ocrx_word' id='word_1_784' title='bbox 1777 5461 1806 5514; x_wconf 68' lang='lat' dir='ltr'><strong>lit</strong></span> 
     </span>
     <span class='ocr_line' id='line_1_61' title="bbox 82 5547 1806 5626; baseline -0.008 -11"><span class='ocrx_word' id='word_1_785' title='bbox 82 5559 158 5615; x_wconf 85' lang='lat' dir='ltr'><strong>dem</strong></span> <span class='ocrx_word' id='word_1_786' title='bbox 175 5557 312 5626; x_wconf 78' lang='lat' dir='ltr'><strong>illesam,</strong></span> <span class='ocrx_word' id='word_1_787' title='bbox 340 5563 368 5614; x_wconf 88' lang='grc' dir='ltr'><strong>ιι</strong></span> <span class='ocrx_word' id='word_1_788' title='bbox 392 5557 545 5614; x_wconf 89' lang='lat' dir='ltr'><strong>nullorum</strong></span> <span class='ocrx_word' id='word_1_789' title='bbox 576 5556 726 5612; x_wconf 85' lang='lat' dir='ltr'><strong>donorum</strong></span> <span class='ocrx_word' id='word_1_790' title='bbox 751 5567 875 5609; x_wconf 88' lang='lat' dir='ltr'><strong>munere</strong></span> <span class='ocrx_word' id='word_1_791' title='bbox 894 5555 923 5608; x_wconf 90' lang='lat' dir='ltr'><strong>at</strong></span> <span class='ocrx_word' id='word_1_792' title='bbox 977 5548 1090 5620; x_wconf 74' lang='lat' dir='ltr'><strong>predia</strong></span> <span class='ocrx_word' id='word_1_793' title='bbox 1105 5547 1261 5604; x_wconf 86' lang='lat' dir='ltr'><strong>incendiis.</strong></span> <span class='ocrx_word' id='word_1_794' title='bbox 1278 5551 1362 5618; x_wconf 86' lang='lat' dir='ltr'><strong>llugo</strong></span> <span class='ocrx_word' id='word_1_795' title='bbox 1378 5547 1477 5604; x_wconf 89' lang='lat' dir='ltr'><strong>eutem</strong></span> <span class='ocrx_word' id='word_1_796' title='bbox 1494 5547 1556 5604; x_wconf 87' lang='lat' dir='ltr'><strong>dux</strong></span> <span class='ocrx_word' id='word_1_797' title='bbox 1568 5547 1806 5618; x_wconf 80' lang='lat' dir='ltr'><strong>magnushujus-</strong></span> 
     </span>
     <span class='ocr_line' id='line_1_62' title="bbox 81 5635 1806 5716; baseline -0.009 -7"><span class='ocrx_word' id='word_1_798' title='bbox 81 5645 237 5709; x_wconf 74' lang='lat' dir='ltr'><strong>benefida</strong></span> <span class='ocrx_word' id='word_1_799' title='bbox 250 5649 398 5706; x_wconf 88' lang='lat' dir='ltr'><strong>exsecrari</strong></span> <span class='ocrx_word' id='word_1_800' title='bbox 418 5663 496 5706; x_wconf 83' lang='lat' dir='ltr'><strong>sam.</strong></span> <span class='ocrx_word' id='word_1_801' title='bbox 512 5641 708 5706; x_wconf 79' lang='lat' dir='ltr'><strong>Northmauri</strong></span> <span class='ocrx_word' id='word_1_802' title='bbox 731 5647 760 5702; x_wconf 88' lang='lat' dir='ltr'><strong>et</strong></span> <span class='ocrx_word' id='word_1_803' title='bbox 786 5643 918 5705; x_wconf 74' lang='lat' dir='ltr'><strong>tritones</strong></span> <span class='ocrx_word' id='word_1_804' title='bbox 976 5637 1094 5696; x_wconf 73' lang='lat' dir='ltr'><strong>osmod</strong></span> <span class='ocrx_word' id='word_1_805' title='bbox 1108 5637 1311 5716; x_wconf 81' lang='lat' dir='ltr'><strong>conjuratione</strong></span> <span class='ocrx_word' id='word_1_806' title='bbox 1326 5637 1452 5708; x_wconf 84' lang='lat' dir='ltr'><strong>illectus,</strong></span> <span class='ocrx_word' id='word_1_807' title='bbox 1464 5638 1616 5714; x_wconf 87' lang='lat' dir='ltr'><strong>proiectus</strong></span> <span class='ocrx_word' id='word_1_808' title='bbox 1638 5641 1683 5693; x_wconf 88' lang='lat' dir='ltr'><strong>est</strong></span> <span class='ocrx_word' id='word_1_809' title='bbox 1697 5635 1736 5692; x_wconf 85' lang='lat' dir='ltr'><strong>ah</strong></span> <span class='ocrx_word' id='word_1_810' title='bbox 1751 5635 1806 5694; x_wconf 82' lang='lat' dir='ltr'><strong>Ba-</strong></span> 
     </span>
    </p>
   </div>
   <div class='ocr_carea' id='block_1_3' title="bbox 0 0 2010 6180">
    <p class='ocr_par' dir='ltr' id='par_1_4' title="bbox 0 0 2010 6180">
     <span class='ocr_line' id='line_1_63' title="bbox 0 0 2010 6180; baseline 0 0"><span class='ocrx_word' id='word_1_811' title='bbox 0 0 2010 6180; x_wconf 95' lang='lat' dir='ltr'><strong> </strong></span> 
     </span>
    </p>
   </div>
  </div>
 </body>
</html>
