3984 6182
191 206 246 264 m
786 198 937 257 nonnam
955 196 1063 262 REGIS
1078 199 1301 264 mucosus.
1872 197 1924 256 126

190 327 343 396 manibus,
357 325 410 400 qui
421 323 541 388 temam
556 324 733 386 charitatem
740 324 773 382 iu
782 322 1018 390 moribusouod
1032 321 1179 389 aiterum
1193 327 1340 397 dochina,
1355 341 1450 402 quam
1459 324 1626 398 assumpsit
1637 338 1675 384 ex
1686 321 1778 382 dictis
1797 323 1924 380 sancto.

190 417 344 474 admirans
358 417 386 470 et
406 415 501 474 Deum
525 413 717 488 hymnisonis
743 414 868 472 vocibus
895 412 1019 474 laudare
1073 425 1142 470 rum
1154 415 1286 474 Petrum.

190 505 325 580 cupiens,
340 501 524 561 omnimodis
538 503 621 562 illum
635 503 786 577 prohibet,
800 508 833 562 ut
847 501 1019 573 ejactantia
1108 502 1179 567 Quis
1192 507 1293 561 autem
1306 504 1333 562 ei
1348 521 1415 560 mos
1431 503 1520 562 fuerit
1533 502 1643 560 dandae
1656 499 1880 570 eleemosynae
1895 496 1923 552 iu

189 589 324 670 superba
339 591 447 650 mentis
461 607 500 650 ex
511 595 572 649 toto
587 608 618 650 sc
633 592 775 660 liberans,
805 591 856 648 Dei
878 591 909 648 in
924 589 1020 647 omni·
1073 589 1119 646 sui
1130 592 1215 662 regni
1230 593 1353 650 sedibus
1363 608 1426 649 nou
1440 590 1699 667 praetermittimus.
1727 593 1764 646 ln
1784 587 1924 644 Parisios

187 680 245 738 bus
260 678 435 741 collaudans
448 681 588 740 virtutem
602 681 713 739 diceret
737 697 807 740 cum
822 679 914 738 David
931 697 937 736 :
953 681 1018 752 Epo
1072 677 1198 751 civitate,
1213 681 1397 750 Silvanectis,
1413 680 1590 748 Aurelianis,
1607 677 1738 748 Divioue,
1766 675 1925 736 antisse

187 785 252 828 erun
267 770 375 828 vermis
390 775 418 827 et
432 786 492 828 aea
504 770 600 840 bomo,
622 773 798 844 opprobium
814 772 967 830 bominum
991 775 1019 828 et
1072 766 1155 838 dore,
1169 769 1310 842 avalone,
1326 770 1493 838 lleloduno,
1509 767 1650 842 stampis,
1673 765 1704 822 in
1718 781 1923 840 unaquaque

188 859 313 932 abjectio
328 859 604 934 plebistPrut,xx1,
620 866 658 928 7).
676 865 710 918 Et
723 861 830 922 iterum
847 877 853 916 :
870 861 1020 921 1101111111-
1071 856 1180 918 harum
1196 858 1277 928 sede,
1294 859 1441 929 trecentis
1457 858 1514 926 vel,
1531 856 1614 932 quod
1628 860 1674 914 est
1689 855 1813 926 verina,
1843 853 1922 910 mille

189 955 236 1008 tur
250 965 316 1010 sum
328 965 546 1024 usquequaque,
559 953 685 1010 Domine
694 967 706 1022 ,·
718 951 836 1021 vivifica
854 966 900 1010 me
913 967 1018 1011 secun·
1072 948 1257 1020 pauperibus
1272 949 1402 1006 dabatur
1414 947 1502 1022 panis
1517 952 1546 1004 et
1566 945 1629 1004 viui
1655 943 1874 1010 abundantia,
1898 949 1924 998 et

189 1038 260 1096 dum
276 1039 396 1097 verbmu
408 1046 492 1096 tuum
507 1041 602 1114 (Prot.
618 1055 715 1110 ravin,
731 1040 802 1112 lbi).
1071 1037 1130 1094 boc
1143 1037 1301 1110 specialius
1316 1038 1382 1111 ipso
1398 1053 1460 1112 quo
1483 1036 1523 1096 ad
1549 1037 1644 1092 Deum
1671 1034 1798 1093 transiit
1828 1049 1922 1102 anuo,

225 1127 363 1198 Legimus
377 1127 409 1186 iu
423 1127 533 1186 divinis
560 1128 767 1188 voluminibus
796 1129 879 1202 quod
907 1129 1019 1186 seruire
1072 1126 1180 1199 quiesi
1191 1127 1405 1184 incarnationis
1421 1125 1581 1184 Dominicis
1594 1123 1798 1186 millessimus
1810 1123 1923 1180 tricesi-

188 1217 248 1274 Deo
263 1231 391 1288 rapuere
403 1223 456 1276 est.
472 1217 559 1284 Quod
571 1233 626 1294 pro
640 1223 718 1275 certo
743 1218 882 1289 cognovit
895 1217 947 1294 qui
967 1218 1019 1275 ad·
1072 1233 1141 1274 mus
1156 1217 1316 1278 secundus.
1330 1219 1437 1274 Praeter
1451 1217 1527 1286 hee,
1554 1231 1615 1288 quo
1639 1214 1702 1271 ibat
1728 1213 1881 1288 quotidie
1893 1213 1920 1268 in

188 1305 314 1378 monuit,
330 1306 432 1364 diceus
449 1326 456 1364 :
471 1307 586 1368 servire
598 1310 725 1365 Domino
739 1309 770 1364 in
794 1310 898 1365 timore
922 1308 1017 1380 (Prot.
1073 1310 1177 1364 sancta
1191 1305 1430 1378 Quadragesima
1441 1321 1456 1362 c
1469 1309 1521 1362 aut
1533 1321 1565 1361 cc
1578 1302 1704 1376 jubebat
1718 1303 1918 1378 pauperibus

187 1410 218 1462 u,
231 1394 285 1470 11].
304 1395 390 1462 Quod
406 1396 507 1470 utique
522 1397 576 1454 iste
591 1401 702 1466 noster,
721 1396 759 1454 de
779 1413 840 1470 quo
855 1396 1017 1470 loquimur,
1072 1396 1137 1454 dari
1146 1413 1268 1470 panem,
1283 1396 1411 1472 piscium
1425 1400 1454 1452 et
1469 1395 1531 1453 vini
1548 1394 1669 1452 cibaria.
1696 1398 1729 1450 tn
1742 1393 1799 1450 die
1817 1397 1919 1450 autem

187 1482 354 1542 virbeatus
369 1484 543 1558 adimplevit
557 1503 612 1560 pro
637 1502 725 1559 posse
749 1491 777 1545 et
791 1485 874 1542 velle.
896 1489 928 1544 Et
944 1486 1019 1544 sicut
1073 1486 1168 1540 Coenae
1183 1485 1312 1554 Domini,
1325 1501 1388 1542 non
1403 1483 1572 1543 videntibus
1595 1481 1790 1552 incredibile,
1815 1481 1918 1538 videu-

187 1573 301 1642 Moyses
316 1572 367 1632 Dei
382 1572 524 1644 famulus,
538 1575 677 1647 precibus
700 1574 896 1642 humillimus,
924 1574 1018 1636 mani·
1072 1573 1151 1632 tibus
1166 1590 1237 1630 vero
1252 1581 1281 1636 et
1293 1573 1491 1631 servientibus
1506 1573 1537 1630 iu
1557 1571 1606 1630 tali
1621 1571 1743 1642 negotio
1760 1571 1844 1628 satis
1871 1569 1917 1626 ad-

187 1660 384 1724 ausarensis
399 1665 561 1736 prostravit
574 1663 735 1730 Amalech;
762 1663 805 1724 ita
828 1668 856 1718 et
868 1663 916 1722 hic
931 1678 1018 1720 verus
1034 1679 1055 1733 g
1073 1663 1219 1731 mirabile,
1236 1681 1306 1724 cum
1320 1679 1383 1720 non
1404 1663 1505 1720 miuus
1519 1678 1613 1736 quam
1632 1659 1757 1718 trecenti
1784 1661 1858 1734 ipsa
1872 1659 1915 1716 die

187 1749 238 1806 Dei
252 1749 381 1820 amicus,
400 1751 461 1810 suis
475 1750 599 1808 devictis
626 1751 763 1812 hostibus
791 1752 898 1808 virtute
923 1751 1018 1807 sancti
1073 1769 1129 1810 sua
1141 1753 1330 1826 providentia
1352 1751 1536 1823 congregati,
1553 1750 1590 1808 de
1611 1751 1676 1822 ejus
1691 1753 1807 1810 sancta
1823 1764 1915 1806 mauu

188 1837 322 1916 Spiritus,
339 1855 457 1918 semper
472 1842 567 1900 Deum
579 1839 687 1902 hahuit
700 1840 879 1912 adjutorem,
909 1840 1019 1918 quiesi
1071 1841 1149 1900 flexo
1164 1842 1276 1917 poplite
1296 1842 1326 1899 iu
1340 1847 1460 1909 terram,
1473 1839 1683 1914 unusquisque
1695 1839 1862 1910 legumen,
1877 1839 1914 1912 pi-

187 1927 429 1990 suusomnium.
443 1929 662 2004 Resplendebat
676 1929 789 2008 aruppe
812 1929 843 1988 in
869 1946 905 1987 eo
924 1929 1018 1987 animi
1072 1947 1163 1998 soem,
1178 1947 1300 2004 panem,
1316 1930 1475 1990 denarium
1490 1944 1586 1986 unum
1603 1927 1746 1986 sumebat
1761 1927 1796 1984 in
1818 1927 1913 1984 maui-

186 2017 326 2086 dulced0,
342 2034 404 2092 qua
419 2035 542 2078 omnem
567 2018 624 2076 sibi
648 2018 828 2080 conciliabat
851 2019 1015 2080 homiuem.
1071 2019 1138 2075 bus.
1167 2022 1201 2076 Et
1224 2020 1281 2080 hoc
1310 2020 1385 2078 hora
1403 2017 1463 2075 diei
1484 2017 1579 2076 tortia.
1600 2019 1678 2074 liora
1692 2016 1806 2078 itidem
1821 2021 1909 2074 serm.

188 2107 293 2168 Eratei
308 2107 456 2180 sapientia
469 2107 617 2176 salutaris,
633 2124 695 2182 qua
720 2108 925 2170 delectabatur
947 2125 1017 2166 cum
1072 2108 1177 2166 Itidem
1205 2114 1326 2168 centum
1355 2107 1468 2165 clericis
1493 2107 1679 2186 pauperihus
1708 2105 1910 2182 praebenbam

187 2195 261 2252 suis.
283 2196 414 2256 Docebat
439 2197 592 2272 quosdam
618 2196 650 2255 iu
676 2195 863 2266 lectionibus,
892 2196 966 2254 alios
986 2197 1017 2254 in
1071 2197 1170 2269 punis,
1186 2197 1317 2272 piscis,et
1331 2195 1590 2256 viniconcedebat
1602 2214 1609 2264 ;
1621 2193 1789 2254 duodecim
1805 2211 1908 2252 unum-

186 2283 308 2360 hymnis
323 2289 351 2342 et
364 2284 519 2358 laudibus,
531 2290 560 2342 et
573 2286 613 2342 ad
626 2285 696 2344 talia
712 2301 830 2359 semper
845 2286 1016 2359 exhortans,
1071 2302 1223 2362 quemque
1238 2287 1391 2347 honorans
1403 2285 1547 2353 denariis,
1562 2285 1652 2342 corde
1668 2289 1696 2342 et
1716 2301 1771 2342 ore
1799 2283 1908 2342 Davidi-

187 2388 279 2430 omne
304 2373 471 2434 secuudum
492 2374 663 2449 apostolum
687 2373 828 2438 omnibus
854 2374 955 2446 tiebat,
986 2380 1018 2432 ut
1071 2391 1122 2432 cos
1138 2391 1257 2450 semper
1271 2376 1436 2434 decantaus
1450 2375 1906 2448 psalmosrostmensamvero

187 2461 301 2522 cunctis
314 2461 499 2522 lucrifaceret
513 2465 541 2536 (Ι
549 2465 617 2522 Cor.
632 2465 672 2530 ix,
689 2465 745 2535 11).
773 2466 919 2522 Ceterum
933 2464 1017 2538 quod
1070 2480 1245 2540 praeparans
1261 2481 1292 2522 se
1307 2465 1347 2526 ad
1360 2465 1412 2522 Dei
1426 2464 1580 2522 servitium
1594 2479 1647 2522 rex
1665 2463 1794 2520 humilis
1818 2481 1905 2538 poue·

186 2550 343 2626 pontifices
357 2550 414 2628 ipsi
429 2552 614 2626 abbatesque
625 2551 721 2610 tacere
740 2551 932 2626 pigritabant,
943 2567 1017 2626 quo·
1070 2554 1123 2612 bat
1150 2555 1328 2614 vestimenta
1349 2570 1414 2626 sua,
1436 2553 1559 2615 indutus
1583 2553 1623 2612 ad
1655 2568 1784 2612 carnem
1804 2553 1903 2618 cilicio,

187 2656 255 2698 rum
280 2645 326 2702 est
349 2645 480 2704 errantes
505 2642 652 2714 corrigere
679 2645 708 2698 et
743 2642 840 2703 bonos
879 2658 1018 2718 quosque
1071 2644 1275 2717 adjunctoque
1290 2642 1468 2700 clericorum
1478 2642 1603 2714 collegio
1617 2647 1740 2705 centum
1750 2642 1904 2714 sexaginta

186 2732 325 2808 exempto
339 2749 394 2792 suo
410 2731 587 2791 admeliora
600 2747 775 2804 provocare,
790 2732 954 2806 ipseverus
967 2732 1018 2790 Dei
1071 2738 1102 2796 et
1127 2749 1163 2790 eo
1191 2732 1322 2806 amplius
1349 2747 1487 2802 numero,
1517 2731 1557 2815 ad
1583 2730 1758 2804 exemplum
1793 2731 1903 2790 Domini

186 2821 302 2882 amictu
316 2820 467 2888 audenau
493 2820 531 2877 de
547 2823 633 2892 cujus
648 2820 746 2878 cordis
761 2820 900 2882 thesauro
916 2835 1018 2896 proee-
1070 2838 1177 2880 corum
1192 2822 1285 2896 pedes
1299 2821 1404 2888 lavans
1420 2821 1537 2896 capillis
1556 2821 1663 2898 capitis
1686 2822 1734 2878 sui
1760 2819 1900 2893 tergebat,

186 2908 280 2968 debat
299 2925 359 2968 vox
382 2907 586 2968 exstdmtionis
612 2913 641 2965 et
658 2907 772 2978 salutis,
793 2924 855 2984 qua
878 2907 1018 2972 delectari
1070 2912 1148 2975 etad
1163 2911 1343 2978 mandatum
1357 2911 1475 2973 Domini
1491 2911 1626 2984 singulas
1654 2926 1762 2969 eorum
1786 2909 1901 2966 duobus

187 2996 339 3068 gaudebat
352 3013 422 3056 cum
436 2997 579 3070 omnibus
605 2997 726 3065 sanctis,
749 2997 916 3056 secundum
939 3001 1053 3088 Apo-C
1070 3000 1175 3057 solidis
1211 3016 1421 3070 remunerans,
1450 2999 1529 3058 ciero
1555 3003 1703 3074 praesepta
1730 3004 1759 3057 et
1778 2999 1898 3057 diacono

187 3085 298 3147 stolum
311 3103 433 3146 omnem
459 3103 546 3147 suam
574 3086 777 3162 crucifigendo
806 3104 876 3145 cum
898 3087 976 3149 vitiis
989 3093 1019 3150 et
1071 3093 1197 3160 astante,
1211 3088 1434 3164 quilectionem
1448 3089 1738 3161 legeretsecuudum
1757 3089 1897 3146 ioannem

186 3177 435 3252 concupiscentits
446 3178 553 3240 mundi
565 3179 655 3252 hujus
670 3179 750 3250 (Gal.
765 3195 794 3249 v,
810 3179 868 3250 24),
889 3179 1016 3240 delecta·
1069 3179 1100 3235 in
1114 3183 1206 3238 Coena
1217 3177 1335 3236 Domini
1347 3179 1460 3239 dictam
1482 3183 1511 3236 et
1524 3177 1646 3248 iactam
1670 3177 1790 3236 Talibus
1815 3177 1892 3232 facus

184 3265 245 3324 hile
270 3282 391 3342 semper
416 3267 560 3330 divinitati
587 3268 720 3340 seipsum
743 3283 921 3344 preparans
945 3271 1016 3328 tem·
1068 3267 1239 3345 occupabat
1253 3284 1284 3324 se
1299 3285 1352 3327 res
1364 3268 1477 3332 meritis
1501 3267 1660 3340 gloriosus,
1691 3267 1758 3324 loca
1785 3269 1894 3322 sancto-

184 3355 280 3429 plum.
295 3357 341 3418 ed
354 3356 491 3420 divinum
518 3356 651 3418 officium
675 3356 804 3435 primus,
831 3357 871 3414 ad
890 3355 1015 3416 laudan·
1066 3373 1136 3413 rum
1148 3356 1360 3432 perlustrando
1375 3363 1436 3416 toto
1448 3357 1496 3422 die
1512 3360 1616 3417 sancto
1632 3359 1790 3414 Parasceve
1798 3359 1824 3410 et
1833 3371 1891 3408 eru-

184 3443 259 3502 dum
275 3447 368 3504 Deum
382 3445 513 3502 sedulus.
540 3448 725 3520 Quocunque
747 3444 787 3504 illi
803 3448 865 3504 erat
880 3444 1014 3503 eundum
1068 3461 1134 3504 cem
1145 3445 1263 3508 Domini
1275 3447 1432 3506 adorando
1449 3446 1590 3518 usquein
1605 3445 1706 3518 vigilia
1726 3448 1829 3501 sauctae
1842 3445 1890 3498 lle-

185 3532 411 3604 praeparabatur
426 3532 607 3600 vehiculum,
633 3533 717 3607 quod
730 3532 901 3604 deportaret
923 3531 1014 3591 divini
1069 3533 1270 3604 surrectionis,
1287 3535 1317 3592 in
1332 3550 1394 3613 qua
1406 3533 1583 3592 assumebat
1605 3534 1703 3590 statim
1716 3529 1883 3588 saeuiturum

184 3618 339 3678 ministerii
353 3620 522 3679 tentorium.
540 3622 604 3686 Duo
619 3620 650 3678 in
665 3625 775 3682 terram
789 3619 860 3688 fixo,
884 3619 1016 3693 depone-
1066 3622 1175 3690 laudis,
1191 3639 1259 3696 quae
1274 3639 1336 3680 non
1351 3623 1444 3680 defuit
1459 3623 1498 3680 ab
1508 3624 1574 3695 ejus
1584 3639 1637 3680 ore
1650 3624 1682 3680 in
1694 3619 1822 3678 omuibus
1832 3633 1881 3672 sae-

184 3705 347 3764 banturibi
362 3709 476 3778 sancta,
492 3707 610 3781 utquia
625 3706 1012 3774 secundumPsalmistam:
1067 3710 1151 3768 culis.
1170 3711 1217 3768 llis
1230 3717 1258 3768 et
1270 3711 1481 3785 hujuscemodi
1500 3712 1643 3769 virtutum
1669 3710 1775 3768 meritis
1796 3707 1884 3764 hono

184 3797 305 3854 Domini
318 3802 360 3858 est
373 3801 457 3854 terru
471 3801 499 3854 et
513 3796 669 3867 plenitudo
684 3798 760 3868 ejus,
771 3797 851 3854 orbis
863 3801 1013 3856 terrorum
1067 3816 1196 3872 rumque
1219 3817 1346 3874 operum
1371 3799 1607 3858 exhibitionibus
1633 3800 1779 3871 gloriosus
1792 3801 1819 3854 et
1830 3799 1887 3852 toto

184 3890 212 3942 et
224 3887 357 3942 unicust
370 3887 421 3956 qui
435 3885 662 3942 habitantium
678 3885 770 3958 (Prot.
786 3901 869 3956 mu,
887 3887 924 3958 l),
942 3903 1013 3960 pro·
1066 3889 1140 3948 orbe
1148 3889 1359 3963 praedicandus
1368 3890 1526 3948 Rotbertus
1534 3906 1587 3946 rex
1595 3906 1626 3946 se
1636 3888 1804 3948 mirabilem
1811 3899 1887 3942 muu-

183 3973 267 4036 deret
282 3990 314 4030 se
328 3973 473 4035 devotum
487 3973 646 4044 famulum,
668 3973 777 4048 quovis
805 3973 836 4030 in
860 3973 928 4032 loco
954 3979 1013 4033 Deo
1066 3978 1106 4036 do
1122 3977 1259 4051 prebuit,
1274 3979 1388 4035 cunctis
1403 3978 1531 4053 posteris
1544 3978 1719 4036 imitabilem
1732 3974 1887 4050 dereliquit.

182 4061 307 4122 devotas
321 4063 490 4138 persolvere
503 4062 720 4123 laudes.Erant
733 4061 884 4120 enimfixa
899 4063 1013 4122 etbene
1103 4069 1153 4124 llic
1176 4072 1277 4124 autem
1303 4071 1372 4139 post
1397 4069 1492 4123 Deum
1517 4067 1653 4142 specialis
1673 4067 1769 4140 gloria
1782 4079 1886 4136 regum,

182 4147 316 4222 plantata
341 4149 372 4209 in
398 4151 488 4208 corde
510 4151 744 4218 mansuetissimi
768 4156 797 4208 et
820 4154 914 4208 Deum
935 4150 1012 4208 bene
1065 4173 1120 4230 pro
1133 4161 1250 4217 sacrato
1265 4161 1438 4232 sanctorum
1453 4157 1888 4232 apostolorumnumero,quos

183 4235 312 4298 amantis
324 4238 402 4308 regis
416 4238 580 4296 beatissimi
599 4240 718 4296 Antonii
742 4239 858 4297 verba:
881 4262 894 4290 u
910 4241 1012 4296 Jesum
1066 4261 1187 4318 semper
1202 4244 1326 4306 amabat
1346 4245 1436 4303 corde
1449 4246 1581 4318 benigno
1593 4251 1623 4304 et
1637 4261 1769 4321 quorum
1794 4241 1889 4300 solem·

183 4323 332 4388 Chrtslum
347 4341 466 4398 sempor
477 4325 654 4394 desiderata,
682 4327 754 4402 quia
779 4327 810 4384 in
835 4327 919 4384 omni
942 4327 1012 4383 sede
1030 4380 1050 4434 D
1065 4350 1118 4390 nes
1133 4333 1303 4392 festivitates
1317 4335 1419 4392 votivo
1434 4334 1636 4408 praeveniebat
1642 4333 1772 4408 jejunio,
1791 4333 1828 4390 ad
1841 4333 1887 4386 ho·

183 4415 329 4478 bublum
344 4413 503 4474 constituta
518 4419 589 4471 sunt
610 4431 704 4487 regna
728 4416 884 4474 coelorum.
902 4439 915 4466 a
941 4418 1012 4473 San·
1065 4439 1133 4480 rum
1148 4422 1321 4496 exemplum
1337 4423 1498 4482 duodecim
1513 4441 1661 4499 pauperes
1684 4441 1788 4481 secum
1809 4422 1890 4478 duce·

182 4507 244 4569 ctas
256 4507 360 4568 noctes
372 4503 431 4570 buu
447 4509 491 4565 est
505 4505 666 4570 nativitatis
686 4505 815 4577 Domini,
840 4507 935 4564 sancti
957 4509 1010 4563 Pa·
1064 4512 1127 4582 hat,
1140 4527 1218 4584 quos
1233 4512 1392 4585 specialius
1420 4513 1572 4586 diligebat.
1600 4513 1715 4582 Quibus
1747 4515 1810 4588 ipse
1834 4515 1889 4568 erat

182 4592 262 4654 seha
276 4595 512 4661 cruentemus,
533 4593 575 4653 sic
599 4597 675 4652 totas
702 4594 832 4652 ducebat
856 4595 1010 4652 insomnes
1065 4617 1133 4659 vera
1147 4601 1265 4678 requies
1278 4606 1347 4675 post
1360 4602 1491 4660 labores.
1506 4607 1580 4660 Nam
1600 4603 1646 4660 his
1661 4603 1776 4660 sanctis
1787 4617 1888 4678 paupe
1967 4591 1968 4611 ¹

182 4698 279 4755 usque
293 4682 334 4742 ad
348 4698 503 4746 summum
518 4697 607 4746 mane
622 4687 656 4740 ut
668 4699 724 4744 nec
737 4683 845 4740 sedens
860 4683 909 4740 vel
928 4689 1010 4740 stans
1063 4689 1147 4746 ribus
1163 4705 1344 4764 comparans
1355 4690 1533 4748 fortissimos
1545 4692 1699 4749 asinorum
1709 4691 1821 4766 pullos,
1829 4693 1887 4746 aute

182 4787 325 4836 somnum
339 4777 470 4847 caperet,
484 4770 581 4832 donec
595 4788 690 4852 quam
705 4772 900 4847 exspectabat
918 4778 947 4831 et
961 4773 1010 4830 de·
1063 4795 1104 4850 se,
1118 4777 1290 4854 ubicunque
1304 4781 1458 4852 pergebat,
1472 4781 1618 4851 laetantes,
1648 4785 1743 4840 Deum
1774 4781 1889 4840 laudan-

181 4860 332 4924 sidarabat
347 4861 532 4926 salutiferam
548 4862 682 4936 corporis
696 4867 725 4920 et
739 4861 895 4933 sanguinis
911 4864 1009 4924 Domi·
1064 4872 1106 4924 tes
1119 4866 1294 4927 etanimam
1320 4884 1408 4926 suam
1434 4869 1645 4927 benedicentes
1675 4871 1834 4944 dirigebat.
1862 4871 1886 4922 lu
1966 4917 1967 4944 ,

179 4949 211 5008 ni
238 4951 332 5010 nostri
357 4953 427 5010 iesu
450 4951 556 5012 Christi
577 4952 801 5027 perceptionem
834 4951 1007 5026 perciperet.
1062 4957 1249 5030 bisnemque
1268 4963 1296 5014 et
1321 4957 1387 5016 aliis
1411 4958 1683 5027 innumerabilibus
1710 4959 1887 5036 pauperibus

179 5038 307 5100 Probata
320 5040 408 5124 daeo
423 5040 541 5100 resista
565 5044 594 5097 et
613 5041 644 5098 in
671 5041 754 5098 omni
781 5040 889 5098 saeculo
916 5043 1009 5098 mani-
1061 5044 1233 5104 recreandis
1263 5063 1422 5122 nunquam
1443 5048 1550 5106 habuit
1573 5049 1663 5125 nolle,
1691 5049 1747 5108 sed
1779 5061 1886 5122 semper

179 5125 294 5190 testata
311 5127 501 5192 Solemnitata
515 5146 586 5190 vero
601 5129 762 5191 nativitatis
778 5131 873 5188 sancti
886 5131 1009 5187 ioannis
1061 5134 1145 5191 vebo.
1172 5134 1316 5192 llorituris
1342 5135 1389 5192 bis
1413 5135 1494 5196 tortis
1522 5142 1586 5196 erat
1609 5138 1755 5211 provisio,
1778 5135 1885 5213 nequis

181 5217 327 5288 Baptista,
342 5218 421 5276 bane
435 5235 530 5296 quam
544 5220 575 5278 iu
589 5219 742 5280 nativitate
758 5219 877 5278 Domini
890 5221 1010 5280 tenebat
1061 5223 1292 5281 minuereturde
1304 5241 1442 5302 pumero,
1458 5229 1581 5301 eratque
1596 5227 1638 5294 eis
1664 5227 1805 5298 vivorum
1828 5241 1884 5281 sue·

179 5305 427 5367 consuetudinem
441 5313 474 5370 ut
487 5312 555 5381 post
568 5307 775 5372 laudationem
792 5308 918 5376 Domini,
939 5326 1008 5383 quea
1061 5311 1155 5374 cessio
1171 5317 1200 5370 et
1214 5313 1296 5390 apud
1313 5317 1406 5385 Deum
1418 5315 1492 5374 tanti
1506 5332 1586 5388 regis
1607 5315 1730 5373 oblatio.
1756 5316 1818 5373 Hoc
1832 5319 1882 5370 stu-

180 5393 395 5468 estiubymno
409 5397 447 5454 Tc
462 5399 554 5456 Deum
570 5398 741 5466 laudamus,
763 5397 857 5454 missa
879 5399 1008 5455 celebra·
1061 5401 1157 5470 dium,
1182 5403 1245 5459 hee
1269 5403 1333 5474 ejus
1363 5421 1481 5478 semper
1508 5405 1562 5462 luit
1584 5405 1667 5464 bona
1682 5404 1828 5472 voluntas,
1843 5401 1883 5458 cui

178 5487 259 5540 retur
273 5481 471 5557 devotaque
486 5485 596 5541 sanctis
611 5489 656 5542 est
674 5483 758 5542 libris
773 5490 948 5559 praenotata,
975 5485 1008 5541 in
1061 5506 1180 5565 semper
1203 5492 1380 5562 adhaeserat,
1409 5494 1636 5569 participatione
1665 5496 1777 5552 summi
1800 5491 1882 5553 boni;

178 5572 277 5648 primo
291 5588 391 5634 manc.
406 5574 466 5630 lloc
481 5578 585 5631 sancta
597 5575 749 5635 constituit
761 5575 921 5637 auctoritas
943 5577 1009 5631 Gre-
1060 5595 1132 5636 vera
1146 5579 1275 5650 bonitas,
1292 5580 1320 5637 in
1334 5597 1396 5656 qua
1424 5581 1608 5640 clarissimus
1633 5583 1818 5641 versificator
1842 5579 1881 5635 his

179 5661 409 5736 fluriiilagniet
425 5661 555 5730 abomm
578 5664 610 5724 in
637 5665 749 5747 missa;
775 5663 916 5728 Amalarii
938 5681 1006 5722 vero
1061 5668 1199 5726 versibus
1213 5669 1456 5730 estdelectatus:
