3996 6186
112 199 165 255 css
436 205 480 258 oa
499 171 616 260 ossus
633 202 849 262 nonninus
869 193 987 260 aurbu
1005 203 1097 261 trust
1117 207 1215 274 rans,
1238 207 1302 264 ua.
1326 205 1360 262 ιι.
1382 205 1506 262 sonno.
1771 206 1823 262 eac

11 319 13 330 ’
110 321 174 378 Huc
188 337 296 394 precor
311 324 420 398 aspira,
436 325 518 382 iusas
533 341 603 400 spes
618 333 708 401 atque
721 327 857 398 refunde,
957 328 1138 386 Arirtutunr
1153 331 1275 387 cumulo
1289 325 1822 408 praecellentissimus.Daiunctovero

146 415 239 467 antra
251 413 311 468 mei
326 413 437 471 sensim
449 415 576 488 pectoris
591 417 748 475 irradians.
995 417 1055 487 illo,
1082 420 1308 493 superstiterunt
1334 421 1396 476 duo
1410 417 1461 474 iiiii
1476 418 1553 488 ejus,
1581 417 1672 472 armis
1698 417 1820 486 strenui,

109 502 243 571 Tangere
256 515 318 574 quo
332 504 448 575 possim
471 509 560 562 ιιιιιιι
578 512 646 563 ante
671 507 828 564 cacumine
842 505 939 574 molis,
994 506 1080 564 bellis
1107 509 1213 582 edocti,
1242 527 1367 585 corpore
1396 507 1601 584 pulcherrimi,
1636 506 1822 564 animositate

146 592 325 662 intemptata
339 592 416 664 stylo
431 607 553 664 surgere
567 593 713 667 largitlua.
993 595 1204 654 robustissimi.
1236 601 1368 666 Quorum
1395 613 1465 654 vero
1492 595 1591 666 major
1620 601 1692 650 natu
1717 597 1821 662 Rusio,

107 678 252 734 Prosaico
266 678 394 737 referam
408 683 537 740 breviter
550 699 740 758 quaecunque
753 685 858 750 relatu,
995 683 1152 742 altercare
1173 689 1275 759 junior
1290 691 1380 744 Grais
1400 690 1602 759 nuncupatur.
1628 685 1710 749 Quos
1730 683 1823 754 regali

144 770 183 824 Ta
198 768 347 836 collatore,
368 775 395 828 ιι
410 771 497 843 duce,
513 777 541 829 te
556 774 677 831 artifice.
991 773 1127 844 jussione
1143 776 1281 850 descripti
1295 777 1420 849 juvenes
1431 776 1468 832 ad
1478 773 1757 830 exterminationem
1772 787 1823 842 ag-

145 859 220 913 Gum
247 873 379 931 superna
419 860 535 917 Deifioae
568 863 714 920 Trinitatis
743 861 938 936 providentia,
994 863 1171 934 gradientes,
1188 881 1326 938 genuque
1339 865 1427 935 flexo,
1443 863 1586 935 vultuque
1602 861 1766 932 submisso,
1778 865 1822 917 at-

107 943 197 1016 cujus
212 951 287 1003 nutu
308 948 423 1006 variata
436 950 620 1008 volventium
645 958 816 1024 temporum
831 949 941 1008 vicissi-
992 965 1052 1022 que
1067 949 1172 1008 humili
1197 970 1269 1010 vocs
1283 953 1392 1009 obnixe
1403 956 1570 1026 poscentes,
1596 949 1735 1023 inquiunt
1746 964 1820 1006 una-

108 1032 213 1088 tudinc
237 1033 422 1093 alternantur
436 1038 549 1106 omnis,
572 1045 705 1096 cerneret
717 1039 876 1095 clementer
890 1041 939 1094 Eo-
991 1039 1088 1094 nimcs
1102 1057 1108 1095 :

106 1118 232 1178 alesiam
247 1129 351 1181 saneto
364 1125 510 1196 sanguine
524 1126 725 1201 redemptam,
736 1129 873 1201 sacrique
886 1127 939 1183 ba·
1027 1151 1040 1178 u
1068 1130 1151 1185 Ferte
1177 1129 1264 1186 nobis
1293 1129 1447 1194 auxilium,
1477 1126 1630 1183 subuenite
1666 1126 1754 1183 nobis
1788 1125 1819 1182 in

106 1209 256 1282 ptismatis
270 1212 356 1272 latice
378 1215 529 1287 profusius
551 1218 753 1286 emendatam,
769 1216 886 1290 oleique
909 1220 938 1273 et
991 1215 1192 1287 adjutorium:
1215 1218 1272 1273 sub
1287 1217 1379 1274 tutela
1395 1221 1498 1274 ιιιιιιι
1513 1216 1703 1288 protectionis
1721 1229 1820 1271 mora·

107 1298 278 1358 chrismatis
305 1301 420 1377 liquore
450 1304 605 1374 insigniter
628 1306 805 1376 delibutam,
833 1321 937 1378 supra·
989 1303 1100 1375 bimur,
1129 1310 1323 1380 vestrumque
1350 1306 1503 1362 servitium
1530 1303 1712 1360 incessanter
1733 1303 1819 1359 lacie-

107 1386 224 1460 scriptis
238 1389 369 1448 breviter
378 1392 499 1450 casibus
509 1394 681 1452 immaniter
694 1394 851 1451 afflictam:
867 1409 937 1450 con·
990 1410 1070 1450 mus.
1099 1397 1159 1450 ilex
1182 1399 1283 1450 autem
1310 1399 1411 1451 noster
1425 1392 1519 1450 vulta
1545 1391 1634 1448 ilaeia
1652 1405 1708 1446 nos
1727 1395 1820 1446 ester-

107 1476 198 1534 tinuis
215 1480 451 1538 Christianorum
466 1484 607 1557 precibus
622 1484 793 1558 suppliciter
806 1483 935 1557 pulsata,
990 1485 1115 1550 minare,
1142 1484 1302 1558 fundisque
1325 1485 1435 1540 nostris
1467 1487 1557 1555 atque
1589 1479 1742 1538 beneficiis
1764 1495 1820 1536 nos

106 1581 169 1622 non
183 1567 297 1625 desistit
324 1569 364 1626 illi
388 1570 539 1628 salutifera
565 1572 698 1645 praebere
720 1571 872 1643 suffragia,
899 1585 936 1627 ex
989 1587 1043 1646 per
1057 1571 1161 1628 omnia
1182 1572 1309 1646 privare.
1332 1571 1519 1640 Miseremini,
1539 1585 1709 1642 precamur,
1732 1567 1820 1624 mise·

106 1653 258 1714 ferocitate
269 1674 355 1714 saevae
371 1661 540 1730 gentilitatis
553 1661 718 1732 liaoigena:
734 1666 766 1717 ut
780 1661 860 1718 unde
876 1660 937 1718 iue-
954 1682 974 1740 p
989 1661 1063 1718 mini
1077 1661 1166 1718 nobis
1187 1662 1269 1717 omni
1286 1677 1338 1733 spe
1354 1665 1382 1716 ιι
1404 1659 1499 1716 salute
1523 1657 1680 1715 destitutis.
1704 1681 1718 1708 u
1738 1659 1819 1714 Tunc

105 1749 152 1801 rat
165 1745 303 1804 flebiliter
317 1749 525 1820 afflicta,'inde
549 1755 627 1807 esset
649 1751 769 1807 viriiiter
782 1754 934 1820 vegetata3
989 1749 1050 1804 duo
1069 1749 1110 1805 iiii
1135 1749 1239 1806 iratres
1263 1749 1435 1822 suppliciter
1448 1746 1642 1820 precantibus
1655 1745 1820 1818 responde·

106 1839 135 1890 ct
156 1836 262 1909 quibus
274 1838 305 1895 in
330 1831 465 1912 praeceps
488 1841 583 1914 lapsa.
606 1842 652 1896 bis
669 1840 744 1897 coeio
757 1845 843 1897 tenrrs
856 1841 936 1897 exul-
988 1843 1067 1905 runt,
1083 1838 1234 1894 dicentes:
1252 1859 1265 1887 r
1281 1837 1500 1894 brixiliabimur
1523 1836 1634 1909 optime
1652 1835 1747 1900 vobis,
1768 1849 1818 1889 vo-

105 1927 187 1980 tata:
210 1941 402 2002 quorumque
427 1934 494 1986 actu
521 1929 711 2004 floccipensa,
736 1931 845 1985 borum
869 1945 935 1986 mu·
988 1943 1063 2000 sque
1079 1926 1224 1998 regalium
1238 1927 1389 1983 minarum
1405 1941 1525 1982 securos
1544 1925 1656 1982 morari
1670 1925 1701 1980 in
1717 1923 1816 1992 itacio,

105 2027 179 2070 nere
191 2015 320 2073 reiectat
346 2032 475 2090 quorum
494 2019 660 2092 frequentia
682 2019 867 2089 conculcata,
881 2020 933 2076 bo·
988 2021 1077 2090 utque
1092 2032 1139 2072 res
1161 2021 1264 2072 vestras
1279 2015 1468 2089 proprietatis
1487 2015 1632 2072 iaciemus
1655 2013 1754 2087 quiete
1778 2016 1818 2068 te-

106 2117 176 2158 rum
199 2120 273 2160 auro
293 2107 479 2180 gemmisque
502 2113 623 2164 ornata:
639 2123 771 2181 quorum
794 2109 931 2180 praedatu
987 2121 1067 2162 nere.
1083 2129 1096 2156 u
1113 2105 1153 2162 iiii
1169 2111 1270 2162 auteur
1294 2107 1357 2161 lusu
1373 2104 1539 2175 audientes,
1566 2103 1696 2161 itoilonis
1720 2103 1817 2158 etGu·

104 2204 254 2263 pannosa,
271 2195 378 2252 borum
399 2197 480 2253 dono
500 2203 618 2271 compto
633 2198 766 2272 palliata.
783 2198 933 2256 donaretis
986 2195 1042 2251 rim
1056 2194 1158 2251 osculo
1184 2194 1388 2266 expetiverunt
1411 2194 1512 2266 pedes,
1529 2197 1618 2258 atoue
1633 2191 1711 2248 illico
1726 2203 1817 2264 super

103 2279 194 2347 igitur
218 2281 352 2340 bumana
376 2284 517 2342 connubii
542 2289 696 2359 stuprique
717 2285 932 2359 copuiapluri-
986 2284 1072 2340 dictis
1093 2284 1265 2356 principum
1287 2287 1460 2340 remearunt
1484 2283 1677 2352 gratulantes.
1704 2285 1817 2338 interca

103 2367 161 2421 mis
179 2370 396 2439 dacigenarum
417 2374 544 2446 pubium
565 2379 680 2446 turmis,
703 2375 821 2448 illisque
841 2374 933 2431 bello-
985 2373 1116 2430 ueridica
1131 2371 1281 2445 opinionis
1296 2370 1504 2446 promulgatur
1518 2371 1610 2442 iama,
1626 2369 1704 2439 regis
1719 2368 1815 2425 liacira

104 2471 171 2512 rum
193 2458 332 2517 incendia
355 2462 431 2519 inter
444 2480 485 2532 sc,
500 2469 528 2520 st
549 2464 579 2520 in
598 2469 709 2537 patres,
724 2469 752 2520 et
766 2464 932 2520 avunculos
986 2477 1074 2518 aures
1089 2461 1225 2534 pulsans,
1239 2461 1322 2533 quod
1341 2461 1402 2516 dux
1416 2459 1715 2533 prepotentissimus,
1730 2461 1816 2530 pater

105 2539 273 2613 frequenter
294 2548 533 2620 suggerentibus,
557 2562 663 2605 omnes
692 2548 847 2618 liacigenra
871 2563 933 2604 ma·
987 2551 1098 2607 scilicet
1112 2550 1243 2607 itoilonis
1269 2555 1298 2607 et
1311 2549 1412 2605 Gurim
1430 2555 1508 2605 sorte
1534 2548 1647 2604 fruetur
1662 2561 1814 2619 suprema.

102 2644 182 2700 Joras
210 2637 326 2691 natust
351 2641 497 2709 potestate
523 2637 561 2693 ad
592 2652 695 2707 regem
710 2637 931 2702 convenientes,
986 2643 1067 2696 Tunc
1082 2655 1133 2695 rex
1148 2643 1216 2695 ante
1231 2639 1390 2706 malorum,
1407 2651 1475 2710 quir¹
1492 2636 1548 2692 sibi
1572 2636 1617 2692 iile
1633 2635 1694 2690 dux
1708 2634 1815 2701 intulit,

104 2716 243 2776 dixerunt
258 2723 435 2780 unanimes:
462 2724 642 2798 Respublica
656 2724 755 2781 hostili
776 2723 932 2782 invasione
985 2715 1191 2794 reminiscens,
1217 2727 1330 2783 cunctis
1352 2726 1397 2782 sui
1412 2725 1528 2800 imperii
1543 2723 1692 2781 accersitis
1711 2721 1818 2795 princi·

104 2822 179 2864 saeve
192 2811 380 2884 opprimitur,
400 2813 592 2886 filiorumque
604 2819 633 2870 et
657 2818 801 2887 nepotum
817 2819 932 2870 nostro·
987 2817 1086 2891 pibus,
1116 2816 1230 2890 inquit:
1248 2837 1262 2866 s
1279 2818 1335 2872 Vos
1361 2831 1424 2872 non
1451 2814 1521 2871 latet
1544 2819 1660 2889 petrem
1687 2809 1817 2868 itolionis

103 2911 170 2952 rum
183 2900 358 2958 contritione
382 2903 557 2959 concutitur.
581 2903 933 2976 Constitutumnamque
988 2927 1002 2956 «
1022 2912 1051 2964 et
1081 2906 1184 2962 Gurim
1220 2921 1286 2962 esse
1324 2906 1510 2962 defunctum.
1546 2901 1711 2974 aggrediar
1745 2913 1816 2970 ergo

103 2991 210 3044 nostras
249 2990 433 3064 antiquitatis
473 2992 563 3048 ritum
605 2992 822 3060 abelicavimus,
864 2993 932 3050 ideo
988 3017 1002 3046 ι
1022 2994 1241 3061 finesiliorum‚
1262 2995 1422 3068 eteapiarn
1447 2993 1577 3050 urbeset
1599 2993 1816 3063 castrumque

103 3077 231 3136 llaoiscae
257 3082 353 3151 gentis
378 3081 510 3156 populus
533 3082 759 3155 quamplurima
773 3082 854 3140 mala
868 3098 933 3156 per·
952 3039 1000 3134 C«
1022 3084 1224 3142 munitissima
1261 3084 1337 3152 ioca,
1377 3083 1564 3158 idcircurque
1604 3081 1683 3138 iacta
1722 3078 1815 3154 patris

103 3181 208 3238 pessus
222 3170 403 3228 annullatur.
429 3171 557 3228 Consule
569 3171 666 3244 igitur,
683 3176 751 3242 itex,
766 3189 860 3244 regno
874 3172 932 3229 ritu
986 3197 1000 3224 «ι
1020 3174 1052 3230 in
1087 3172 1174 3246 lilios,
1206 3189 1318 3247 eosque
1351 3174 1532 3230 conterendo
1567 3171 1700 3229 satiabor
1725 3183 1817 3242 super

103 3258 269 3330 veterrimo,
291 3260 374 3333 quod
401 3276 502 3331 regere
528 3261 654 3334 pacifico
678 3261 771 3319 debas
793 3262 929 3335 imperio.
986 3285 1001 3313 o
1020 3264 1108 3320 malis
1122 3263 1252 3320 illorum.
1279 3266 1335 3321 Vos
1349 3269 1507 3336 vetrosque
1532 3263 1816 3335 precorprreparata

103 3347 241 3405 Pestiiara
262 3350 517 3423 nequissimorum
532 3351 665 3408 bostium
685 3352 932 3425 lueexpurgctur
986 3353 1060 3410 «ad
1086 3353 1156 3410 talia
1181 3353 1302 3424 negotia
1333 3352 1538 3427 adimplenda.
1568 3371 1582 3401 ι
1620 3347 1816 3406 lienominato

104 3437 373 3507 custudissent
396 3440 495 3497 vivere
514 3446 543 3498 et
565 3443 750 3515 requiescere
775 3441 930 3515 possimus
984 3441 1074 3514 igitur
1099 3443 1226 3499 termino
1257 3442 1458 3516 profectionis,
1496 3441 1698 3514 undecunque
1725 3451 1816 3493 vene·

102 3539 174 3596 pace
203 3532 357 3600 perpetua.
386 3531 520 3595 Quorum
548 3529 757 3588 consiliis-rex
789 3530 930 3590 citandus
983 3537 1052 3588 rant
1086 3531 1269 3605 repedarunt
1294 3547 1362 3588 cum
1390 3531 1460 3587 suia.
1500 3533 1565 3589 iiior
1596 3529 1688 3586 effera
1719 3527 1815 3583 Dacia

103 3615 305 3688 acquiescens,
333 3633 456 3692 suasque
483 3620 691 3694 praeceptionis
719 3620 850 3678 edictum
875 3635 930 3694 per
980 3623 1134 3692 juventus,
1162 3620 1256 3677 nimio
1290 3633 1431 3677 curarum
1464 3619 1584 3677 inhians
1616 3617 1711 3686 aestui,
1745 3629 1814 3690 quea

103 3707 210 3761 terram
226 3706 274 3762 sui
286 3706 401 3780 imperii
425 3709 564 3766 velociter
578 3709 719 3780 dirigens,
735 3713 768 3766 ut
779 3709 929 3766 describe-
983 3710 1145 3768 commoda
1160 3713 1230 3766 sunt
1251 3715 1402 3784 praeparat
1424 3708 1508 3766 nullo
1520 3709 1665 3784 proiectu.
1687 3705 1721 3762 lii
1733 3706 1814 3763 levas

102 3797 202 3850 rentur
216 3799 340 3868 nepotes
353 3801 383 3853 et
395 3796 447 3853 filii
459 3813 537 3870 quos
549 3813 613 3854 sors
627 3799 769 3871 reperiret
780 3798 929 3872 expulsio-
982 3800 1116 3875 clypeos,
1152 3801 1312 3873 lucidaque
1350 3801 1476 3875 spicula,
1503 3800 1602 3856 iabrili
1634 3797 1728 3854 adulti
1752 3799 1814 3851 arte

100 3880 155 3949 nis,
168 3883 260 3954 jussit
273 3889 409 3959 ιιιιιριι
419 3885 497 3942 illius
509 3891 593 3943 terrie
608 3886 712 3944 adesse
726 3886 781 3943 sibi
793 3887 928 3959 praescri·
983 3893 1180 3962 componunt.
1211 3891 1244 3945 iii
1279 3889 1347 3960 teia,
1375 3902 1533 3962 ensesque,
1568 3891 1658 3958 atque
1694 3897 1814 3940 secures

100 3970 140 4043 pti
154 3971 674 4047 dieitampore.iiujuscemodiiama
687 3975 833 4044 regalium
847 3975 928 4046 lega·
984 3981 1049 4033 cote
1071 3981 1232 4033 exacuunt.
1262 3976 1317 4031 aiii
1344 3981 1407 4032 tuta
1434 3975 1567 4048 capitum
1588 3973 1732 4040 tegmina,
1757 3968 1814 4024 sci·

100 4059 215 4118 tionum
228 4078 301 4120 mox
323 4064 577 4136 percutitmentes
601 4063 838 4136 pubescentium.
861 4068 928 4122 Tre·
982 4065 1051 4122 licet
1078 4063 1198 4135 galeas;
1223 4063 1272 4119 alii
1299 4062 1376 4120 ierro
1404 4073 1539 4136 auroque
1565 4060 1673 4117 trilices
1694 4057 1812 4123 loricas,

97 4149 177 4223 pidis
215 4151 305 4209 anxia
340 4152 492 4210 sententiis
528 4152 647 4209 illorum
686 4153 778 4210 corda
811 4157 928 4222 nutam,
983 4155 1122 4211 thoracas
1147 4152 1258 4208 seilicet
1284 4151 1406 4208 iaciunt.
1435 4151 1512 4217 Quin
1534 4150 1624 4208 etiam
1645 4147 1742 4222 patria
1755 4146 1813 4203 tela

98 4240 277 4314 incertisque
291 4240 397 4298 iuturls
412 4242 514 4314 ignota
535 4242 690 4299 fluctuant.
707 4241 928 4299 iiaeretillorum
983 4247 1151 4316 recoquunt
1170 4241 1354 4309 torbacibus,
1381 4246 1586 4316 renovantque
1601 4239 1739 4297 cudibus.
1756 4237 1814 4293 iiu-

99 4329 283 4403 stupsiactus
318 4330 448 4399 animus,
478 4346 605 4388 cernens
631 4330 783 4402 incognita
811 4347 927 4388 sensus.
981 4334 1032 4406 jus
1047 4333 1090 4389 rei
1115 4331 1272 4405 inopinata
1299 4331 1381 4388 ianua
1408 4331 1537 4388 itollonis
1556 4335 1584 4388 et
1608 4327 1709 4387 Gurim
1725 4341 1813 4385 aures

98 4419 177 4484 Quin
191 4418 242 4474 iiio
256 4416 360 4492 indiga
375 4419 433 4476 veri
448 4429 520 4477 cura
532 4419 645 4490 fatigat,
674 4435 803 4494 spesque
817 4421 929 4478 incerta
945 4390 967 4444 Β
983 4421 1157 4496 perlabitur,
1183 4425 1212 4478 at
1245 4420 1311 4478 talis
1338 4421 1489 4479 relationis
1525 4435 1664 4479 sermone
1700 4423 1813 4493 pertur-

97 4507 210 4564 dubios
223 4508 357 4566 dilaniat.
375 4509 523 4566 incertum
547 4513 611 4566 erat
633 4509 689 4566 iliis
708 4509 848 4583 praescire
860 4525 929 4583 quas
982 4511 1103 4568 bantur.
1128 4511 1184 4578 Qui
1206 4515 1373 4569 convocata
1393 4511 1516 4585 copiosa
1539 4525 1633 4568 manu
1647 4521 1813 4577 congruen-

97 4597 245 4654 sententia
259 4597 435 4655 volvebatur
449 4599 481 4654 in
494 4598 573 4670 regis
587 4599 686 4656 corde.
982 4602 1063 4675 tique
1085 4601 1240 4675 pubertate
1265 4601 1447 4675 florendum,
1472 4603 1714 4674 congregataque
1738 4593 1813 4650 mul·

135 4685 277 4744 illisrcro
291 4687 322 4743 in
337 4686 444 4744 diebus
469 4686 694 4760 senesquidam
709 4692 772 4745 erat
790 4687 822 4745 in
836 4689 928 4763 parti-
983 4691 1107 4748 titudine
1119 4691 1226 4748 medies
1249 4691 1353 4756 aetatis.
1377 4705 1482 4748 senum
1508 4693 1598 4763 atque
1620 4686 1659 4744 ad
1672 4681 1811 4742 extermi-

96 4777 157 4832 bus
172 4775 268 4832 liacim
283 4777 420 4834 omnium
445 4791 546 4832 rerum
559 4775 712 4834 affluentia
732 4777 928 4851 locupletissi-
982 4781 1120 4838 nandum
1146 4781 1376 4855 descriptorum,
1412 4779 1495 4838 elatis
1525 4777 1637 4836 deruis
1664 4771 1812 4831 mandant

97 4881 180 4937 mus,
192 4865 517 4938 innumerabiliumque
546 4865 674 4924 militum
695 4865 860 4940 frequentia
874 4883 928 4925 un-
982 4870 1141 4928 silentium.

96 4953 191 5026 dique
218 4969 305 5010 secus
330 4953 475 5027 stipatus:
502 4953 555 5027 qui
576 4969 734 5028 nunquam
762 4953 839 5012 colla
866 4971 927 5012 sure
1017 4958 1236 5017 tumultuantis
1247 4958 1510 5033 populimurmure
1520 4954 1640 5029 penitus
1651 4951 1812 5022 sedeloce-

95 5041 222 5098 cervicis
258 5042 390 5115 cuipiam
427 5041 490 5111 regi
528 5041 647 5112 subegit
680 5057 735 5098 nec
770 5040 929 5113 equslibct
982 5039 1809 5122 disquedeccntissuggestusublimiteritolionesaliceto,

95 5129 239 5187 manibus
265 5131 362 5201 gratia
394 5130 504 5188 servitii
538 5145 648 5188 manus
680 5147 750 5188 suas
776 5145 928 5190 commen·
982 5135 1111 5192 iniitore
1127 5134 1315 5191 mellillam«
1332 5127 1811 5204 vos,quibusincalescitJ‘uveni·

94 5219 201 5275 dando
225 5218 385 5276 commisit.
410 5220 465 5285 Qui
491 5219 587 5277 Daciae
610 5235 737 5291 regnum
761 5235 838 5294 pene
862 5218 927 5277 uni·
981 5222 1017 5278 lis
1033 5221 1133 5292 ardor,
1148 5221 1262 5293 quique
1276 5221 1349 5277 tiore
1371 5217 1585 5292 prestantioris
1607 5217 1669 5276 istis
1682 5218 1808 5288 virtutis,

94 5323 216 5364 versum
230 5306 399 5381 possidens,
421 5305 527 5366 affines
550 5309 645 5366 [iacias
659 5313 688 5366 et
706 5308 819 5366 alania
834 5313 928 5366 terras
982 5307 1238 5383 alloquor.Solerti
1250 5307 1404 5383 proposito
1417 5307 1597 5366 reverendos
1610 5313 1811 5383 patres,cvos-

95 5397 153 5454 sibi
165 5396 337 5464 vindicavit,
361 5397 551 5471 populosque
572 5398 629 5454 sibi
648 5398 754 5470 prssliis
765 5398 927 5472 quamplu-
982 5413 1041 5472 que
1053 5401 1081 5454 et
1094 5411 1225 5471 proavos
1245 5395 1437 5454 imitaminor.
1461 5396 1663 5455 Convalescite
1678 5397 1808 5466 viriiiter,

96 5486 222 5544 rimisri
250 5489 279 5542 et
297 5489 446 5561 potestate
471 5486 654 5558 subjugavit.
679 5489 748 5542 Erat
770 5485 851 5542 enim
864 5503 927 5542 om·
982 5493 1011 5545 et
1035 5487 1280 5555 confortaminor,
1305 5491 1383 5544 atne
1397 5489 1431 5543 ut
1450 5487 1599 5561 equiperis
1622 5487 1738 5545 vicibus
1751 5485 1809 5543 illis

97 5576 183 5634 nium
219 5573 413 5632 Orientalium
438 5575 641 5648 praetentione
673 5575 780 5632 virtute
812 5591 928 5650 praepo
980 5577 1103 5635 valeatis
1117 5579 1315 5648 congruenter
1326 5575 1484 5633 convenire
1497 5575 1736 5647 dedignaminor.
1748 5577 1810 5632 ilex

98 5665 292 5740 anticanus,
320 5669 558 5745 amatorumque
580 5669 762 5740 ιιιιειιιιο
789 5666 928 5730 omnim
982 5666 1131 5748 eumdem
1144 5665 1235 5742 buius
1248 5665 1334 5740 regni
1348 5664 1539 5726 moiitmnos
1558 5663 1808 5742 superignotus
