3998 6182
193 137 198 149 ”
284 185 338 244 m
439 206 442 212 ,
887 171 1037 232 nosram
1055 166 1159 228 naara
1177 169 1392 232 mancam
1925 181 1952 234 u

260 283 261 294 ἵ
284 306 406 365 laudem
420 305 449 360 at
463 299 588 372 gloriam
609 299 741 358 nominis
759 300 813 373 tui,
829 301 857 358 S.
877 298 984 356 aniani
1008 295 1153 355 virtuted
1171 297 1243 354 lesu
1256 298 1362 356 Christi
1375 298 1635 358 resurrectionem.
1651 301 1720 357 Erat
1732 303 1764 357 et
1792 299 1851 356 hoc
1874 309 1950 359 aneta

285 393 415 453 mirabili
429 391 524 466 patris
532 390 636 464 patrias
649 390 689 446 ah
699 390 829 448 inimicis
842 389 1017 447 mirabiliter
1043 386 1115 442 libe·
1169 385 1320 444 bonorum
1335 389 1366 444 in
1385 389 1528 461 religione
1555 405 1611 462 pro
1639 404 1769 445 suarum
1791 389 1949 445 emundatae

283 489 385 542 ratas.»
401 485 521 539 Peracta
535 479 679 549 oratione,
700 481 740 537 ad
755 496 811 537 sua
823 480 951 553 quisque
972 477 1058 534 laetus
1074 491 1116 532 re-
1169 475 1328 549 culparum
1342 478 1436 552 quod,
1453 481 1587 534 asanctc
1602 476 1838 550 septuagesimo
1852 481 1948 551 usqce'r

285 572 417 644 graditur
426 575 455 627 et
477 570 515 626 de
539 569 600 625 suis
615 569 750 626 donariis
771 570 837 644 ipso
866 568 915 625 dic
934 568 1019 624 locus
1044 564 1115 622 insi·
1168 566 1282 637 pascha
1295 567 1379 623 nulla
1394 583 1469 623 usus
1483 566 1590 647 culcita
1615 565 1793 640 frequenter
1817 582 1878 622 eurr
1901 584 1949 622 sac

285 660 381 732 gnitcr
402 658 585 726 nobilitatur,
610 657 641 713 in
665 661 795 732 quatuor
817 654 1033 730 scilicetpalliis
1048 669 1115 728 pre·
1168 653 1270 726 plebat
1283 655 1323 713 ad
1336 655 1501 728 jacendum
1527 654 1689 711 fortissima
1713 657 1808 726 terra,
1835 655 1948 712 tendam

284 747 462 816 tiosissimis,
479 751 507 804 et
532 762 623 803 urceo
647 751 789 816 argenteo
817 750 846 802 et
870 745 997 819 capella,
1020 759 1115 817 quam
1167 741 1369 801 indesinenter
1381 745 1421 801 ad
1446 745 1565 802 aethera.
1592 744 1685 801 Prosit
1710 747 1821 800 tamen
1834 745 1948 817 prohise

285 841 354 912 post
382 835 497 893 obitum
526 851 615 892 suum
640 838 699 891 Deo
721 834 919 909 omnipotenti
936 838 964 892 et
989 832 1114 890 sanctis-
1167 831 1233 888 aliis
1250 833 1358 891 animae
1374 835 1439 906 eJ'us
1455 833 1626 907 subscripta
1637 837 1667 890 et
1675 833 1782 890 brevis
1794 833 1949 891 cratimhl·

257 914 259 926 ¹
286 927 363 982 simo
397 925 559 982 confessori
582 924 732 996 delegavit
761 924 887 982 aniano.
917 923 1036 997 Capella
1063 937 1115 978 au·
1166 935 1235 977 rum
1250 927 1373 979 actuum
1385 923 1451 995 ejus
1466 922 1603 981 maculas
1616 925 1694 978 Deus
1722 927 1833 992 tergat,
1860 922 1948 978 ohlir‘u

285 1019 346 1072 tem
360 1013 452 1083 hujus
467 1012 842 1088 piissimi‚prudentissimi,
858 1010 1056 1086 potentissimi
1072 1026 1116 1067 re·
1167 1015 1319 1082 perpetuae
1335 1010 1443 1080 tradat,
1459 1016 1575 1084 partem
1590 1011 1617 1067 ei
1643 1010 1673 1067 in
1686 1015 1886 1067 resurectione
1895 1013 1948 1086 pria

290 1101 487 1174 gisllotberti,
514 1101 581 1157 talis
595 1100 672 1158 luit:
689 1103 799 1176 cappae
824 1100 990 1157 octodecim
1015 1099 1114 1166 bonae,
1168 1099 1315 1156 concedat
1342 1100 1395 1174 qui
1421 1105 1466 1157 est
1488 1099 1665 1158 resurrectio
1694 1105 1881 1156 mortuomm
1903 1103 1947 1154 tea·

285 1190 408 1264 optimae
422 1194 451 1246 et
463 1189 540 1246 bene
552 1194 675 1263 paratae.
689 1189 768 1246 Libri
780 1188 1011 1260 Evangelicrum
1032 1186 1116 1244 aurei
1168 1188 1300 1246 Christus
1313 1189 1417 1246 vivens
1432 1194 1462 1247 et
1474 1205 1605 1262 regnans
1620 1189 1651 1246 in
1670 1189 1788 1246 soecula
1813 1188 1944 1245 smitam

285 1279 358 1348 duc,
374 1278 509 1348 argentei
522 1278 595 1349 duo,
611 1277 702 1334 etalii
717 1278 778 1335 duo
794 1278 888 1351 parvi,
904 1293 974 1334 cum
1000 1275 1115 1332 missali
1203 1278 1291 1336 Cordi
1303 1293 1372 1336 mec
1387 1279 1461 1353 quid
1472 1278 1601 1350 dulcius,
1613 1278 1688 1353 quid
1714 1279 1875 1350 jncundius
1893 1285 1947 1351 pota

285 1384 347 1426 uno
362 1368 576 1440 transmarino,
590 1367 667 1424 hene
688 1372 794 1440 parato
820 1366 910 1424 ebore
925 1370 954 1423 et
979 1369 1113 1436 argento.
1167 1366 1253 1437 jungi
1268 1382 1362 1440 quam
1378 1371 1411 1423 ut
1438 1372 1665 1441 preceptorem,
1690 1367 1860 1438 adjutorem
1881 1382 1946 1427 netu

284 1457 459 1516 philacteria
473 1473 566 1514 aurea
577 1457 749 1514 duodecim.
765 1456 864 1514 altare
875 1471 971 1513 unum
985 1470 1059 1511 auro
1087 1458 1116 1511 et
1167 1455 1197 1511 in
1213 1455 1356 1512 omnibus
1372 1456 1421 1512 Dei
1437 1455 1580 1529 operibus
1602 1455 1806 1512 collaudem?
1828 1455 1912 1522 Dedec,
1925 1471 1944 1508 rs

286 1552 410 1618 argento
424 1546 599 1604 mirabiliter
613 1551 764 1620 paratum,
788 1547 943 1603 continens
962 1546 992 1602 in
1015 1543 1115 1601 medio
1167 1545 1225 1601 deo
1237 1549 1275 1613 et,
1291 1543 1366 1600 sicut
1378 1544 1514 1601 solebam
1525 1545 1556 1601 in
1571 1545 1678 1601 diebus
1695 1545 1811 1618 quihus
1836 1560 1883 1599 nos
1897 1542 1945 1597 sint

285 1643 401 1711 petram
413 1635 609 1704 laudabilem,
624 1651 692 1708 quae
707 1634 815 1692 dicitur
825 1634 992 1692 onichinus.
1008 1636 1150 1711 Crucesp
1168 1633 1416 1706 respiciebamus,
1432 1635 1497 1706 ejus
1511 1633 1585 1690 mihi
1606 1633 1775 1690 amabilem
1802 1637 1830 1689 et
1850 1633 1943 1688 dedica

285 1741 384 1782 aureae
399 1728 466 1780 tres.
479 1724 570 1795 Major
586 1739 622 1780 er
636 1725 683 1780 his
698 1725 830 1780 continet
843 1724 874 1780 in
894 1740 927 1780 se
940 1723 1034 1779 libras
1049 1721 1115 1778 auri
1167 1721 1314 1778 tissimam
1326 1722 1438 1796 recipio
1450 1722 1625 1779 honitatem.
1644 1722 1783 1779 Delector
1792 1721 1903 1778 chamin
1920 1719 1943 1772 ll

284 1815 352 1888 puri
363 1818 489 1885 septem.
507 1813 598 1882 Signa
613 1813 757 1885 quinque.
781 1815 878 1869 Unum
906 1828 943 1868 ex
970 1812 1017 1868 his
1044 1810 1116 1868 satis
1168 1815 1196 1866 et
1210 1808 1347 1884 experior
1361 1810 1434 1883 quid
1450 1809 1585 1868 utilitatis
1601 1811 1674 1866 mihi
1688 1810 1741 1867 illa
1757 1809 1846 1866 tuerit.
1868 1813 1892 1864 ln
1909 1806 1939 1868 tta

285 1900 431 1970 mirabile,
443 1899 473 1956 in
486 1901 617 1972 quodue
628 1899 795 1956 millenaria
807 1900 918 1956 metalli
929 1905 958 1956 et
968 1903 1114 1956 sexcenta·
1168 1902 1288 1954 utmeac
1303 1901 1350 1954 est
1366 1897 1594 1966 recordationis,
1619 1897 1661 1954 nil
1686 1899 1813 1972 accipio,
1836 1896 1870 1952 nil
1890 1893 1942 1949 sula

283 1989 368 2045 librae
383 1988 511 2056 luerunt,
527 1990 576 2045 cui
590 1988 949 2062 imprimijussitsignum
972 1987 1116 2062 baptismi
1167 2003 1261 2061 quam
1275 1991 1308 2043 ut
1321 1986 1421 2043 bonus
1435 1986 1515 2044 iilius
1530 1987 1569 2044 de
1590 1992 1673 2061 patre
1703 1986 1797 2054 bono,
1821 1984 1907 2042 amicus
1922 1981 1952 2035 g,

285 2079 322 2135 de
337 2077 403 2134 oleo
417 2081 445 2133 et
459 2077 708 2146 chrismateiaeti,
724 2078 886 2134 sicutordo
910 2078 1046 2151 deposcit
1069 2092 1116 2133 ec·
1168 2077 1276 2146 amico,
1291 2075 1415 2133 dilectus
1429 2076 1595 2132 dedilecto.
1609 2075 1764 2132 Erarbesco
1787 2081 1873 2132 mmm
1892 2069 1952 2144 veliti

285 2167 479 2240 clesiasticus,
495 2171 522 2224 et
537 2170 570 2222 ut
583 2172 741 2224 vocaretur
758 2166 916 2224 hotbertus
943 2167 1116 2224 attribueret
1167 2164 1198 2220 in
1212 2163 1304 2236 hujus
1317 2163 1503 2220 admirabilis
1514 2163 1569 2219 viri
1584 2178 1715 2236 operum
1728 2163 1863 2220 bonarum
1877 2149 1952 2236 nam-l

286 2255 412 2330 Spiritus
422 2261 553 2313 sanctus.
572 2255 655 2312 Dedit
664 2256 755 2313 etiam
770 2261 799 2312 et
813 2257 883 2313 huic
894 2264 998 2312 sancto
1024 2254 1116 2312 ecclc·
1168 2252 1258 2323 tione,
1275 2269 1344 2308 cum
1358 2251 1390 2308 in
1403 2268 1440 2309 ec
1456 2268 1575 2327 semper
1588 2251 1748 2308 floruerint
1761 2268 1822 2326 qua
1842 2253 1894 2305 sunt
1907 2246 1952 2300 ha

285 2347 345 2403 sias
357 2346 444 2417 duas,
462 2345 652 2403 Sentiliacum
665 2351 694 2403 et
706 2347 899 2417 Rutinagum
913 2361 983 2402 cum
996 2345 1072 2401 villis
1087 2349 1116 2400 ct
1168 2341 1295 2397 summis
1322 2341 1476 2409 coelorum,
1506 2356 1562 2415 pro
1589 2341 1757 2398 lucratione
1779 2337 1939 2397 animarent

284 2434 427 2493 omnihus
440 2450 509 2507 quaa
524 2435 563 2491 ad
576 2434 658 2509 ipsas
671 2435 828 2508 pertinent,
857 2449 934 2508 quas
964 2438 1115 2508 praecepto
1169 2447 1340 2503 corporum.
1370 2430 1549 2504 Quempiam
1576 2431 1682 2487 videns
1712 2431 1850 2488 desudare
1875 2428 1895 2482 in
1911 2423 1938 2478 ld

283 2519 376 2591 regali
386 2519 518 2583 firmavit
531 2527 560 2578 et
571 2521 760 2578 corroborari
772 2523 872 2594 jussit.
884 2521 1050 2578 promeruit
1062 2537 1116 2578 au·
1167 2535 1269 2592 opere,
1285 2519 1365 2576 hunc
1379 2519 1596 2576 exhortabatur
1615 2535 1701 2588 voce,
1718 2519 1845 2577 clanculo
1855 2515 1938 2573 alcun

284 2613 344 2668 tem
357 2611 544 2668 etadomuo
557 2611 740 2668 Theoderico
753 2610 917 2668 venerabili
938 2610 1114 2668 Aureliano·
1167 2623 1304 2678 munere,
1320 2608 1408 2680 cujus
1426 2613 1490 2664 erat
1514 2607 1628 2665 donum
1660 2609 1811 2682 promissis
1835 2599 1937 2681 pauperi

283 2715 352 2756 rum
366 2699 508 2773 episcopo
522 2699 628 2757 altaria
652 2699 788 2773 ipsarum
817 2699 1015 2757 ecclesiarum
1043 2715 1114 2755 cum
1168 2713 1264 2766 mum,
1292 2697 1364 2754 dato
1390 2697 1623 2770 permaximum.
1652 2702 1684 2754 ln
1715 2697 1805 2755 tundo
1820 2687 1938 2752 manubrii

284 2787 448 2861 pontificali
461 2787 615 2860 privilegio
630 2787 668 2844 de
682 2789 756 2862 ipsis
769 2805 788 2846 a
800 2805 832 2845 se
842 2788 1017 2862 iacto‚qu0d
1030 2804 1115 2845 sanc·
1168 2786 1366 2844 Floriacensis
1381 2787 1441 2844 loci
1468 2791 1594 2860 paterna
1617 2788 1769 2846 imitabilis
1791 2784 1885 2844 abbeie
1903 2775 1938 2834 nti

284 2879 315 2931 to
326 2874 450 2932 contulit
462 2875 577 2931 aniane
589 2880 619 2932 et
632 2875 824 2949 regiinclyto‚
837 2876 972 2951 quicum
986 2877 1017 2932 in
1042 2890 1115 2932 voce
1169 2875 1301 2933 Gaualini
1311 2876 1452 2946 jussione
1466 2876 1625 2934 ecclesiam
1639 2877 1719 2951 coepi
1731 2876 1868 2938 aedificare,
1880 2865 1939 2926 noti·

285 2964 490 3022 exsultationis
503 2980 621 3038 semper
634 2965 779 3022 dilexerat
793 2965 830 3023 de
846 2966 936 3024 corde
949 2967 1043 3024 bone.
1133 2980 1237 3062 Ceam
1247 2963 1446 3038 quidem‚sed
1462 2964 1620 3032 festivam
1648 2964 1790 3039 adquam
1815 2954 1938 3017 cmmebtl

324 3055 460 3111 Casuum
476 3052 644 3127 crispiacus
663 3054 778 3111 dietum
805 3071 824 3112 a
847 3055 972 3112 Weltero
1001 3055 1116 3128 potenti
1169 3053 1300 3126 populus
1320 3068 1423 3108 amore
1437 3068 1567 3126 quorum
1587 3057 1651 3110 crat
1679 3050 1816 3110 sacranda
1835 3043 1939 3112 condiant

283 3141 423 3200 nobiliter
449 3147 654 3200 constructum
683 3142 926 3200 suessionicam
957 3143 1115 3214 territorio,
1169 3141 1387 3199 benedictione.
1406 3142 1573 3199 Licatessct
1592 3142 1771 3216 imperfecta,
1795 3128 1939 3212 quamvisli

282 3231 442 3290 abhatiam
471 3232 567 3304 sancti
595 3231 710 3290 Arnulfi
742 3249 761 3290 a
791 3249 822 3290 se
860 3232 973 3289 factam
1006 3231 1116 3288 nobilis
1169 3246 1257 3303 gesa,
1273 3234 1374 3287 tamen
1389 3231 1541 3304 promovit
1551 3248 1583 3287 sc
1592 3248 1645 3288 rex
1660 3233 1705 3288 vir
1729 3227 1867 3287 celestium
1885 3216 1939 3275 desi-

283 3322 416 3379 nohilem
440 3325 469 3379 et
491 3338 545 3396 per
571 3323 682 3380 saecula
705 3323 834 3379 reddidit
845 3321 998 3379 illustrem.
1011 3325 1116 3378 Nostra
1169 3321 1321 3377 dcrmorum
1337 3321 1493 3378 aVitriaco
1507 3326 1616 3392 castro,
1635 3321 1795 3378 desiderans
1817 3330 1871 3372 cam
1884 3309 1939 3365 vide

283 3411 364 3468 enim
376 3414 461 3467 catate
484 3411 526 3466 ihi
552 3411 694 3467 abbatem
721 3411 899 3484 quemdam,
929 3409 1116 3466 hamelinum
1168 3425 1200 3466 re
1214 3414 1338 3483 aspectu
1353 3410 1553 3467 sanctissimo.
1571 3414 1675 3468 Fuerat
1689 3413 1746 3481 jam
1763 3407 1841 3477 jussu
1862 3394 1939 3455 domni

283 3499 416 3568 nomine,
432 3497 593 3565 constituit,
604 3498 678 3554 boni
690 3499 853 3555 testimonii
864 3498 973 3566 virum,
997 3499 1115 3572 proies·
1169 3503 1198 3554 et
1209 3499 1350 3558 amabilis
1361 3499 1489 3558 Odolrici
1513 3500 1659 3573 pontilicis
1672 3516 1688 3554 a
1701 3491 1838 3553 venerabili
1855 3485 1939 3543 Dituri·

284 3585 367 3642 sione
378 3585 525 3656 regularis
540 3585 607 3642 vitae
618 3586 1115 3660 monachumquotannisvenien-
1169 3586 1303 3643 censium
1320 3588 1546 3662 archiepiscopo
1562 3588 1693 3647 Gamlino
1705 3579 1844 3646 benedicta,
1864 3574 1940 3630 ‘¹³¹¹ss

283 3678 344 3731 tem
358 3674 399 3730 ad
421 3674 502 3730 hunc
518 3674 568 3731 Dei
580 3674 689 3732 virum.
715 3676 938 3748 Suscipiebatur
958 3675 997 3731 ab
1024 3692 1060 3733 eo
1084 3679 1116 3732 ut
1169 3690 1205 3730 co
1215 3673 1246 3730 in
1262 3675 1387 3732 circuitu
1397 3676 1571 3749 plenissime
1584 3683 1691 3734 terram
1701 3672 1751 3748 ipsi
1761 3663 1869 3726 ecclesi&
1887 3675 1940 3734 le*

283 3763 335 3821 Dei
349 3779 463 3830 servus,
477 3766 506 3820 et
521 3763 705 3836 colloquium
719 3763 864 3821 habentes
879 3764 917 3820 de
932 3764 1114 3838 coelestibus,
1169 3763 1282 3821 utilem.
1298 3769 1414 3822 latrans
1428 3766 1460 3822 in
1475 3781 1510 3823 ea
1524 3781 1576 3823 rex
1590 3771 1619 3824 ct
1628 3782 1716 3824 orans
1725 3759 1831 3839 pallium
1842 3755 1939 3828 ‘limum

283 3857 355 3927 post
368 3852 398 3909 in
414 3851 571 3909 redeundo
586 3852 793 3909 honorabatur
806 3853 846 3909 ab
874 3868 909 3910 eo
930 3853 1115 3912 honorabili·
1168 3853 1314 3910 librarum
1328 3870 1419 3928 super
1431 3854 1522 3912 altare
1532 3857 1633 3930 posuit
1649 3875 1656 3924 ;
1683 3852 1759 3930 quod
1780 3848 1840 3924 quia
1861 3843 1884 3899 in
1900 3840 1937 3896 hc

282 3943 342 4000 bus
357 3941 534 4000 muneribus
549 3958 642 4016 quam
658 3941 823 4016 splendide,
838 3958 906 4016 quie
918 3944 1116 4015 erantjuncta
1168 3959 1242 4000 nore
1270 3950 1440 4001 sanctorum
1471 3945 1616 4019 Dionysii,
1645 3945 1752 4004 Rustici
1769 3947 1794 4000 et
1817 3927 1936 3994 Eleuthtffia

283 4032 453 4089 coelestibus
463 4032 600 4106 perfecte
613 4032 765 4089 charitatis
781 4031 897 4090 virtute.
911 4032 1050 4100 Quodam
1061 4048 1115 4090 au·
1170 4037 1378 4091 consecratum
1405 4033 1471 4104 tuit,
1500 4034 1722 4109 proculdubio
1746 4034 1803 4106 ejus
1833 4021 1894 4083 cordi
1911 4017 1936 4071 1¹⁸

284 4123 344 4177 tem
360 4124 493 4194 tempore
504 4125 614 4179 sancta
626 4121 861 4194 Quadragesinoe
871 4122 1006 4180 Pisciaco
1017 4123 1057 4179 ad
1069 4137 1115 4179 re·
1169 4121 1278 4179 insedit
1292 4127 1325 4178 ut
1339 4122 1402 4180 suis
1430 4123 1486 4196 piis
1511 4124 1724 4199 aspicientibus
1750 4119 1839 4186 camis·
1854 4103 1935 4188 ΡΜ

284 4222 353 4278 gem
368 4207 503 4265 demere
518 4226 697 4284 properans,
712 4210 893 4285 temporales
909 4211 1114 4284 simulctspi-
1169 4226 1240 4268 aum
1253 4211 1385 4268 Parisios
1398 4228 1447 4268 me
1468 4213 1615 4283 veniente,
1645 4213 1683 4270 de
1707 4209 1827 4286 reliquiis
1846 4207 1935 4278 ipsuum

283 4294 385 4352 ritalas
400 4301 596 4370 sumpserunt
608 4298 700 4355 cibos.
717 4300 804 4356 Avila
824 4315 855 4356 se
883 4301 1015 4373 posthaec
1043 4315 1114 4357 con·
1169 4305 1348 4372 martyrum,
1364 4299 1436 4357 alim
1449 4301 1560 4358 scilicet
1575 4303 1719 4376 Dionysii,
1734 4297 1832 4360 ltustici
1849 4297 1870 4349 ct
1887 4285 1937 4344 ffltff

281 4385 443 4457 jungentes
455 4384 599 4454 bonitate,
614 4385 700 4442 offert
713 4387 777 4458 regi
791 4387 965 4445 charitatem
986 4388 1037 4445 Dei
1060 4387 1113 4445 ab·
1128 4357 1151 4413 Β
1171 4388 1279 4454 thertii,
1295 4389 1451 4462 splendide
1466 4397 1635 4462 exornaret,
1651 4383 1884 4450 intercessionibus
1890 4375 1936 4431 ὥθ’
1951 4445 1952 4448 ,

283 4473 340 4532 has
351 4473 463 4544 bonus,
478 4490 534 4548 pro
548 4473 729 4532 relevatione
744 4476 878 4550 corporis
891 4477 957 4549 ejus
980 4477 1113 4536 humilli-
1169 4483 1222 4536 ret.
1237 4479 1428 4537 Protecbonis
1440 4497 1546 4538 corum
1557 4481 1639 4539 dona
1650 4483 1716 4539 hac
1736 4484 1817 4538 sunt:
1831 4477 1863 4530 Dc
1873 4459 1936 4524 ΜΨ
1951 4449 1952 4500 ¹

284 4564 337 4636 mi,
364 4567 397 4619 ut
423 4563 548 4620 haberet
568 4562 706 4620 levamen
721 4564 868 4632 ciborum,
897 4566 949 4638 qui
974 4567 1114 4638 precibus
1168 4568 1264 4625 sancti
1279 4567 1422 4642 Dionysii,
1443 4569 1606 4627 dalmatica
1620 4571 1719 4628 sancti
1747 4565 1852 4631 Rustici,
1873 4547 1936 4648 Μ’

284 4652 410 4727 pulsans
420 4652 496 4710 ostia
511 4652 656 4709 coelorum
670 4651 754 4710 fieret
777 4668 903 4710 conscrs
928 4659 1111 4714 sanctorum.
1169 4657 1264 4715 sancti
1283 4656 1496 4730 Eleutherii,de
1511 4660 1695 4717 vestimentis
1719 4673 1818 4718 eorum
1841 4649 1936 4734 stow

284 4742 347 4799 Hoc
374 4757 504 4799 renuens
531 4742 576 4799 vir
586 4741 704 4816 pietatis
718 4747 748 4799 at
767 4743 947 4799 incumbens
977 4746 1114 4802 saterris
1168 4747 1312 4821 aspersis,
1337 4747 1375 4804 de
1396 4749 1533 4806 carnium
1564 4765 1669 4807 eorum
1697 4751 1815 4825 pulvere
1846 4745 1868 4797 et
1890 4733 1936 4788 ΜΝ·

284 4831 467 4889 omnimodis
482 4831 587 4888 orabat
595 4848 633 4888 ne
647 4832 676 4888 vi
689 4847 759 4888 eum
768 4831 960 4906 opprimeret,
974 4835 1047 4908 quia
1073 4841 1115 4892 ta·
1168 4836 1236 4894 culo
1247 4835 1364 4910 triplici,
1377 4853 1438 4910 quo
1462 4836 1519 4895 tuit
1534 4839 1672 4896 astrictus
1699 4835 1846 4911 Dionysius
1866 4823 1936 4910 manfr

282 4921 363 4978 libus
380 4920 524 4978 obediens
539 4919 657 4977 nullum
676 4920 777 4978 adtruc
802 4924 862 4979 Deo
888 4923 994 4994 jejunii
1010 4929 1114 4981 votum
1168 4925 1286 4983 Domini
1300 4928 1459 5000 pretiosus.
1476 4926 1525 4983 llis
1539 4931 1568 4984 et
1587 4927 1653 4984 aliis
1665 4932 1831 4987 sanctorum
1853 4916 1936 4991 pignan-

283 5009 451 5067 ohtulissct.
468 5009 555 5067 Ahba
569 5010 627 5066 hcc
640 5010 766 5068 audiens
776 5011 985 5070 taciturnitatis
994 5013 1115 5071 vincula
1167 5015 1226 5071 hus
1245 5030 1263 5072 a
1286 5029 1356 5087 rege
1369 5021 1491 5074 amante
1514 5019 1608 5074 Deum
1632 5018 1770 5076 nobiliter
1782 4993 1936 5080 insignitlsffit

285 5099 425 5170 suscepit,
440 5103 469 5154 et
482 5097 632 5154 meditans
645 5098 832 5172 cordequcd
858 5105 937 5158 essct
965 5102 1114 5175 perfectus
1168 5103 1262 5162 locus.
1281 5107 1430 5179 Susceptae
1447 5111 1516 5164 sunt
1530 5113 1631 5166 autem
1648 5109 1723 5183 ipsae
1750 5109 1892 5164 sanctorum
1908 5097 1935 5138 ⁵³¹·

284 5185 402 5252 virtute,
415 5202 470 5259 pro
481 5187 665 5259 iejuniiejus
678 5187 1114 5264 observationc,suacepiteum
1168 5193 1387 5268 predictorum
1410 5195 1631 5270 pretiosissimae
1659 5197 1790 5272 reliquiae
1813 5177 1936 5249 111me

284 5273 316 5328 in
330 5271 541 5332 multimodam
556 5280 585 5332 et
599 5292 661 5333 non
676 5292 871 5335 numerosam
888 5281 1049 5338 missarum
1066 5295 1114 5341 ce·
1169 5283 1386 5340 monasterioa
1406 5285 1521 5342 domno
1544 5286 1686 5344 Gaualino
1716 5287 1829 5351 abbate,
1853 5276 1876 5331 in
1892 5265 1937 5322 itt·

284 5359 493 5432 lehrationem,
508 5368 542 5421 ut
555 5364 729 5422 attribueret
742 5365 770 5423 ei
784 5369 861 5423 Deus
873 5368 904 5424 in
929 5368 976 5424 his
994 5367 1116 5426 firmam
1168 5371 1209 5427 do
1223 5376 1252 5429 et
1271 5372 1447 5446 accipiendo
1476 5375 1547 5431 satis
1571 5375 1739 5433 honorabili
1760 5374 1828 5438 viru,
1848 5362 1884 5418 tiit
1903 5351 1937 5442 K?

284 5449 485 5508 devotionem.
502 5451 550 5508 llis
564 5453 650 5510 loetus
663 5468 715 5510 rex
729 5454 845 5512 donisa
859 5460 963 5513 sancto
971 5457 1036 5512 viro
1050 5472 1115 5529 per·
1168 5459 1327 5518 landarum
1340 5461 1524 5532 Octobrium,
1535 5481 1597 5538 quo
1608 5465 1732 5523 celebria
1744 5466 1835 5535 agitur
1846 5455 1870 5510 in
1881 5451 1938 5502 omi

201 5573 202 5580 κ
284 5539 387 5615 ceptis.
405 5540 465 5596 Deo
480 5541 591 5610 gratias
605 5543 665 5614 egit
679 5547 708 5602 et
722 5549 860 5602 sanctum
875 5544 1034 5602 celebravit
1045 5562 1116 5603 con·
1169 5549 1226 5606 hus
1247 5551 1365 5608 secute
1384 5557 1559 5610 sanctorum
1583 5555 1732 5626 Germani,
1757 5542 1867 5618 Remigii
1883 5537 1938 5602 alati

283 5629 368 5688 tinuo
377 5628 539 5703 jejunium,
550 5636 728 5704 exspectans
752 5634 803 5692 Dei
825 5638 854 5692 at
877 5632 997 5692 Domini
1021 5637 1116 5694 nostri
1169 5639 1289 5698 vedasti
1313 5641 1487 5700 solemnitas
1526 5643 1740 5702 confessorum.
1778 5642 1847 5696 Sane
1871 5629 1938 5702 W*
