3984 6182
99 184 151 238 957

851 181 1057 240 pleneme.

1760 195 1813 250 958

134 311 242 364 Notum
256 307 320 363 fieri
336 307 474 364 volumus
486 307 641 364 industria
663 307 801 365 omnium
818 308 927 362 sanctae
943 308 966 364 Α
982 305 1028 362 dis
1043 311 1071 366 et
1083 311 1293 385 prospectibus
1307 317 1410 372 nostra
1429 314 1602 372 auctoritate
1628 314 1812 376 stabiliendis

96 397 202 454 matris
218 396 363 460 Ecclesiae,
377 401 439 454 tam
455 397 609 471 praesentis
630 414 723 472 quarn
739 397 844 452 futuras
860 399 929 450 teta-

97 487 134 544 tis
150 485 295 556 fidelium,
311 486 394 560 quod
419 487 543 560 quidam
560 486 710 544 amadeus
725 485 821 542 abbas
833 483 928 542 Flavi·

97 575 247 632 uiaceusis
261 574 400 646 caenobii,
415 575 445 630 in
459 575 573 632 honore
587 575 683 632 beatri
696 574 770 632 Petri
781 571 929 650 apostolo-

98 681 166 722 rum
181 665 334 740 principis,
355 665 487 740 almique
513 666 644 738 Praejecti
656 665 796 740 martyris
807 681 841 722 ac
856 679 931 738 prae·

97 754 170 811 sulis
183 753 310 824 fundati,
337 754 376 812 ad
393 760 528 812 nostram
549 755 740 828 presentiam
762 753 929 825 accesserit,

982 399 1010 452 et
1024 397 1202 460 roborandis
1218 404 1379 476 cuiusdam
1406 403 1535 472 cenobii,
1553 403 1676 464 nomine
1690 407 1811 466 Corma·

982 484 1044 556 rici,
1056 486 1086 542 in
1101 489 1214 548 honore
1228 493 1277 548 Dei
1288 493 1502 566 omnipotentis
1513 498 1541 550 et
1550 495 1577 549 S.
1591 493 1673 550 Pauli
1686 495 1813 570 apostoli

982 579 1153 635 constructi.
1169 583 1233 653 lpse
1255 598 1390 656 namque
1416 583 1507 638 Fulco
1522 598 1624 639 eomes
1650 584 1813 640 construxit

983 681 1038 721 suo
1053 670 1186 741 tempore
1195 669 1227 726 in
1241 673 1384 729 comitatu
1397 671 1544 729 Turonico
1559 671 1715 728 castollum
1730 671 1813 745 quod

983 761 1107 813 vocatur
1120 759 1337 832 monsbasonis,
1359 761 1390 818 tn
1409 763 1488 818 terra
1503 761 1596 834 ipsius
1621 759 1769 817 coenobii:
1786 763 1815 818 st

98 843 381 919 petensquamdam
393 843 931 920 capellamnostriJ'urisinframoenia
984 843 1111 902 alterum
1125 850 1288 906 construxit
1303 849 1459 907 castellum
1473 850 1503 906 in
1519 849 1664 906 comitatu
1688 849 1813 906 Pictavi-

97 933 262 992 AEduorum
277 934 402 992 civitatis
418 934 515 1002 sitam,
528 939 555 990 et
577 934 609 990 in
624 933 738 990 bonore
751 933 831 990 beati
845 936 932 992 toan·
983 950 1034 1004 no,
1049 935 1131 1006 quod
1147 941 1270 994 vocatur
1279 938 1472 1008 itirebclium,
1483 945 1566 998 terrra
1574 938 1669 1012 ipsius
1683 937 1813 994 coenobii

97 1025 145 1080 nis
171 1023 357 1095 evangelista
385 1023 526 1094 dicatam,
553 1023 707 1092 supradito
728 1023 807 1095 loco,
822 1023 932 1080 seilicet
983 1025 1166 1096 proximum.
1182 1029 1318 1084 verentes
1334 1027 1436 1101 itaqua
1449 1028 1589 1086 monaehi
1601 1029 1666 1100 J'am
1677 1027 1814 1084 dicticce-

97 1112 276 1181 Flaviniaeo,
306 1112 381 1180 dari,
408 1127 476 1184 qum
500 1111 642 1169 fratribus
672 1112 806 1187 praedicti
821 1112 931 1170 lociita
984 1114 1066 1174 uobii
1080 1130 1118 1174 ne
1133 1116 1240 1174 eadem
1255 1117 1375 1174 castella
1400 1118 1430 1176 in
1455 1118 1587 1178 futurum
1611 1117 1668 1176 sibi
1682 1117 1729 1176 rel
1750 1116 1812 1174 suis

95 1205 161 1259 erat
174 1201 352 1272 necessaria,
368 1204 401 1257 ut
425 1200 598 1276 hospitandi
621 1217 712 1258 causa
734 1201 777 1258 eis
791 1206 871 1258 esset
883 1218 932 1258 ex·
983 1203 1073 1261 rebus
1086 1204 1191 1262 nociva
1206 1205 1349 1264 etintesta
1361 1207 1498 1276 existant,
1518 1207 1590 1266 adiit
1603 1205 1653 1264 nol
1665 1205 1712 1264 ilis
1724 1210 1753 1262 at
1765 1221 1811 1264 re-

94 1290 235 1364 petenda.
253 1290 345 1362 Cujus
368 1290 469 1364 petitio
498 1306 554 1346 nec
582 1290 646 1346 risa
674 1295 719 1346 est
732 1288 929 1361 refragabilis,
984 1292 1108 1362 ligiosus
1119 1293 1216 1349 abbas
1229 1293 1323 1367 ipsius
1334 1295 1401 1362 loci,
1415 1295 1538 1351 nomine
1549 1293 1813 1365 Teutbaldus,eum

96 1395 153 1436 nec
178 1377 299 1450 injusta.
318 1378 346 1436 Si
362 1379 442 1436 enim
470 1378 612 1438 omnibus
631 1378 857 1436 rationabilibus
887 1384 932 1437 est
975 1373 1046 1438 vseis
1061 1382 1228 1454 monachis,
1241 1383 1397 1459 praelatum
1408 1385 1549 1442 comitem
1560 1382 1730 1452 Falconem,
1743 1383 1814 1442 utvi

96 1467 261 1525 favendum
278 1467 480 1542 petitionibus,
494 1472 607 1542 quanto
618 1468 715 1540 magis
724 1467 843 1525 illorum
854 1484 929 1541 quo·
984 1485 1039 1527 sua
1052 1474 1141 1542 atque
1156 1472 1300 1545 potentia,
1326 1477 1474 1546 quantum
1489 1475 1602 1546 posset,
1617 1471 1774 1548 providere
1786 1473 1816 1528 et

94 1575 162 1616 rum
177 1557 380 1614 remuneratio
392 1558 423 1614 in
438 1557 486 1614 die
496 1557 617 1629 justitiae
632 1562 749 1616 constat
760 1557 931 1631 copiosior?
984 1556 1143 1630 probibere
1154 1564 1272 1618 curaret
1284 1576 1321 1617 ne
1331 1561 1438 1618 eadem
1450 1560 1571 1618 castella
1585 1561 1647 1631 jam
1660 1559 1740 1617 dicto
1754 1574 1815 1616 coe-

97 1647 178 1705 Unde
194 1647 341 1722 quoniam
354 1647 425 1704 huic
441 1646 538 1704 simile
566 1647 717 1705 multoties
732 1647 772 1704 ab
800 1651 929 1704 anteces·
948 1660 969 1715 Β
983 1645 1085 1716 nobio,
1098 1661 1153 1704 neo
1165 1647 1232 1705 ullis
1245 1649 1335 1705 rebus
1343 1649 1404 1706 suis
1414 1665 1549 1724 unquam
1562 1648 1693 1706 violenta
1707 1648 1814 1704 terent.

96 1737 216 1794 soribus
230 1737 342 1794 nostris
355 1736 576 1810 frequentatum
590 1737 761 1795 audivimus
776 1740 805 1794 et
815 1736 929 1794 iactita—
984 1735 1094 1794 Deinde
1118 1741 1332 1806 suggesserunt
1342 1737 1405 1809 jam
1418 1737 1516 1794 dictus
1535 1736 1633 1794 abbas
1649 1739 1678 1792 et
1692 1736 1738 1794 sui
1752 1751 1815 1794 mo-

95 1829 170 1893 tum,
183 1824 311 1881 libenter
324 1824 475 1898 petitionis
489 1825 568 1880 illius
583 1826 768 1898 praebuimus
780 1825 929 1892 ellectum,
983 1826 1073 1884 nachi
1086 1825 1143 1900 ipsi
1159 1825 1278 1884 Falconi
1291 1831 1426 1885 nostram
1439 1827 1521 1884 adire
1543 1825 1751 1884 exceltentiam
1771 1840 1814 1880 ra

95 1919 247 1988 quatenus
275 1914 359 1971 locus
387 1919 668 1990 sepenominatus,
690 1914 877 1972 Flaviniacus
891 1912 931 1969 vi·
983 1912 1075 1982 giam,
1090 1916 1123 1971 ut
1136 1913 1219 1986 quod
1235 1913 1274 1970 ab
1303 1930 1340 1971 eo
1359 1915 1498 1988 precibus
1521 1913 1691 1984 exigebant,
1717 1913 1814 1988 ipsea

96 2002 214 2069 delicet,
231 2006 260 2058 et
272 2005 414 2060 monachi
429 2003 470 2059 ibi
484 2003 636 2072 degentes,
666 2007 756 2076 atque
771 2003 844 2060 inibi
859 2001 930 2058 divi·
982 2007 1085 2060 nostra
1100 2002 1258 2059 serenitate
1274 2002 1459 2073 efflagitaret,
1483 2003 1593 2077 scripto
1609 2005 1637 2058 et
1663 2003 1813 2077 praecepto

97 2108 144 2148 nae
157 2092 304 2164 majestati
318 2092 508 2158 famulantes,
525 2095 722 2165 pretaxatam
734 2091 883 2165 capellam
897 2091 928 2149 in
981 2095 1090 2148 nostre
1104 2091 1286 2150 auctoritatis
1300 2097 1398 2148 return
1413 2109 1448 2148 ac
1464 2091 1570 2150 stabile
1583 2091 1613 2148 in
1634 2094 1813 2164 perpetuum

94 2180 211 2236 honore
240 2179 334 2236 sancti
357 2181 479 2236 loannis
499 2177 702 2250 evangelistae,
732 2185 764 2236 ut
785 2179 927 2248 diximus,
982 2181 1171 2238 confirmare.
1186 2180 1268 2238 tdem
1283 2197 1354 2238 vero
1369 2180 1457 2238 Fuloo
1473 2197 1574 2238 comes
1589 2185 1651 2238 tam
1665 2179 1744 2238 dieto
1758 2178 1813 2235 ab·

92 2273 313 2334 consecratam,
340 2283 409 2324 eum
431 2267 573 2324 omnibus
595 2284 661 2341 quas
677 2269 717 2324 ad
729 2268 828 2340 ipsam
837 2272 927 2341 pertr-
980 2270 1042 2327 bati
1057 2273 1085 2326 et
1099 2271 1161 2326 susss
1180 2271 1346 2338 monachis,
1373 2275 1474 2343 utpote
1499 2269 1631 2328 maxime
1654 2266 1812 2338 religiosis,

91 2371 165 2412 nere
192 2355 342 2426 videntur,
369 2355 590 2429 perpetualiter,
617 2356 701 2412 nullo
732 2357 926 2429 inquietante,
980 2360 1115 2417 maximo
1130 2359 1285 2416 devinctus
1300 2375 1413 2429 amore,
1427 2375 1523 2434 quam
1535 2357 1636 2432 potius
1650 2372 1706 2432 pro
1720 2370 1814 2414 reme-

88 2445 236 2520 deineeps
247 2445 446 2518 possiderent.
471 2447 507 2502 Et
529 2451 562 2502 ut
576 2445 743 2502 firmiorem
757 2445 869 2502 amodo
889 2449 928 2500 te·
981 2448 1032 2505 dio
1051 2451 1080 2505 et
1095 2447 1189 2506 salute
1204 2447 1312 2506 anima
1333 2463 1394 2504 suaa
1418 2447 1588 2506 istiusmodi
1602 2461 1707 2502 eorum
1721 2443 1814 2521 preci-

87 2536 186 2594 nendi
199 2535 346 2594 baberent
359 2535 612 2610 astipulationem,
628 2536 685 2592 hoc
701 2535 843 2608 scriptum
858 2533 928 2590 inde
981 2536 1039 2592 bus
1054 2535 1293 2609 obtemperando
1304 2541 1332 2593 et
1342 2536 1527 2594 consulendo
1542 2534 1679 2608 promisit
1692 2550 1723 2592 se
1737 2549 1814 2592 sem-

86 2625 135 2682 eis
148 2625 211 2682 tisri
224 2624 382 2698 jussimus,
400 2627 428 2681 et
442 2624 529 2694 sigilli
543 2624 637 2680 nostri
647 2624 844 2699 impressione
858 2623 928 2680 insi·
982 2640 1035 2697 per
1050 2629 1157 2699 praesto
1172 2641 1236 2682 esse
1251 2629 1279 2682 et
1293 2629 1433 2698 paratum
1447 2624 1520 2682 iore.
1533 2624 1601 2680 ideo
1615 2622 1688 2680 adiit
1697 2622 1813 2691 magni-

85 2714 172 2784 gniri
185 2714 397 2788 precepimus.
981 2709 1132 2766 licentiam
1144 2715 1290 2780 nostram,
1315 2713 1344 2766 et
1356 2709 1422 2766 haec
1441 2725 1510 2784 quas
1530 2708 1676 2768 hactenus
1705 2707 1813 2780 depro-

127 2808 234 2860 Actum
250 2803 439 2860 AEdureanno
449 2802 611 2860 Dominicee
621 2802 837 2860 incarnationis
848 2801 925 2870 1018,
982 2801 1104 2868 mimus,
1132 2799 1253 2858 sollicite
1269 2800 1383 2860 studuit
1401 2799 1510 2858 nostris
1526 2799 1663 2857 intimare
1679 2795 1812 2854 auribus.

84 2893 257 2950 indictione
276 2892 386 2966 prima,
412 2891 496 2963 regni
522 2908 592 2948 vero
615 2892 821 2962 gloriosissimi
848 2892 926 2962 regis
981 2893 1040 2948 Nos
1055 2890 1229 2966 veroipsius
1245 2891 1380 2948 Fuleonis
1397 2888 1595 2961 suggestioni,
1611 2891 1713 2964 utpote
1726 2883 1813 2946 nobis

85 2981 224 3038 Hotberti
238 2997 310 3050 xxx,
327 2996 355 3034 ur
370 2978 497 3035 Kalend.
526 2979 652 3036 Martias.
683 2983 743 3051 Ego
759 2980 788 3036 in
805 2980 927 3036 nomine
947 3014 968 3071 C
982 2978 1160 3052 fidelissimi,
1175 2980 1301 3038 libenter
1313 2987 1342 3038 et
1360 2979 1519 3039 efficaciter
1531 2978 1736 3048 assentientes,
1751 2975 1813 3035 imo

86 3070 200 3127 tlhristi
226 3069 359 3126 Galterus
388 3067 537 3126 cathedre
563 3067 833 3137 augustidunensis
844 3068 927 3124 urbis
982 3071 1121 3140 utgratia
1135 3088 1153 3126 u
1178 3071 1228 3128 Dei
1257 3071 1471 3143 omnipotentis
1496 3068 1680 3145 ampliorem}
1701 3081 1810 3126 merea·

86 3159 254 3232 episeopus
275 3156 401 3226 assensi,
421 3156 586 3230 etpropria
614 3172 708 3212 manu
727 3155 853 3212 firmari.
884 3157 927 3212 Si·
981 3175 1060 3226 mur,
1076 3162 1105 3215 et
1120 3158 1279 3216 stabilitate
1293 3163 1322 3214 et
1335 3174 1410 3232 pace
1432 3157 1548 3215 diutina
1562 3161 1655 3216 nostrl
1669 3155 1753 3226 regni
1765 3154 1813 3212 las-

87 3264 189 3319 gnum
204 3247 338 3317 Hugonis
362 3245 497 3318 episcopi
510 3246 558 3316 ti).
586 3247 647 3316 Ego
662 3244 693 3300 in
709 3244 832 3300 nomine
844 3244 927 3324 ‚ligni
982 3254 1090 3320 temm,
1105 3247 1312 3306 interdicimus
1335 3252 1364 3304 et
1382 3247 1578 3320 prohibemus
1590 3260 1643 3322 per
1670 3245 1729 3302 boc
1743 3242 1812 3300 soris

87 3336 195 3394 Crucis
210 3333 374 3392 Balduinus
389 3337 499 3392 sanetas
516 3333 596 3389 sedis
619 3333 816 3390 Tarvaneusis
832 3333 926 3389 antis·
981 3341 1067 3410 ptum
1083 3341 1112 3392 et
1136 3341 1321 3410 praeceptum
1337 3340 1446 3392 nostras
1472 3333 1655 3392 auctoritatis
1668 3337 1701 3390 ut
1723 3345 1812 3390 nemo

87 3431 135 3482 tes
150 3424 319 3497 astipulavi.
338 3427 398 3494 Ego
413 3422 611 3480 Theodericus
624 3422 845 3478 Aurelianensis
857 3423 927 3478 eivi—
982 3441 1116 3500 unquam
1132 3425 1178 3494 sit,
1194 3441 1249 3482 nee
1263 3424 1396 3482 militaris
1409 3424 1582 3497 quisquam,
1597 3437 1652 3479 neo
1663 3419 1813 3496 quispiam

88 3514 161 3572 tatis
175 3513 334 3588 episcopus
361 3527 456 3569 manu
484 3512 605 3586 propria
633 3511 835 3568 corroboravi.
868 3515 928 3582 Ego
981 3514 1084 3582 homo,
1100 3514 1307 3588 necquoelibet
1320 3530 1448 3590 persona
1462 3513 1499 3570 de
1515 3513 1587 3586 ipsis
1609 3510 1729 3570 duobus
1751 3525 1814 3571 aas

88 3605 252 3662 lietbertus
267 3605 328 3658 dux
353 3602 602 3672 Burgundionum
620 3603 654 3674 (8)
684 3601 806 3674 propria
833 3616 928 3656 manu
981 3601 1056 3660 tellis
1072 3602 1339 3676 supranominatis,
1354 3618 1408 3658 nec
1429 3601 1466 3659 de
1480 3600 1595 3660 cunctis
1609 3598 1673 3658 aliis
1686 3595 1813 3658 castellis

87 3692 220 3750 firmavi.
981 3697 1133 3766 quaeunt
1145 3692 1221 3765 juris
1235 3692 1332 3766 ipsius
1342 3692 1459 3750 comitis
1476 3691 1614 3750 Falconis
1629 3689 1745 3756 existat,
1761 3687 1814 3764 qui

433 3763 492 3816 Vffl
508 3760 585 3832 (1²²³)-
982 3775 1076 3834 ullum
1092 3777 1276 3834 contrarium
1303 3794 1404 3847 usum,
1426 3792 1524 3850 neque
1553 3771 1813 3840 consuetudinem,

90 3855 282 3934 Pl'aeft't'lum
297 3849 419 3932 1³9⁶&st
437 3851 516 3920 felli
531 3850 719 3905 Fffl'lfflrum
744 3848 780 3928 d?
795 3853 928 3904 mmm·
982 3880 1080 3936 neque
1094 3865 1278 3936 violentiam,
1287 3881 1342 3922 neo
1355 3866 1546 3921 dominatum
1559 3865 1691 3932 irrogare
1704 3859 1816 3916 audeat

128 3929 186 3978 stes
208 3921 340 3978 castellis
361 3921 594 3976 Flecte-Bosone
613 3925 702 3989 etque
721 3919 927 3988 attrahebam
982 3955 1285 4027 necproesumatjam
1301 3951 1528 4011 dicloefflnohio
1542 3953 1570 4008 S·
1583 3948 1665 4005 Pauli
1675 3944 1813 4020 apostoli,

129 4009 168 4050 ree
182 3995 251 4048 terte
262 3992 388 4063 aliquod
411 3993 566 4061 inseretur
590 3991 809 4048 incommodum
828 4005 929 4046 mosu-
1097 4041 1102 4053 ,
1241 4042 1246 4052 ,
1289 4042 1294 4051 ,
1462 4039 1477 4049 ,,
1529 4038 1560 4048 ,,
1594 4035 1599 4046 .
1796 4031 1801 4042 .

129 4065 194 4122 cm,
211 4063 515 4122 mmmmm„
983 4057 1038 4098 nec
1053 4041 1119 4100 ullu
1134 4042 1225 4098 rebus
1239 4057 1334 4113 rpsrus
1349 4040 1490 4110 ooenobu,
1506 4054 1562 4096 urst
1576 4039 1653 4094 sicut
1676 4039 1816 4108 tempori·

412 4155 508 4223 (Anno
527 4150 615 4221 tuta.)

92 4243 183 4314 [pom
206 4243 347 4308 pfflffiffi
375 4240 460 4296 prpe„
489 4239 651 4296 Auem„
669 4237 927 4308 rom,1‚001,137‚
983 4221 1121 4279 videlieet
1144 4223 1327 4277 Francorum
1349 4219 1438 4290 reg‘s,
1451 4223 1479 4276 et
1493 4216 1634 4288 genitoris
1646 4216 1742 4276 nostri
1756 4213 1815 4274 Hu-

185 4329 221 4368 ex
236 4311 363 4368 arcturis
379 4310 554 4368 monasterii
568 4309 839 4382 cormeriacensis]
983 4310 1069 4382 gonis
1081 4309 1184 4366 itidem
1213 4310 1397 4367 Francorum
1412 4309 1500 4380 regis,
1517 4313 1545 4364 et
1571 4306 1757 4382 temporibus
1777 4305 1814 4364 si·

130 4401 164 4456 ln
180 4400 434 4459 nominenomini
451 4399 501 4456 [tei
527 4398 730 4455 etSalvatoris
751 4398 929 4455 nostrilesu
982 4399 1106 4474 quidem
1131 4399 1267 4457 Fulconis
1296 4399 1424 4468 comitis,
1449 4403 1477 4456 et
1505 4396 1660 4458 Gaustredi
1684 4395 1813 4466 comitis,

92 4486 214 4554 Christi,
231 4488 404 4552 Rorsnrres,
421 4483 522 4542 divina
546 4483 704 4540 ordinante
728 4482 927 4556 PPOVidsssslia.
982 4490 1031 4546 avi
1043 4494 1071 4548 et
1085 4491 1177 4562 patris
1193 4489 1326 4562 saepefati
1345 4488 1482 4548 Falconis
1503 4487 1629 4544 comitis.
1648 4487 1814 4543 statuentes

93 4576 282 4632 Francorum
296 4591 358 4631 rex.
983 4583 1084 4637 auteur
1096 4579 1299 4654 praecipimus,
1308 4579 1559 4650 vehementerque
1571 4571 1812 4640 interminamus,

133 4665 162 4722 Si
175 4681 330 4722 servotum
343 4665 402 4734 Dei,
411 4678 575 4735 eorumque
589 4663 720 4719 maxime
731 4661 793 4736 qui,
802 4678 858 4718 ³11³
865 4678 929 4718 0111·
982 4674 1011 4724 et
1024 4682 1184 4724 monemus
1200 4684 1237 4726 ne
1265 4668 1343 4726 ullus
1365 4682 1502 4740 unquam
1524 4659 1749 4720 succedentium
1763 4655 1814 4714 ho

92 4753 372 4826 niarelinquentcs,
387 4752 535 4810 Christum
551 4751 635 4826 sequi
646 4756 929 4818 noscuntur,curam
982 4757 1110 4828 minum,
1150 4758 1358 4832 euJuscunque
1382 4753 1536 4828 potestatis
1562 4749 1611 4808 vel
1634 4744 1812 4805 conditionis

93 4845 240 4918 gerimus,
254 4849 282 4900 et
295 4843 335 4900 ad
349 4843 456 4900 divinae
469 4842 608 4916 potentiae
621 4842 651 4898 in
659 4841 732 4898 locis
747 4845 806 4898 ileo
822 4841 928 4898 dicatis
981 4845 1098 4910 existat,
1110 4845 1163 4920 qui
1173 4845 1230 4904 boe
1245 4848 1356 4900 nostrae
1367 4840 1549 4898 auctoritatis
1562 4841 1706 4895 statutum
1718 4834 1750 4892 in
1762 4833 1813 4892 ali-

93 4935 195 4992 verius
211 4933 402 4990 serviendum
420 4931 565 4988 auxilium
580 4931 771 5004 porrigimus.
788 4930 819 4986 id
839 4929 928 4986 nobis
982 4951 1043 5009 quo
1059 4934 1170 4992 violare
1186 4933 1304 5002 audeat,
1321 4947 1358 4988 ne
1386 4931 1523 5005 impietas
1544 4928 1608 4999 ejus
1633 4940 1668 4985 ae
1681 4921 1813 5000 superba

94 5021 308 5096 proculdubio
337 5021 377 5078 ad
392 5021 551 5079 mortalem
566 5021 657 5077 vitam
672 5035 814 5094 prospere
836 5019 929 5076 dedu·
983 5019 1143 5086 temeritas,
1167 5032 1273 5091 peenas
1308 5015 1436 5088 ultrices,
1462 5011 1576 5072 Christo
1600 5009 1712 5082 judice,
1738 5007 1811 5066 luat.

95 5113 236 5183 cendam,
252 5117 280 5168 et
293 5111 333 5168 ad
341 5115 485 5168 aeternam
496 5109 616 5166 feliciter
632 5109 838 5180 obtinendam,
848 5125 929 5165 com·
982 5113 1078 5181 Atque
1091 5110 1122 5164 ut
1136 5105 1201 5162 hac
1214 5103 1308 5160 nostri
1329 5104 1430 5160 statuti
1445 5106 1473 5158 et
1487 5098 1626 5173 praecepti
1653 5096 1812 5156 auctoritas

93 5201 223 5258 modurn
237 5200 395 5273 provenire
410 5199 601 5256 confidimus.
631 5196 741 5253 idcireo
764 5204 871 5254 notum
893 5197 930 5252 sit
982 5197 1104 5252 tirmum
1119 5192 1382 5265 inviolabilemque
1411 5189 1544 5248 obtineat
1558 5189 1703 5262 vigorem,
1718 5202 1813 5244 manu

95 5289 240 5348 omnibus
253 5294 364 5346 sauctae
374 5291 425 5345 Dei
431 5287 570 5349 Ecclesiae
582 5285 731 5352 fidelibus,
740 5290 769 5341 et
777 5286 928 5360 praecipue
981 5282 1105 5358 propria
1120 5281 1223 5338 subter
1237 5297 1305 5340 eam
1320 5281 1518 5346 firmavimus,
1541 5284 1571 5336 ct
1583 5278 1695 5338 annulo
1709 5281 1812 5334 nostro

95 5380 187 5437 totius
198 5378 284 5450 regni
307 5377 500 5452 primoribus,
515 5376 588 5448 quia
603 5374 676 5430 adiit
697 5373 811 5444 regiam
826 5373 929 5430 culmi-
983 5371 1132 5440 assignari
1142 5371 1298 5442 jus-imus.

94 5469 142 5526 nis
154 5468 249 5526 nostri
261 5466 472 5525 monarchiam
487 5465 576 5522 Fulco
591 5479 703 5534 comes,
723 5478 779 5536 pro
796 5477 928 5518 eommo-
1018 5460 1143 5533 Signum
1158 5459 1289 5517 ltotberti
1299 5457 1505 5532 gloriosissimi
1519 5457 1607 5530 regis.

133 5645 458 5718 (ttantissiodoronsis.
1018 5635 1293 5712 (etliliusltoberti
1306 5635 1395 5712 regia

982 4131 1041 4188 bus
1063 4137 1292 4188 antecessorum
1306 4133 1477 4186 nostrorum
1502 4130 1602 4186 aetum
1616 4129 1670 4193 est,
1687 4121 1815 4184 Lotharii
1908 4113 1917 4132 ‘
