3990 6184
153 67 217 120 list
484 15 490 32 ¹
684 124 693 132 ,
728 55 868 112 GahctAE
887 51 1042 112 contusi
1063 52 1283 120 eumachus.
1785 61 1853 122 ttae

150 183 224 240 sime
238 181 270 242 in
284 181 395 256 equulo
408 195 555 255 suspensa
568 183 597 238 et
609 178 802 250 exungulata,
813 175 918 236 iaculis
929 191 975 232 ar-
991 178 1015 246 lp
1029 191 1097 236 rum
1111 176 1244 242 abintus
1260 178 1364 238 Filium
1379 179 1512 240 hominis
1522 179 1554 238 in
1566 180 1671 252 spiritu
1685 180 1785 252 monce
1796 200 1854 244 sure

148 269 288 330 dentibus
302 287 340 327 ex
354 274 480 342 utroque
495 268 586 325 latere
610 266 755 340 appositis
777 267 886 325 hausto
906 265 976 336 igne
1028 265 1219 338 illustrarent,
1242 283 1277 331 eo
1299 271 1402 330 sancta
1423 267 1566 329 animalia
1590 269 1716 328 exteuus
1739 273 1855 340 binum

149 359 287 434 spiritum
311 356 418 422 reddit,
434 355 517 432 apud
542 355 701 414 Emeritam
723 354 878 428 Hispaniae.
902 355 976 410 Sunt
1029 353 1090 425 usi,
1118 371 1172 428 par
1201 361 1309 416 cuncta
1332 359 1477 429 amputa.
1506 356 1537 418 in
1565 371 1628 416 una
1655 357 1854 420 d0ffll¹¹²ll⁰¹10

147 447 279 524 reliquiae
302 449 411 504 sancta
425 444 578 504 leocadiae
594 444 726 516 virginis,
742 461 810 518 quae
829 442 912 518 apud
924 445 976 500 To-
1030 446 1158 500 sianum
1173 444 1348 516 proterrent,
1364 448 1393 502 ot
1407 443 1485 502 intus
1500 445 1545 508 vei
1560 445 1633 504 toris
1655 446 1758 507 eterni
1774 449 1856 518 Regia

146 536 249 602 letum,
264 533 331 592 dica
346 531 472 590 carceris
487 532 633 600 custodia,
650 531 777 606 genibus
792 532 823 590 in
841 531 976 588 oratione
1029 532 1159 590 tribunal
1177 538 1206 590 et
1227 533 1336 590 sotium
1361 533 1496 607 mysterii
1518 534 1751 596 revelationibus
1772 535 1853 598 tami
1958 593 1959 596 ,

146 623 261 698 positis,
277 621 467 695 impollutum
489 621 604 680 Christo
625 621 761 696 spiritum
784 620 914 680 tradidit.
931 625 976 684 tn·
1027 619 1137 680 liariter
1150 622 1342 688 adornarent,
1364 627 1454 694 atque
1475 622 1525 694 pia
1549 639 1679 686 munera
1702 623 1854 688 offerentes

147 716 217 770 sunt
228 709 360 786 reliquiae
375 714 485 770 sancte
501 709 625 784 Eulaliae
637 710 788 784 martyris,
802 727 870 784 quae
884 725 974 782 passa
1027 711 1058 770 in
1073 711 1188 772 Christo
1201 727 1297 780 unum
1312 728 1422 785 corpus
1436 710 1595 775 efficerent.

145 805 188 858 est
203 799 259 856 sub
275 799 407 856 liaciano
420 798 450 854 in
467 798 582 857 civitate
597 798 794 856 barchinona.
1063 802 1189 866 Omnem
1204 801 1285 861 enim
1300 800 1458 865 mamriam
1472 800 1647 860 intrinsecus
1668 807 1697 860 et
1716 803 1851 862 extunsa·

180 890 263 948 Hanc
289 906 360 962 ergo
376 888 547 958 Ecclesiam,
563 893 633 963 post
654 888 855 946 evolutionem
876 892 976 946 octua-
1029 906 1082 948 cus
1109 890 1140 950 iu
1168 905 1324 962 proceram
1351 889 1559 948 celsitudinem
1587 889 1653 948 lecit
1676 905 1810 962 surgere,
1829 897 1854 952 et

145 979 250 1052 gesimi
265 977 383 1052 septimi
398 978 479 1046 anni,
497 977 702 1036 edificationis
722 995 784 1036 sua
806 983 835 1034 et
857 975 974 1036 Domini
1028 979 1169 1040 manibus
1183 978 1331 1036 artificum
1347 979 1453 1036 taciem
1469 979 1656 1051 angulosque
1671 979 1714 1038 sio
1737 996 1854 1040 exorna·

143 1073 211 1126 tesu
236 1067 341 1126 Christi
363 1085 381 1126 a
403 1067 556 1124 Nativitatc
577 1067 727 1124 millesimi
749 1065 975 1141 quadragesimi
1028 1067 1080 1137 vit,
1095 1072 1296 1139 utnusquam
1312 1067 1453 1137 iunctura
1472 1066 1591 1140 paginis
1614 1071 1784 1140 appareret
1797 1068 1855 1141 ipse

143 1157 274 1230 regebat,
289 1155 494 1214 nostrisoeculi
508 1155 635 1214 laudum
651 1155 735 1215 titulo
750 1155 919 1229 praeclarus,
934 1154 976 1212 vi·
1028 1171 1150 1230 quoquo
1177 1157 1239 1228 jam
1269 1155 1386 1228 pridem
1413 1155 1542 1228 spatium
1566 1155 1651 1226 quod
1674 1155 1774 1216 iuerat
1794 1163 1854 1229 post

143 1251 179 1302 trs
195 1261 230 1302 ac
243 1260 362 1302 morum
378 1243 525 1318 probitate
541 1243 656 1302 cunctis
672 1243 792 1316 charus,
807 1243 974 1306 eruditione
1028 1245 1121 1306 altare
1146 1243 1311 1305 venerandi
1337 1243 1485 1304 Michaelis
1513 1249 1693 1313 argumento
1713 1250 1745 1303 ot
1768 1247 1854 1306 munl-

142 1333 273 1390 tilicrum
289 1337 317 1390 et
332 1333 426 1406 gretia
443 1332 594 1390 maximus
608 1331 700 1400 Oliva,
716 1332 895 1392 soliditatem
908 1348 974 1390 sau·
1027 1332 1178 1392 nificeutia
1204 1331 1347 1404 singulari
1369 1331 1527 1406 amplexus
1552 1335 1607 1401 est.
1622 1336 1651 1392 et
1673 1332 1808 1406 deposita
1825 1335 1854 1392 in

142 1428 196 1480 ctse
211 1421 281 1480 fidei
294 1422 438 1480 veraciter
453 1427 557 1478 tenens
572 1427 601 1480 et
619 1422 649 1480 in
668 1422 785 1482 sincera
804 1421 902 1480 cordis
921 1421 972 1480 de·
1028 1427 1165 1484 sanctum
1194 1421 1311 1482 Domini
1338 1438 1417 1494 opus
1440 1437 1460 1500 a
1486 1421 1557 1480 loris
1581 1437 1673 1495 super
1697 1423 1853 1484 reverenda

141 1511 260 1570 votione
275 1501 470 1586 amplectens.
482 1493 579 1568 Voluil
590 1510 699 1584 pignus
713 1509 909 1568 humanitatis
919 1512 973 1566 oo-
993 1518 1193 1591 gmartyrum
1222 1511 1375 1576 valentini,
1406 1509 1592 1578 flamidiani,
1619 1515 1711 1584 atque
1747 1513 1850 1572 contes-

141 1597 215 1656 mini
231 1599 321 1656 nostri
338 1602 533 1672 attentorum
552 1597 687 1656 fidelium
707 1599 772 1671 ejus
791 1599 885 1658 oculis
907 1615 971 1658 car·
1027 1601 1102 1662 soria
1114 1600 1227 1664 Naresii
1243 1615 1369 1673 corpora
1385 1598 1424 1666 ad
1435 1599 1537 1660 locum
1553 1615 1633 1660 nunc
1648 1599 1797 1670 condigne
1809 1617 1850 1658 ve

141 1688 204 1744 ocis
216 1687 377 1762 ponderari
392 1706 399 1756 ;
426 1687 480 1746 sed
495 1688 659 1746 construxit
674 1687 923 1762 propitiatorium,
939 1693 973 1746 ut
1025 1693 1178 1760 nerantur,
1193 1687 1319 1762 pulchro
1332 1692 1361 1744 et
1375 1691 1480 1748 ornato
1494 1703 1584 1766 opere
1598 1687 1694 1754 besto
1706 1688 1846 1757 genitricis

140 1776 246 1834 beatus
261 1779 375 1850 ltoyses
397 1793 487 1854 super
503 1776 606 1848 altare,
620 1776 726 1836 artifici
739 1777 920 1848 magisterio,
936 1793 971 1836 ac
1026 1777 1122 1840 uerte
1145 1782 1175 1840 cl
1197 1776 1448 1848 archangelorum
1464 1776 1573 1838 ilci-in
1595 1780 1710 1849 crypta,
1725 1793 1792 1850 quae
1813 1777 1847 1838 ad

140 1865 284 1924 felicitatis
306 1881 446 1939 compos;
473 1866 512 1924 ad
539 1865 742 1926 contuendum
773 1866 970 1924 universitatis
1025 1865 1203 1940 praesepium
1226 1865 1343 1934 dicitur,
1359 1865 1503 1924 exstruxit
1524 1863 1750 1934 ecclesiam,itu
1769 1870 1797 1924 ut
1814 1883 1846 1924 ex

141 1953 245 2032 baum,
258 1956 290 2008 ut
302 1952 487 2022 condignum
500 1953 564 2022 fuit,
575 1953 648 2012 tanti
662 1952 971 2028 decorisitluddispo
1024 1959 1152 2028 utroque
1174 1953 1299 2026 Virginis
1324 1953 1415 2012 latere
1432 1953 1543 2018 summi
1566 1952 1617 2013 liei
1642 1953 1753 2026 augeb,
1768 1959 1844 2016 uate

140 2039 199 2095 suit
211 2044 243 2095 ut
257 2039 335 2098 ocuti
347 2040 525 2098 intuentium
538 2041 568 2100 in
582 2041 647 2112 ejus
661 2041 815 2112 specievir
827 2041 970 2100 satiaren-
1025 2044 1076 2102 bei
1090 2043 1188 2108 astru
1204 2042 1331 2114 gloriam
1344 2041 1488 2103 laudibus
1502 2042 1563 2100 sive
1578 2041 1746 2112 mediisin
1767 2043 1842 2102 obse-
1958 2051 1959 2054 ’

139 2132 195 2183 tur.
214 2126 457 2202 Bases‚inquam‚
470 2128 556 2198 juxta
569 2128 658 2187 unius
671 2128 801 2186 hominis
816 2128 968 2186 incessum
1023 2132 1130 2206 quium
1153 2148 1238 2191 novae
1261 2131 1492 2201 emundantes
1513 2130 1625 2192 deruis
1647 2132 1722 2203 eius,
1738 2133 1837 2192 dehuel

139 2220 270 2292 quatuor
284 2232 302 2271 a
317 2216 397 2274 calce
417 2216 522 2292 procul
542 2216 642 2274 altaris
656 2216 767 2290 posuit,
785 2217 968 2292 totidemque
1023 2226 1201 2295 conceptum
1214 2225 1317 2293 partus
1332 2220 1457 2286 nuntiat,
1473 2235 1509 2276 ae
1524 2235 1543 2278 a
1557 2219 1685 2280 sinistris
1699 2218 1833 2289 drginab‘t

138 2304 295 2362 columnas
310 2322 325 2362 e
339 2321 489 2362 marmore
504 2303 665 2362 rubicundi
680 2303 787 2362 coloris
807 2321 822 2364 e
838 2305 968 2378 singula·
1023 2309 1125 2381 glorie
1140 2307 1357 2382 plenitudinem
1370 2307 1547 2382 splendibus
1561 2307 1695 2380 tiuphaei
1714 2306 1838 2368 affirmet

138 2394 222 2452 ribus
238 2394 317 2452 saxis
337 2393 367 2450 in
383 2394 512 2466 pedibus
537 2398 650 2468 septem
675 2394 841 2455 voluntaria
856 2394 967 2456 fortitu·
1022 2398 1170 2472 Adpedes
1185 2397 1283 2464 eham,
1301 2413 1354 2457 seu
1369 2395 1770 2465 insinumusatamuiatus
1792 2397 1839 2454 cir
1958 2445 1959 2448 ,

137 2484 207 2540 dine
222 2485 323 2554 erexit,
339 2483 475 2556 explicite
490 2483 521 2540 in
540 2483 663 2542 oraculo
685 2483 845 2543 Cherubim
865 2484 966 2556 glorie
1022 2485 1216 2564 cumpsepsit,
1233 2489 1261 2544 et
1283 2485 1354 2567 hinc
1374 2484 1445 2544 inde
1465 2488 1613 2556 martyres
1634 2483 1777 2557 sepelivit,
1798 2484 1842 2557 qui

136 2572 349 2632 obumbrantia
375 2588 466 2630 sacrae
479 2572 678 2630 venerationis
709 2573 853 2641 liguram,
884 2577 912 2630 et
935 2573 964 2630 in
1021 2575 1058 2632 da
1075 2591 1107 2634 se
1132 2574 1178 2637 vet
1198 2573 1407 2644 languentium
1436 2573 1529 2632 salute
1557 2572 1708 2634 dicerem:
1735 2595 1749 2621 ιε
1765 2577 1841 2640 Ecce,

136 2659 285 2720 columnis
308 2665 476 2734 martyrum
501 2659 626 2732 gloriam
648 2665 892 2738 premonstrans.
910 2662 964 2727 Oui
1020 2664 1074 2722 iste
1096 2667 1184 2732 heus,
1199 2663 1340 2724 tortitudo
1365 2667 1477 2724 nostra.
1495 2686 1509 2716 n
1532 2667 1556 2722 t
1579 2662 1655 2722 tocie
1678 2667 1778 2722 autem
1796 2666 1841 2720 tle

135 2749 270 2824 corporis
303 2748 443 2824 passione
475 2747 652 2818 rubicundi,
684 2748 804 2824 spiritus
836 2749 964 2824 puritate
1020 2752 1106 2823 ginta
1131 2756 1165 2811 ut
1188 2755 1232 2810 est
1250 2750 1388 2811 terribilis
1418 2767 1454 2809 ac
1481 2750 1601 2812 divium
1628 2751 1760 2822 lticbsel,
1783 2756 1839 2808 tan·

136 2837 258 2897 candidi
280 2853 334 2912 per
359 2837 475 2897 undam
500 2837 689 2912 baptismatis
716 2837 896 2898 veternosis
917 2837 1112 2940 essequam
1140 2840 1180 2902 cd
1207 2840 1363 2904 tuitionem
1391 2840 1438 2898 sui
1476 2839 1579 2899 litium
1615 2845 1684 2900 unte
1715 2845 1839 2914 tempora

133 2925 334 2987 veneruntad
352 2925 536 2984 incrementa
549 2925 670 2996 frugum
682 2925 802 2997 justitie
819 2927 880 2994 uei,
894 2927 962 2987 doc·
1018 2934 1123 2988 natum
1135 2928 1275 2998 fidelibus
1288 2933 1317 2986 et
1328 2927 1471 2986 omnibus
1484 2927 1524 2988 sd
1546 2943 1577 2986 se
1590 2927 1774 2988 venientibus
1793 2944 1839 2985 as-

134 3020 294 3090 torumque
319 3019 448 3081 caterva,
472 3014 524 3090 qui
537 3015 704 3074 constantia
726 3014 963 3086 fortitudinisvcl
1019 3018 1148 3088 signavit
1170 3017 1297 3077 dicens:
1319 3018 1479 3076 [mumistia
1499 3018 1648 3087 tutantes
1670 3020 1776 3088 pennu
1799 3019 1841 3074 iu·

131 3103 193 3160 zelo
227 3103 412 3162 rectitudinis
438 3103 468 3160 in
494 3103 620 3160 basibus
645 3107 813 3163 sustentant
843 3105 961 3180 plebem
1017 3108 1151 3164 colatum
1177 3112 1204 3162 et
1226 3107 1358 3175 positam
1387 3107 1420 3163 ta
1443 3107 1590 3176 praesepto
1618 3107 1700 3178 (Luc.
1726 3123 1753 3172 u,
1780 3107 1840 3176 itt:

128 3194 266 3264 junctam
282 3210 404 3252 summo
419 3192 508 3266 capiti
532 3192 563 3250 in
578 3193 689 3252 unitate
704 3193 783 3252 fidei.
802 3195 896 3268 Super
911 3211 959 3252 ce·
1016 3197 1092 3266 Ergo
1106 3199 1140 3252 ut
1153 3193 1324 3253 altitonanti
1345 3193 1482 3254 decentia
1493 3195 1524 3252 in
1545 3210 1623 3254 vere
1645 3195 1717 3254 fidei
1734 3195 1840 3256 contes-

130 3283 193 3356 pita
206 3284 295 3340 etiam
320 3283 540 3354 columnarum,
557 3287 590 3340 ut
604 3283 767 3342 candorem
783 3283 960 3342 ecclesiasti·
1015 3283 1098 3343 sione
1122 3282 1232 3343 domus
1258 3282 1424 3356 possideret
1444 3285 1615 3346 maumam
1638 3288 1792 3362 partuset
1810 3283 1840 3342 in

130 3389 173 3428 cae
199 3372 340 3429 castitatis
361 3371 555 3445 imprimeret,
571 3389 606 3428 ac
626 3371 825 3446 spiritualium
853 3373 959 3446 gratia·
1014 3389 1069 3430 suo
1086 3372 1200 3442 ordine,
1216 3371 1304 3444 quasi
1318 3370 1358 3431 ad
1370 3369 1505 3433 officium
1518 3371 1656 3442 Virginis,
1672 3377 1839 3434 sanctorum

128 3477 197 3518 rum
222 3461 310 3520 tiores
334 3461 560 3535 proficientibus
583 3462 695 3520 meritis
720 3478 811 3520 vauos
836 3463 958 3521 umores
1012 3461 1105 3518 decus
1119 3461 1186 3517 loco
1203 3459 1335 3517 interiori
1357 3459 1495 3533 pretulit,
1512 3465 1540 3515 et
1561 3460 1598 3516 ad
1619 3461 1713 3520 instar
1730 3459 1834 3528 regalis

127 3549 252 3620 tolleret,
270 3548 388 3608 exalbo
409 3565 559 3616 marmore
579 3550 715 3626 capitella
731 3551 840 3619 statuit,
857 3551 958 3608 foliato
1010 3549 1120 3620 throni,
1147 3564 1209 3608 non
1241 3563 1337 3619 usquc
1370 3548 1410 3604 ad
1433 3563 1584 3608 summum
1603 3545 1702 3619 templi
1724 3545 1827 3618 puna-

126 3654 250 3712 corpore
273 3642 301 3695 ct
323 3635 448 3696 floribus
463 3637 650 3698 diversarum
672 3639 808 3701 modum.
825 3641 958 3712 Desuper
1011 3637 1123 3714 culum,
1138 3635 1290 3705 sedjuxta
1309 3650 1486 3716 mensuram
1511 3633 1598 3706 spatii
1615 3633 1684 3696 tecit
1699 3648 1834 3692 muscu-

125 3731 237 3796 autem,
249 3731 281 3784 ut
295 3725 369 3782 ordo
384 3725 526 3796 habebat,
539 3725 576 3782 de
587 3725 676 3798 lignis
691 3727 816 3788 sectisin
828 3731 955 3801 suaque
1009 3725 1073 3789 lum
1085 3723 1210 3788 maximi
1221 3727 1250 3784 ot
1271 3723 1403 3783 mirandi
1415 3723 1524 3796 operis,
1538 3721 1593 3796 otti
1607 3721 1752 3786 diuideret
1772 3737 1839 3782 ora-

123 3819 208 3889 parte
225 3813 421 3889 propitiatorii
436 3817 539 3870 contra
563 3829 596 3870 se
619 3813 748 3872 invicem
771 3814 884 3890 positas
908 3832 956 3874 oo·
1009 3815 1111 3872 culum
1123 3830 1142 3870 a
1154 3811 1246 3888 priori
1261 3816 1345 3885 parte
1360 3812 1474 3886 templi,
1487 3816 1517 3871 et
1538 3812 1583 3870 ibi
1601 3811 1699 3874 beatae
1719 3815 1746 3868 et
1763 3811 1841 3872 indi-

123 3905 245 3961 lumnas
258 3897 404 3961 he'bentes
415 3907 474 3960 tres
484 3902 676 3960 semicubitos
689 3902 856 3962 ambientes
866 3920 954 3964 arcus
988 3902 1106 3964 ,vidue
1122 3901 1268 3964 Trinitatis
1283 3900 1399 3962 clarum
1411 3901 1503 3965 altare
1518 3916 1622 3964 coram
1644 3901 1746 3962 mdiu
1765 3901 1845 3960 testi·

121 3993 199 4050 infra
210 3993 369 4065 juncturas
384 3991 431 4050 vel
455 3996 534 4049 secto
556 3995 584 4052 et
598 3995 710 4050 serrato
725 3991 806 4062 liguo
829 3992 952 4052 virtutes
1007 3993 1064 4053 bus
1080 3993 1136 4065 ptis
1151 3990 1293 4050 manibus
1307 3990 1498 4063 dedicavitut
1511 3990 1575 4053 vice
1597 3993 1687 4052 saur
1701 3994 1730 4051 at
1753 3991 1845 4052 Filius

121 4085 296 4138 sanctorum
321 4080 443 4148 inuexit,
459 4095 528 4157 qum
543 4082 649 4138 mutuo
672 4079 728 4138 sihi
747 4080 835 4157 quasi
858 4081 952 4140 adie·
1006 4082 1149 4144 omnibus
1164 4079 1271 4138 diebus
1294 4079 1529 4154 eradicarentur
1551 4097 1589 4142 ao
1611 4080 1758 4140 musone
1781 4081 1846 4142 lau·

121 4173 239 4226 uestras
252 4185 342 4226 versa
356 4168 512 4238 vicaciter
525 4168 556 4227 in
571 4168 663 4228 attero
677 4169 828 4244 proficuos
840 4170 951 4230 irucurs
1004 4170 1126 4229 datione
1138 4169 1311 4234 mortalium
1326 4169 1532 4232 adorarentur.
1550 4169 1604 4232 Cui
1624 4170 1743 4244 utrique
1758 4172 1847 4246 operi

119 4257 152 4314 in
164 4257 324 4314 arboream·
339 4257 527 4316 sustollerent
544 4258 726 4323 firmitatem.
743 4262 820 4318 inter
828 4260 950 4332 junctu·
967 4224 1037 4316 Dut
1059 4257 1270 4320 conflentibus
1288 4257 1468 4331 penante
1493 4257 1769 4322 emerentianam
1793 4259 1846 4318 da·

118 4363 168 4404 ras
183 4351 284 4404 autem
298 4345 424 4408 arcusin
435 4361 595 4420 arcemque
608 4363 751 4406 ascensus
763 4348 908 4408 fenestras
918 4349 950 4410 in
1002 4351 1057 4416 ret,
1071 4346 1153 4409 bono
1168 4346 1273 4410 ordine
1287 4346 1328 4406 ad
1347 4350 1523 4408 sanctorum
1544 4347 1674 4418 pignora
1697 4345 1739 4406 ab
1762 4347 1847 4408 inuis

120 4433 204 4491 omni
216 4448 324 4506 genere
339 4431 506 4506 specierum
529 4431 590 4492 sive
611 4449 737 4514 operum
759 4436 950 4506 multitudine
1001 4441 1067 4505 tuta
1102 4435 1247 4509 praemisit
1280 4435 1406 4506 ostiola„
1433 4439 1473 4494 ut
1498 4435 1641 4498 omnibus
1675 4441 1784 4498 ament
1817 4437 1849 4496 'ur

119 4522 356 4596 diligentissima,
368 4521 485 4596 pictura
496 4520 623 4580 variatas
637 4521 807 4582 substravit.
821 4525 949 4600 sculpsit
1002 4519 1108 4596 unnim
1135 4523 1187 4597 qui
1213 4523 1269 4582 soii
1294 4527 1354 4584 ileo
1382 4523 1590 4597 inprecans
1631 4523 1771 4598 prumtis
1801 4532 1849 4586 est

117 4627 239 4687 quoque
253 4614 284 4666 in
298 4626 373 4684 gyro
388 4626 441 4684 per
454 4609 617 4686 quadrum,
632 4609 672 4668 ita
687 4615 720 4667 ut
740 4609 815 4668 lacte
841 4611 881 4670 ad
902 4613 947 4672 ia·
1001 4612 1235 4672 manifestatum.
1251 4611 1296 4672 ed
1316 4610 1479 4673 videndum
1497 4611 1587 4681 igitur
1606 4612 1722 4673 &nota
1749 4613 1848 4674 runi-

116 4699 193 4757 cicm
209 4699 398 4768 seviderent,
414 4697 528 4756 dolatili
551 4697 632 4770 ligno
654 4698 801 4770 imagines
817 4705 946 4773 quatuor
1000 4701 1068 4760 tatis
1089 4701 1181 4761 altare
1201 4699 1279 4760 intra
1300 4702 1409 4762 sancta
1429 4704 1604 4764 sanctorum
1624 4699 1740 4771 greum
1770 4708 1843 4776 apte

117 4786 379 4864 evangelistarum,
396 4787 547 4864 subiitque
572 4805 623 4847 eos
642 4788 720 4850 inira
734 4793 828 4850 status
841 4789 944 4853 formae
980 4785 1115 4858 locavit,
1131 4789 1263 4854 utiacils
1286 4789 1489 4852 dilaberentur
1513 4788 1568 4862 qui
1593 4789 1762 4850 messuere
1794 4792 1846 4850 vel

116 4875 276 4952 superioris
290 4879 320 4934 et
333 4876 557 4936 reclinationem
581 4893 669 4936 arcus
684 4877 842 4947 interioris,
859 4878 901 4938 sic
913 4884 946 4938 ut
997 4879 1180 4944 descendere
1194 4877 1401 4940 tentavissent.

115 4971 255 5042 aspectus
270 4979 376 5022 eorum
387 4965 419 5021 in
434 4969 563 5041 quatuor
579 4965 685 5024 mundi
696 4972 797 5040 partes
811 4971 945 5040 Evange-
1034 4972 1135 5043 ltaque
1144 4967 1302 5041 juvitcum
1313 4967 1495 5030 iuomuihus
1510 4967 1841 5042 edornmiscam

111 5055 143 5113 lii
165 5055 262 5130 gratia
276 5053 481 5124 concordaret,
497 5053 595 5112 albori
618 5069 691 5112 vero
713 5056 810 5128 gradu
823 5061 944 5130 agnum
997 5058 1176 5127 monachus,
1187 5057 1244 5117 iter
1256 5072 1388 5130 sequens
1399 5057 1543 5128 magistri,
1552 5057 1644 5118 utillo
1658 5055 1758 5126 Oliba,
1767 5059 1838 5134 qui·

111 5160 216 5201 eorum
239 5142 416 5218 aspicerent.
430 5142 563 5200 tnteriori
581 5158 715 5218 namque
739 5145 864 5215 ambitu,
881 5162 943 5206 non
996 5162 1055 5219 que
1062 5152 1126 5204 erat
1136 5161 1262 5206 summae
1273 5145 1423 5218 pemeus
1434 5161 1470 5204 ao
1480 5144 1720 5210 mausuetudinis
1732 5147 1793 5217 vir,
1807 5153 1839 5205 ct

112 5233 153 5289 ud
167 5247 313 5308 pompam
325 5234 355 5288 et
368 5229 576 5288 claritudinem
591 5231 682 5302 vulgi
695 5233 942 5308 opulentissimus
996 5235 1101 5294 subeo
1115 5233 1342 5304 vigilantissime
1352 5233 1384 5294 in
1396 5233 1634 5298 verisssctioues
1643 5233 1772 5306 taudem
1783 5235 1841 5296 do-

109 5322 231 5391 praesui,
248 5337 281 5377 se
305 5320 336 5376 in
362 5317 451 5377 laude
473 5317 634 5394 duodecim
658 5320 864 5394 apostolorum
887 5322 942 5382 bo·
994 5339 1079 5387 mum
1094 5322 1291 5387 custodiebat.
1308 5322 1683 5392 recensuerimus
1696 5339 1834 5396 proson-

109 5401 199 5480 nique
214 5409 335 5466 illorum
360 5407 488 5482 ttagistri
502 5407 641 5473 vutuum
665 5410 787 5492 pretiosi
806 5409 880 5486 ligni
894 5427 940 5475 or·
993 5411 1031 5470 tis
1044 5411 1110 5475 testi
1124 5411 1218 5477 nocui
1232 5411 1379 5483 gaudium
1391 5410 1430 5477 de
1439 5410 1668 5486 normannnis
1680 5425 1785 5486 pauca
1794 5429 1837 5472 ex

106 5493 256 5596 dilitissff
278 5497 390 5574 adfixit,
407 5493 586 5589 uisitatrlali
599 5497 674 5567 iuter
696 5499 820 5594 sentus,
843 5500 940 5576 iham·
992 5501 1129 5575 prnsus
1139 5500 1507 5580 chbbblbtlltwl
1521 5499 1852 5584 “MMQ

1581 5613 1701 5656 assur
