4044 6184
119 165 166 222 nr
400 215 402 218 .
620 131 624 142 ’
671 143 735 224 uin.
757 161 1008 222 nantnlcuns
1030 163 1173 224 sunere
1193 169 1291 226 aruis.
1781 167 1836 238 ,ῃ

116 291 264 347 hactenm
274 281 445 358 ignorantia
458 279 613 358 distulerit,
628 287 685 346 hoc
698 287 809 346 amodo
824 285 948 364 pervigil
971 289 1157 348 Admaldus
1184 293 1418 352 ltolhenensium
1444 296 1613 373 episcopus}
1639 287 1700 359 sui's
1719 307 1834 362 mutum

117 393 269 444 recursus,
307 373 511 448 frequensque
536 377 652 450 repetiti
686 377 797 434 itineris
826 377 948 446 reditus,
1008 379 1388 450 parochianisconllarcrat
1402 385 1570 458 synodum:
1586 405 1648 462 quo
1663 390 1700 446 de
1709 390 1835 450 dirersis

115 466 203 525 brevi
218 463 361 538 temporis
376 463 473 537 spatio
487 465 630 538 perficiet.
656 467 802 538 accingar
824 483 895 538 ergo
906 465 950 522 ri·
1007 470 1227 527 monachorum
1243 476 1295 528 aut
1308 474 1523 532 canonicorum
1538 475 1833 552 congregationibus,

116 557 219 626 riliter,
245 555 348 630 reique
371 553 529 611 exordium
544 555 711 628 aggrediar.
728 581 741 607 υ
771 559 830 614 tloc
851 557 951 630 itaque
1006 557 1036 613 in
1054 559 1162 631 capsis,
1179 559 1226 617 vel
1249 561 1432 632 imaginibus
1457 566 1567 636 aureis,
1583 573 1755 626 sanctornm
1768 585 1832 628 eor·

116 646 277 722 disposito,
293 643 456 718 auditoque
467 644 621 703 venditore
634 647 765 720 plurima
785 663 859 704 oerae
874 661 951 720 pon·
1006 642 1166 719 pora'suut
1181 655 1290 707 evecta.
1313 654 1381 708 Erat
1395 651 1553 712 distribute
1568 661 1741 716 sanctorum
1756 661 1835 716 acies

116 738 192 796 dera
204 733 431 806 diligentissime
456 739 555 805 taxat,
575 735 740 812 decemque
755 735 953 794 dinumeratis
1006 737 1037 792 in
1053 739 1184 795 tentoriis
1198 739 1229 797 in
1244 740 1457 814 papilionibus,
1470 743 1501 800 in
1516 749 1602 818 prato
1613 747 1706 804 sancti
1722 747 1833 820 l'eli'cis,

117 825 235 892 solidis,
246 827 402 896 comparat
417 839 551 882 messam
566 825 728 896 ingentem,
744 829 833 889 sturm
846 826 877 882 in
889 841 952 882 sac·
1006 827 1089 900 quod
1105 827 1274 902 disparatur
1291 829 1329 886 ab
1342 831 1416 888 urbe
1431 834 1519 905 quasi
1533 849 1594 892 rino
1609 839 1726 894 mutarn
1741 839 1834 896 ruilia-

117 915 195 972 culis
214 914 359 972 recondit.
387 915 420 968 llt
436 913 500 984 jam
515 914 651 985 gaudens
667 914 793 972 minimo
815 931 881 972 sese
904 913 952 972 vel
1007 913 1060 970 rio.
1076 917 1158 972 llunc
1172 916 1272 974 locum
1289 918 1439 994 praecipuo
1454 921 1548 978 sancti
1564 922 1643 980 idacii
1657 926 1835 984 contessoris

116 1003 326 1078 quadmplum
351 1002 549 1074 lucraturum,
565 1003 607 1060 sic
629 1003 713 1078 apud
734 1019 766 1061 se
780 1005 949 1076 cogitabat:
1007 1020 1099 1062 aurea
1110 1007 1293 1078 majestas‚el
1308 1009 1402 1066 sancii
1415 1011 1544 1068 amantii
1560 1027 1645 1086 reque
1656 1013 1835 1072 contessoris

116 1118 132 1145 a
148 1097 187 1150 st
200 1097 250 1150 at:
265 1091 385 1150 benesc
407 1091 498 1149 habet
520 1093 721 1166 principium:
746 1093 820 1167 quid
834 1099 909 1162 tum,
926 1093 951 1151 sl
1006 1096 1035 1150 et
1062 1095 1195 1168 episcopi
1220 1111 1312 1154 aurea
1339 1099 1492 1173 majestas,
1517 1105 1546 1158 ct
1567 1107 1661 1160 sancta
1682 1105 1833 1162 satormrn

116 1183 222 1257 plures
236 1181 317 1238 vices
331 1179 445 1238 redeo?
471 1205 484 1232 n
500 1181 565 1246 Sed.
571 1183 636 1255 jam
651 1185 747 1240 exitus
762 1183 804 1240 rei
820 1199 881 1240 non
898 1183 950 1240 de·
1007 1182 1145 1255 martyris
1173 1197 1264 1240 aurea
1292 1201 1393 1258 capsa,
1424 1192 1453 1244 et
1481 1193 1592 1246 sanctae
1621 1191 1719 1248 Murice
1744 1207 1836 1250 astrea

116 1271 169 1330 bet
180 1285 237 1329 uos
251 1270 405 1328 remorari.
422 1269 511 1342 lgitur
527 1271 683 1344 superfluit
696 1271 821 1346 pulcher
835 1288 949 1342 cereus,
1004 1271 1118 1343 imago,
1131 1276 1161 1328 et
1173 1278 1284 1330 sanctes
1297 1274 1398 1332 Crucis
1419 1290 1509 1332 aurea
1525 1293 1608 1344 crux,
1622 1283 1651 1334 et
1666 1285 1779 1338 sancte
1795 1279 1836 1338 ri·

116 1362 172 1436 qui
193 1377 256 1418 non
282 1359 379 1434 potuit
398 1359 474 1416 inter
497 1359 646 1434 reliquum
670 1377 777 1436 capere
796 1378 948 1420 acervum.
1006 1359 1052 1416 dis
1065 1375 1156 1418 auree
1172 1361 1317 1434 malastas
1336 1364 1529 1423 decorabant.
1548 1367 1637 1424 Erant
1650 1371 1757 1440 prester
1771 1367 1835 1424 haec

118 1453 204 1508 llunc
218 1449 264 1506 vir
276 1447 445 1523 cupiditatis
459 1448 490 1504 in
511 1447 611 1506 sinum
627 1449 780 1524 applicuit,
796 1467 831 1508 eo
846 1450 950 1509 videli—
1007 1453 1179 1506 sanctarum
1192 1451 1286 1508 multa
1305 1452 1443 1525 pignora,
1469 1469 1600 1527 quorum
1614 1471 1759 1514 nanterus
1774 1471 1835 1513 non

117 1544 166 1597 cet
179 1539 271 1597 modo
284 1543 317 1595 ul
331 1539 482 1612 quantitas
495 1537 619 1611 quidem
634 1539 764 1597 habitior
776 1541 878 1598 subter
891 1542 951 1598 cin·
1006 1539 1267 1596 commendabitur
1287 1541 1317 1598 in
1331 1543 1468 1615 praesenti
1485 1545 1606 1616 pagina.
1626 1545 1667 1602 lbi
1681 1544 1758 1602 inter
1781 1559 1835 1602 aaa·

116 1629 226 1702 gulum
241 1627 439 1700 cohiberetur,
464 1628 602 1699 gracilior
624 1645 696 1685 vcro
723 1645 776 1704 per
790 1629 950 1689 fenestram
968 1645 988 1698 p
1007 1633 1078 1699 tera,
1100 1629 1236 1701 quodam
1263 1629 1374 1702 insigni
1405 1632 1595 1706 mirabilique
1620 1633 1834 1708 omnipotentis

118 1719 211 1775 restis
229 1733 326 1791 usque
345 1717 384 1774 ad
404 1715 533 1774 barbam
554 1717 745 1790 promineret.
772 1722 878 1777 Verum
903 1737 951 1778 su·
1006 1717 1130 1788 dignata
1155 1723 1201 1776 est
1225 1719 1371 1778 famulam
1398 1737 1485 1780 suam
1510 1723 1676 1795 glorificare
1702 1725 1833 1782 bonitas.

117 1808 204 1882 perni
230 1805 424 1881 speculatoris
438 1805 548 1862 vindex
562 1807 789 1881 omnipotentia,
811 1823 873 1865 non
887 1809 952 1866 tulit
1006 1809 1081 1864 Puer
1093 1823 1111 1864 a
1125 1807 1277 1866 nativitate
1292 1826 1389 1866 caecus
1404 1815 1432 1866 et
1451 1811 1587 1883 claudus,
1604 1813 1713 1870 surdus
1725 1817 1754 1870 et
1768 1829 1835 1871 mu-

115 1897 244 1954 ultcrius
274 1895 401 1970 raptoris
429 1895 520 1952 latere
547 1895 716 1956 andaciam.
747 1901 821 1955 Nam
848 1915 951 1956 cereus
1006 1901 1064 1966 tus,
1080 1913 1098 1955 a
1112 1897 1288 1973 parentibus
1307 1899 1470 1974 bajulatus,
1493 1903 1656 1977 subterque
1670 1899 1835 1975 imaginem

116 2003 213 2060 quern
220 1981 373 2056 dixi,iguis
383 1984 475 2042 divini
485 1983 640 2058 repentino
652 2001 815 2043 succensus
826 1987 949 2055 terrore,
1006 2003 1075 2062 quse
1089 1987 1120 2044 in
1134 1987 1257 2046 sublimi
1280 1989 1495 2048 honorabiliter
1513 1991 1690 2062 habebatur,
1707 1991 1833 2067 positus,

117 2075 252 2133 claustra
279 2075 347 2148 ipsa
374 2073 486 2148 quibus
513 2073 646 2131 inclusus
676 2075 834 2133 tenebatur
862 2077 953 2152 coepit
1007 2076 1094 2148 quasi
1108 2077 1190 2134 horae
1204 2077 1294 2134 unius
1307 2079 1461 2136 intervallo
1475 2080 1588 2138 ibidem
1600 2081 1784 2151 demoratus,
1793 2079 1836 2138 dl·

117 2166 311 2222 vehementer
347 2163 484 2234 adurere,
508 2179 694 2238 vaporesque
729 2165 952 2224 flammivomos
1007 2163 1108 2224 vinam
1123 2167 1231 2224 meruit
1243 2167 1444 2238 medicinam;
1461 2174 1561 2244 aque,
1573 2170 1771 2243 integerrimas
1786 2185 1835 2228 so-

118 2271 180 2313 una
196 2271 269 2312 cum
282 2253 442 2325 fumiganti
461 2253 580 2310 turbiue
595 2253 674 2310 toras
689 2254 953 2324 emitterc,adcout
1008 2253 1121 2328 spitatis
1142 2255 1272 2313 donatus
1291 2257 1398 2328 gratia,
1426 2259 1593 2316 exsurrexit
1618 2259 1758 2334 loquens,
1785 2275 1837 2318 au·

117 2345 298 2402 micantium
314 2341 509 2400 scintillarum
523 2343 614 2416 globo
627 2341 832 2412 vibrante,illa
845 2345 952 2418 ingens
1007 2343 1102 2414 diens,
1132 2344 1249 2414 videns,
1277 2351 1305 2403 et
1327 2346 1418 2404 ctiam
1442 2347 1590 2407 inoffenso
1615 2349 1692 2424 pede
1714 2349 1836 2408 feciliter

116 2434 218 2492 barba
231 2433 386 2504 reluceret,
402 2429 599 2505 superiusque
622 2431 782 2505 capucium
796 2433 952 2507 crepitanti
1007 2433 1216 2491 deambulans.
1246 2439 1381 2510 cumque
1399 2439 1539 2513 strepitus
1565 2437 1648 2509 vulgi
1671 2449 1762 2514 super
1784 2439 1837 2497 tali

117 2522 350 2580 combureretur
378 2519 486 2577 sonitu.
516 2523 573 2577 Nee
587 2519 666 2577 linea
680 2521 711 2576 in
738 2521 952 2580 telamventris
1007 2527 1160 2578 resonaret
1185 2523 1332 2596 prodigio,
1359 2524 1491 2582 seniores
1516 2525 1643 2598 consilii,
1662 2525 1715 2601 qui
1741 2525 1838 2584 consi-

117 2611 250 2686 protexit
264 2615 389 2682 tergora,
409 2625 479 2667 cum
500 2609 590 2666 etiam
612 2610 791 2684 posteriores
818 2611 951 2684 gyranti·
1007 2609 1120 2667 dcbant
1134 2612 1226 2684 paulo
1248 2612 1432 2680 remotiores,
1455 2617 1610 2686 coepcruut
1632 2613 1709 2671 inter
1722 2629 1754 2670 sc
1767 2629 1837 2673 con·

118 2702 175 2758 bus
190 2700 325 2758 tlammis
336 2699 483 2757 arderent.
511 2701 649 2773 Stuperes
668 2699 842 2758 insanientis
858 2701 952 2758 horri·
1007 2699 1134 2774 quirere,
1150 2699 1300 2760 dicentes:
1321 2723 1335 2751 c
1352 2701 1429 2768 Quid
1453 2701 1510 2760 sibi
1524 2701 1588 2759 vult
1610 2702 1667 2760 ista
1681 2701 1837 2777 populeris

117 2791 194 2848 biles
208 2789 354 2862 mugitus,
370 2788 548 2845 calcitrantis
562 2788 728 2862 strepitum.
738 2790 874 2847 dentium
889 2791 953 2846 stri·
1008 2788 1226 2846 conclamatio!
1245 2813 1259 2840 »
1275 2790 1389 2857 onibus
1411 2788 1533 2848 bertillis
1547 2790 1701 2849 comitissa
1715 2807 1837 2866 respon-

117 2880 236 2948 derem,
261 2877 418 2936 oculorum
441 2877 625 2949 vertiginem,
642 2877 791 2952 totiusque
806 2879 951 2937 immede·
1009 2878 1104 2935 dens:
1130 2899 1145 2926 «
1170 2877 1257 2950 Quid,
1280 2878 1386 2952 inquit,
1401 2877 1482 2936 alind
1506 2879 1563 2938 boc
1582 2885 1670 2947 esset,
1689 2879 1745 2937 nisi
1765 2879 1839 2956 quie

118 2975 217 3027 ratam
233 2964 368 3042 corporis
382 2965 599 3037 distortionem,
614 2983 683 3024 cum
698 2967 798 3035 miser,
811 2967 950 3024 intolera-
975 2972 1113 3058 Csancta
1127 2968 1211 3025 Fides
1224 2968 1353 3040 jocatur,
1382 2973 1415 3026 ut
1429 2969 1524 3026 solel‘l
1541 2993 1555 3022 a
1579 2973 1660 3028 Tunc
1674 2985 1789 3038 omnes,
1805 2986 1837 3027 re

119 3057 219 3116 biliter
232 3073 356 3131 passus,
369 3056 426 3113 hac
438 3054 565 3129 illacque
581 3071 715 3128 praeceps
741 3054 901 3124 terebatur,
917 3071 952 3112 ac
1010 3057 1166 3132 exquisita,
1191 3061 1252 3114 tarn
1275 3063 1395 3131 stupore
1419 3073 1512 3131 quam
1532 3058 1643 3130 gaudio
1663 3057 1778 3134 repleti,
1792 3063 1837 3117 to·

119 3149 202 3206 side
230 3146 396 3220 improviso
420 3161 579 3219 percursus
601 3145 733 3213 coluber,
757 3145 809 3218 qui
833 3146 953 3202 sinuato
1009 3152 1072 3205 tam
1087 3147 1262 3204 concionem
1286 3146 1326 3202 ad
1348 3147 1466 3204 divinas
1484 3147 1589 3206 laudes
1602 3149 1836 3218 concitaverunt,

118 3238 213 3310 globo
226 3251 309 3294 nunc
324 3251 355 3292 se
377 3234 408 3292 iu
422 3235 572 3307 sphaeram
594 3233 713 3305 colligit,
738 3249 819 3291 nunc
841 3233 954 3307 pernici
1010 3235 1083 3293 illud
1097 3235 1268 3309 frequenter
1278 3251 1340 3302 pree¹
1352 3235 1445 3293 nimie
1459 3236 1560 3294 laetitia
1573 3239 1746 3307 recolentes,
1755 3237 1838 3312 quod

119 3331 218 3384 tractu
230 3324 381 3395 fulminat,
397 3339 432 3380 ac
443 3323 538 3380 tortile
558 3321 668 3380 oosstrm
680 3322 814 3396 porrigit,
831 3327 954 3396 captans
1008 3324 1103 3397 jocari
1118 3329 1255 3381 sanctam
1283 3324 1382 3382 Fidem
1397 3323 1574 3384 venerabilis
1594 3327 1732 3384 matrona
1750 3325 1839 3382 dixis-

120 3415 239 3488 lugam.
258 3413 315 3471 Sed
339 3411 519 3480 debilitatus,
547 3427 608 3468 non
631 3411 747 3482 valens,
770 3427 874 3468 rursus
889 3426 955 3485 per·
1011 3418 1064 3471 set.

121 3502 241 3560 cussori
267 3502 404 3573 inlestus,
432 3502 571 3574 interque
594 3501 776 3572 sanguineos
804 3501 908 3558 oculos
927 3504 956 3556 et
1337 3503 1509 3562 curtilli.

122 3593 227 3652 sibilat
256 3608 316 3649 ore.
333 3589 418 3649 Harrd
441 3606 525 3648 secus
550 3589 603 3647 iste
623 3591 723 3658 miser,
743 3591 802 3646 huc
825 3589 955 3664 illucque
1230 3593 1302 3650 ltere
1316 3593 1353 3650 de
1366 3607 1443 3650 crece
1458 3598 1486 3650 et
1500 3592 1620 3651 obedo.

122 3681 285 3752 cursitans,
314 3697 345 3738 se
366 3679 491 3756 impellit
519 3683 547 3736 et
570 3679 694 3753 repellit,
720 3679 812 3736 modo
828 3695 953 3753 pronus,
1047 3685 1159 3738 Rursus
1173 3681 1298 3756 quidem
1313 3697 1409 3738 cacus
1424 3687 1453 3740 et
1466 3681 1646 3754 claudas,ut
1658 3681 1786 3740 sauitern
1797 3695 1841 3738 re-

122 3772 220 3830 modo
233 3771 402 3846 resupinus,
416 3785 471 3827 uec
484 3767 546 3826 ullo
561 3767 654 3826 modo
665 3769 814 3838 respirare
828 3771 954 3842 poterat,
1011 3769 1202 3844 ciperet,antc
1211 3769 1375 3840 imaginem
1384 3769 1480 3827 sancti
1490 3769 1570 3828 llarii
1583 3769 1762 3828 confessoris
1776 3785 1840 3844 per-

124 3879 218 3936 quem
233 3862 279 3919 vis
305 3862 403 3933 maior
429 3858 609 3931 exagitabat.
636 3858 693 3917 Sed
717 3863 818 3915 tamcn
831 3856 957 3914 humani
1012 3859 1161 3928 noctabat,
1174 3860 1260 3933 cujus
1274 3859 1406 3930 virtutes,
1416 3859 1540 3916 mirifice
1554 3859 1672 3932 lateque
1687 3859 1840 3934 disperses,

126 3967 235 4008 sensus
258 3951 381 4008 residua
402 3965 480 4008 rena
492 3949 637 4005 miserum
661 3948 775 4018 redegit
798 3947 837 4004 ad
862 3945 956 4021 poeni·
1012 3948 1145 4006 amultis
1157 3948 1276 4022 populis
1289 3947 1439 4004 habentur
1453 3946 1688 4005 tamossissimae.
1703 3951 1840 4020 Cumque

128 4040 261 4098 lentim.
277 4042 334 4107 Qui
356 4039 455 4096 statim
470 4037 509 4096 ad
525 4037 696 4114 sepulcrum
719 4036 862 4110 piissima
877 4052 957 4093 mar·
1010 4038 1075 4110 jam
1090 4035 1290 4106 dilucesceret,
1306 4035 1480 4109 repentinus
1494 4035 1521 4092 ei
1535 4049 1626 4108 sopor
1639 4035 1733 4104 irruit,
1744 4033 1840 4092 visus·

129 4129 204 4202 tyris
216 4147 284 4187 cum
294 4129 407 4200 ingenti
419 4128 548 4186 clamore
561 4126 870 4198 currens,universem
885 4125 958 4182 inibi
1013 4141 1072 4200 que
1099 4129 1144 4182 est
1158 4124 1215 4181 sibi
1243 4139 1347 4181 vocem
1367 4124 1470 4181 audire
1498 4123 1642 4183 dicentis:
1659 4147 1673 4174 c
1696 4124 1776 4182 Vade
1800 4122 1841 4182 sd

125 4237 231 4277 ceram
256 4235 319 4276 non
331 4218 455 4275 celerius
477 4215 589 4275 retudit
613 4233 706 4291 quam
727 4215 847 4290 poende
860 4215 959 4272 incen·
1015 4219 1151 4270 sanctam
1166 4212 1286 4270 Fidemt
1310 4227 1372 4269 non
1386 4212 1466 4269 enim
1480 4213 1586 4270 datum
1601 4219 1645 4270 est
1659 4217 1720 4270 ute
1735 4218 1786 4270 lua
1797 4212 1841 4270 in·

125 4310 216 4366 dium
230 4309 465 4380 evanuitneque
480 4307 573 4363 homo
586 4305 720 4380 queritur
733 4304 771 4362 de
784 4304 898 4361 damno
910 4321 961 4378 pe·
1013 4302 1152 4360 firmitate
1165 4301 1222 4359 nisi
1237 4317 1291 4376 per
1301 4302 1406 4360 menta
1419 4299 1498 4359 illius
1511 4302 1620 4360 salvari
1634 4302 1742 4377 possis.
1751 4327 1766 4354 n
1781 4305 1842 4362 lloo

126 4399 237 4468 cuniae,
252 4395 420 4454 dummodo
443 4400 623 4452 atormcnto
637 4395 734 4469 potuit
758 4393 895 4451 eradere.
912 4393 960 4449 llis
979 4357 999 4412 ὓ
1014 4409 1163 4466 responso
1178 4392 1324 4449 excitatus
1339 4406 1427 4462 aeger,
1448 4391 1518 4450 illuc
1530 4407 1592 4465 qua
1605 4395 1722 4466 poterat
1736 4391 1842 4450 uirtute

126 4489 233 4561 itaqua
248 4485 349 4558 gestis,
364 4499 560 4559 nequaquam
576 4483 726 4542 offendere
741 4482 921 4556 putaverim,
936 4481 961 4538 si
1014 4497 1118 4555 repere
1132 4480 1229 4555 acepit.
1242 4483 1316 4538 Cum
1331 4480 1515 4553 pervenisset
1527 4480 1567 4538 ad
1579 4480 1842 4554 locum‚extemplo

128 4665 160 4720 in
173 4665 236 4722 hoc
250 4679 372 4738 qnoque
390 4661 544 4735 praedicto,
560 4661 644 4736 quod
660 4675 697 4718 ne
711 4660 883 4718 commercii
895 4661 961 4718 vili·
1016 4677 1088 4718 narn
1102 4659 1155 4717 ubi
1173 4660 1266 4717 homo
1280 4658 1311 4715 in
1338 4657 1438 4733 ipsum
1462 4659 1578 4716 aditum
1598 4657 1759 4734 papilionis
1779 4671 1843 4714 sess

128 4759 176 4811 tas
203 4755 344 4810 deficeret
369 4751 542 4826 peregrinis,
573 4751 798 4826 improbitatem
831 4750 961 4808 avaritiae
1016 4749 1149 4820 ingessit,
1160 4748 1238 4804 illico
1250 4747 1467 4826 virescentibus
1478 4747 1562 4804 venis
1574 4761 1610 4804 ac
1625 4746 1767 4816 vegetatis
1780 4755 1844 4802 ucr-

129 4842 301 4914 eastigavit.
1016 4838 1063 4895 vis
1089 4837 1196 4894 meruit
1219 4835 1257 4893 de
1272 4851 1365 4893 omno
1390 4834 1454 4892 ticri
1467 4839 1601 4892 erectus:
1626 4849 1699 4891 nem
1720 4837 1749 4892 et
1766 4832 1846 4892 rele-

455 4933 566 4989 CAPUT
577 4933 646 4987 Vlll.
1018 4929 1120 4985 mento
1133 4924 1316 5002 pupillarum
1331 4923 1477 4998 disrupto,
1494 4923 1713 4998 precedentem
1726 4921 1846 4995 sangui·

128 5019 963 5094 Depueroicquoquadrupluchstumestmirocclum
1019 5015 1263 5098 nisernplionem
1290 5013 1482 5088 subsequitur
1495 5010 1547 5068 lux
1562 5009 1769 5083 serenissima;
1791 5026 1847 5070 nec

168 5113 229 5167 Nee
253 5109 327 5166 illud
356 5108 598 5183 praetereundum
624 5107 752 5165 arbitror
778 5107 861 5182 quod
889 5106 966 5163 inter
1019 5107 1046 5164 ei
1060 5105 1206 5181 quiddam
1221 5103 1356 5161 sanitatis
1370 5101 1474 5170 deluit,
1488 5101 1575 5172 cujus
1590 5099 1728 5160 membre
1743 5103 1847 5162 coelcs·

128 5199 231 5258 mnlta
243 5205 418 5256 sauctorum
428 5198 574 5257 miracula
587 5214 655 5273 quse
671 5197 839 5255 secundum
850 5213 965 5254 morem
1019 5195 1056 5253 tis
1070 5195 1179 5254 medici
1191 5193 1314 5252 dextera
1328 5190 1527 5267 pertrectavit.

128 5289 214 5348 illius
227 5287 389 5363 prouinciae
404 5287 539 5345 teruntur
553 5287 592 5344 ad
606 5285 742 5355 concilia,
751 5289 855 5345 sancta
870 5285 965 5359 Fides,
1356 5279 1468 5337 Cll'll'l'
1486 5281 1517 5336 ll.

130 5378 224 5452 qnasi
246 5377 450 5452 principatum
470 5381 584 5444 tenens,
607 5373 820 5432 miraculorum
846 5373 968 5446 effulget
1021 5363 1064 5430 Dc
1091 5387 1123 5429 ro
1144 5372 1198 5442 qui
1221 5387 1240 5428 o
1267 5369 1426 5440 suspendio
1445 5369 1606 5440 stercorum
1632 5375 1745 5428 serretur
1766 5367 1850 5427 Fatis

130 5466 251 5540 gloria:
273 5481 415 5539 quorum,
431 5481 501 5522 eum
517 5465 576 5521 sint
589 5463 694 5533 multa,
710 5463 771 5520 duo
786 5465 904 5521 tantum
920 5463 967 5535 (nc
1261 5458 1379 5516 ancillo
1395 5457 1539 5514 liberatae
1555 5463 1607 5514 est.

131 5555 226 5612 alanis
237 5553 370 5610 otiosum
383 5553 524 5610 volumen
535 5551 863 5624 contexerevideamur)
876 5552 970 5608 aduc·
1059 5552 1252 5607 intercalare
1264 5563 1333 5620 quae
1347 5543 1421 5603 milrl
1432 5545 1470 5602 de
1481 5549 1585 5603 sancta
1596 5545 1664 5604 lide
1675 5546 1774 5605 adhuc
1788 5561 1853 5622 pcr-

131 5649 201 5703 ttre
222 5643 295 5701 satis
318 5660 383 5701 esse
405 5645 556 5718 putamus.
595 5641 861 5700 Reuerendssimus
879 5639 970 5713 igilur
1025 5637 1115 5712 genti,
1129 5637 1284 5696 altinensis
1295 5634 1473 5695 ralatmibus
1487 5635 1564 5693 sicut
1575 5651 1695 5695 summo
1706 5633 1853 5694 desiderio
