3998 6182
170 183 218 240 8⁶1
640 179 668 234 S.
695 172 1406 236 authenthtaaaatlsS.BEtthtt1n1vtert.
1835 187 1882 240 Eia

170 303 313 364 ecclesiae
325 302 365 360 ob
377 300 530 375 patrissui
542 299 722 359 memoriam
750 304 779 358 et
807 299 904 358 trahis
925 314 1000 373 prac-
1017 297 1214 358 hsubsohus
1229 301 1369 355 Romanae
1385 298 1520 358 Ecclesiae
1535 298 1752 368 gubernatione
1778 308 1810 359 et
1839 321 1887 377 pa-

172 394 263 454 sentis
276 392 445 464 jussionem
460 395 489 446 ct
498 389 684 450 voluntatem
696 390 736 448 ch
743 391 827 450 omni
835 389 1000 462 episcopali
1055 387 1169 444 tricinio
1184 389 1336 446 constitnit
1350 393 1378 445 et
1392 388 1532 462 suscepit.
1550 391 1712 458 Constituit,
1745 391 1885 465 inquam,

174 481 388 542 consuetudine
399 483 427 538 et
441 479 595 538 exactione
609 480 736 540 absolvit
750 485 778 538 et
790 479 937 548 liberavit,
949 479 1001 536 dc
1055 477 1287 538 Fiscannenscm
1310 479 1471 538 Ecclesiam
1497 465 1551 537 soli
1578 483 1717 538 llomanae
1747 483 1888 542 Ecclmia

172 579 249 630 natae
275 570 420 630 libertatis
447 571 583 629 chartam
612 571 855 644 archiepiscopus
890 570 999 642 aliique
1055 568 1220 641 subjacere,
1236 573 1326 642 atque
1340 569 1529 628 abomuium
1541 569 1668 627 aliarum
1683 572 1889 630 Ecclesiarum

170 660 305 735 episcopi
320 660 407 730 signo
423 663 451 717 ct
466 675 618 720 consensu
627 661 1000 732 corroboraverunt,atqnc
1053 662 1198 731 potestate
1210 658 1388 724 immunem,
1402 660 1571 717 absolutam
1582 661 1746 720 etomnino
1759 662 1889 722 liberam

171 749 430 808 corroborandam
437 748 585 808 nobilium
594 749 728 808 virorum
739 748 999 824 astipulationibus
1054 745 1152 806 torma
1165 747 1366 806 cluniacensis
1377 749 1551 808 monasterii
1570 765 1763 823 permanere.
1781 757 1890 826 accep

170 837 367 898 tradiderunt.
380 837 509 910 Cupiens
525 853 596 908 ergo
610 839 673 896 dux
694 838 837 911 providus
864 841 1000 896 sanctam
1055 835 1090 890 tis
1105 835 1194 906 igitur
1212 837 1383 910 apostolicae
1398 837 1581 896 auctoritatis
1596 839 1754 912 exquisitis
1771 841 1889 914 privile·

170 927 330 988 eeclesiam
344 926 598 986 modisomnibus
623 928 760 996 liberare,
782 933 810 986 et
834 928 1000 984 libertatem
1054 924 1120 995 giis,
1146 926 1242 984 bentoe
1270 929 1422 985 memoriae
1449 928 1617 986 Willelmus
1638 929 1740 986 abbas
1781 929 1888 988 iestinc

170 1017 282 1074 lactem
295 1017 395 1076 modis
409 1017 551 1076 omnibus
566 1019 745 1076 conlirmare
760 1021 789 1076 et
811 1033 999 1091 permanere,

170 1105 333 1164 hebertum
346 1121 449 1176 regem
462 1110 491 1163 et
504 1106 615 1164 multos
630 1106 791 1164 Galliarum
807 1122 945 1180 proceres
956 1105 1001 1162 El-

171 1208 319 1252 soannum
332 1195 495 1267 accersivit,
511 1200 600 1268 atque
614 1195 706 1266 regali
721 1197 824 1254 charta
835 1201 863 1254 ct
875 1195 1001 1253 auotori-

170 1288 240 1353 tate,
254 1284 615 1357 suorumqucmqualium
630 1301 779 1344 consensu
807 1291 836 1343 et
856 1285 1001 1359 astipula-

169 1373 259 1441 tione,
276 1373 315 1430 ab
328 1372 465 1430 omnium
489 1375 701 1450 episcopcrum
714 1377 789 1447 jugo
801 1379 829 1434 et
844 1380 1002 1432 consuetu·

168 1462 238 1519 dinc
254 1463 485 1520 Eisoanncnsem
500 1464 657 1521 ecclesiam
670 1464 778 1537 cripuit
792 1469 820 1522 et
843 1465 981 1523 liberavit
993 1482 1000 1533 ;

1055 1025 1145 1068 cursu
1160 1015 1385 1074 Nortmanniam
1401 1017 1552 1085 remeavit,
1580 1023 1609 1075 et
1633 1018 1719 1076 ducis
1747 1019 1887 1078 Richardi

1054 1101 1202 1160 desiderio
1224 1121 1285 1162 suae
1311 1107 1474 1164 voluntatis
1504 1107 1654 1179 effectum,
1681 1108 1887 1182 injunctaque

1054 1189 1211 1261 legationis
1231 1195 1364 1252 officium
1388 1195 1511 1254 feliciter
1537 1202 1788 1256 consummatum
1819 1214 1886 1255 enu-

1056 1279 1200 1340 cleavitet
1215 1285 1353 1342 ostendit.
1371 1285 1455 1342 Unde
1468 1285 1532 1342 dux
1559 1286 1752 1344 ineffabiliter
1778 1288 1887 1344 exhila-

1054 1374 1150 1444 ratus,
1166 1373 1243 1430 trino
1259 1379 1287 1430 et
1311 1375 1364 1433 uni
1392 1379 1452 1432 Deo
1475 1376 1585 1445 gratias
1596 1377 1684 1434 totius
1712 1377 1887 1434 intentionis

1055 1457 1170 1517 lervore
1185 1461 1379 1537 reddidit,qui
1389 1464 1556 1532 ecclesiam,
1568 1481 1662 1538 qum
1674 1466 1886 1539 patcrltichar-

169 1553 198 1606 et
212 1566 301 1608 suam
317 1567 502 1624 suorumque
529 1551 677 1610 nobilium
692 1553 827 1610 chartam
838 1556 866 1610 ct
881 1552 1001 1610 ordina·
1056 1548 1112 1606 dus
1125 1549 1314 1621 fundaverat,
1330 1557 1420 1626 atque
1433 1553 1496 1626 ipse
1511 1555 1604 1627 patris
1618 1555 1764 1612 Richardi
1785 1563 1885 1626 rogatu

169 1639 281 1696 tionem
296 1638 427 1698 firmavit
437 1643 465 1696 et
479 1639 693 1698 corroboravit.
708 1640 843 1698 Ecclesia
856 1640 945 1711 igitur
955 1640 999 1698 Fi·
1018 1657 1042 1714 Β
1056 1643 1085 1696 ct
1088 1640 1223 1711 jussione
1232 1642 1435 1714 compleverat
1444 1649 1473 1701 et
1484 1644 1684 1712 ordinaverat,
1697 1645 1813 1701 divinae
1821 1663 1883 1719 pro

170 1727 344 1786 scannensis
358 1728 486 1786 libertati
501 1729 667 1786 constitutas
682 1729 744 1787 dux
755 1729 999 1788 Richardusoon-
1053 1728 1192 1786 videntia
1212 1747 1324 1788 arcano
1349 1733 1474 1789 consilio
1504 1737 1656 1790 mutarum
1683 1750 1884 1806 personarum

170 1817 339 1888 gratulans,
353 1817 545 1892 futuramque
559 1834 723 1892 perennem
738 1817 847 1876 mentis
863 1819 999 1876 vivacita·
1054 1820 1261 1877 convenientia
1273 1821 1312 1877 ab
1325 1823 1463 1878 omnium
1475 1823 1635 1880 hominnm
1647 1825 1723 1896 jugo
1741 1829 1772 1881 ct
1785 1825 1880 1898 prela·

169 1911 230 1964 tam
245 1906 418 1976 discutiens,
434 1907 530 1964 bonta
544 1908 698 1966 memorice
709 1907 893 1966 Willclmum
907 1909 1000 1966 abba·
1052 1907 1133 1964 tione
1147 1908 1324 1966 absolvebat
1338 1914 1367 1966 et
1379 1910 1537 1968 liberabat.
1545 1913 1657 1983 linguis
1667 1912 1783 1970 deinde
1799 1915 1883 1970 xenis

169 2001 230 2054 tem
245 1996 454 2070 compulsavit,
470 2013 593 2071 suaeque
606 1997 763 2068 legationis
773 1998 908 2069 iniuncto
936 1998 1000 2054 offi-
1054 2013 1143 2053 suum
1158 1997 1383 2074 dilectissimum
1399 1999 1541 2058 abbatam
1556 2000 1738 2058 willelmum
1760 2005 1879 2060 honora·
1958 2023 1959 2058 r

170 2087 217 2144 oio
231 2087 271 2145 ad
286 2090 428 2144 Romanae
458 2087 539 2144 sedis
568 2088 764 2161 apostolicam
793 2089 999 2146 auctoritatem
1053 2087 1095 2144 vit
1108 2086 1351 2162 honoratumque
1368 2093 1483 2148 Sancta
1509 2091 1657 2149 trinitatis
1684 2093 1822 2150 ecelesiae
1848 2093 1882 2149 li·

169 2176 272 2234 multis
285 2180 429 2234 onustum
439 2176 534 2234 xeniis
548 2176 664 2234 direxit.
682 2175 821 2236 Confecto
834 2177 935 2250 itaque
954 2177 1000 2236 iti·
1054 2177 1216 2234 scannensi
1241 2179 1366 2249 remisit,
1388 2181 1498 2238 iterum
1523 2185 1612 2254 angue
1636 2183 1749 2239 iterum
1774 2183 1879 2240 enixius

168 2277 239 2324 nere
253 2265 350 2324 abbas
374 2265 537 2324 willelmus
565 2269 693 2324 Romam
714 2267 860 2340 pervenit,
885 2271 915 2326 ct
942 2268 999 2341 piae
1053 2270 1880 2344 exoransquatenusccmmissamEcclesiamjuxtacoepti

169 2356 321 2426 memoriae
337 2371 426 2430 papae
440 2357 597 2415 Benedicta
617 2357 764 2415 adrentus
779 2357 825 2416 sui
854 2358 1000 2416 rabonem
1054 2357 1168 2414 ordinis
1183 2357 1357 2430 religionem
1371 2360 1542 2428 custodiret,
1557 2365 1586 2416 et
1600 2361 1802 2418 custodiendo
1824 2378 1878 2436 per·

169 2450 199 2504 et
214 2445 356 2502 mittentis
384 2444 469 2502 ducis
493 2445 679 2504 voluntatem
705 2447 830 2520 aperuit,
860 2451 888 2504 ct
914 2447 1000 2504 laetae
1054 2447 1195 2504 ficeretet
1208 2449 1409 2506 confirmaret.
1437 2451 1529 2521 Cujus
1554 2450 1645 2521 igitur
1670 2457 1797 2510 sancitu
1823 2467 1876 2524 pre

170 2536 280 2593 chartea
293 2532 564 2604 confirmationem,
575 2539 605 2594 et
618 2535 775 2609 apostolici
788 2536 933 2610 privilegii
948 2553 1001 2594 au·
1056 2552 1104 2592 ecs
1115 2541 1325 2596 sanctarumve
1339 2553 1465 2611 precum
1486 2539 1597 2596 nimias
1617 2539 1804 2598 humilitates
1815 2541 1875 2597 bee-

170 2623 337 2682 ctcritatem
351 2625 653 2695 magnaehumilitatis
663 2626 1002 2700 orationcccngrnapo-
1055 2631 1103 2684 tus
1117 2626 1214 2684 abbas
1224 2627 1303 2684 velut
1316 2628 1439 2685 oracula
1453 2627 1557 2685 divina
1569 2630 1749 2705 suscipiens,
1771 2633 1876 2687 Piscen-

171 2713 300 2771 stulavit.
312 2716 394 2788 Papa
405 2713 495 2784 igitur
507 2715 682 2773 Benedictus
707 2715 793 2772 ducis
815 2715 1001 2785 diligentiam
1055 2731 1129 2772 num
1144 2715 1275 2786 intravit,
1292 2722 1320 2773 et
1330 2733 1383 2789 per
1393 2717 1522 2776 multam
1537 2733 1687 2776 annorum
1708 2721 1873 2792 vertiginem

171 2803 336 2873 admirans,
352 2807 382 2860 ct
394 2804 526 2876 suseepti
541 2804 629 2861 amici
642 2805 799 2877 praesentia
818 2821 939 2862 summa
954 2821 1002 2862 ex·
1055 2821 1151 2880 usque
1164 2807 1203 2864 ad
1216 2806 1360 2864 ducatum
1373 2809 1609 2882 Hierosolymitae
1625 2811 1757 2867 lietberti
1773 2810 1874 2868 liscon-

172 2893 331 2952 snltatlcne
346 2894 553 2965 congaudens,
565 2894 690 2963 oblatas,
701 2895 891 2952 chariassuae
905 2895 1001 2966 sigillo
1056 2911 1181 2953 ncnscm
1192 2897 1354 2954 Ecclesiam
1368 2899 1451 2962 rexit,
1467 2901 1677 2973 subjectosque
1697 2915 1770 2957 snos
1793 2899 1872 2956 vcrbc

171 2981 351 3041 excellentias
365 2982 561 3053 confirmavit,
571 2987 600 3040 et
609 2983 763 3056 privilegia
774 2973 926 3057 postulata
951 3001 1002 3042 vo
1021 3008 1042 3062 0
1058 2990 1087 3044 ct
1101 2986 1239 3060 exemplo
1253 2987 1407 3043 succendit
1421 2993 1450 3044 et
1463 2987 1645 3060 reformavit,
1661 2989 1700 3046 ad
1722 2989 1870 3060 imaginem

171 3072 319 3130 luntarius
335 3072 466 3142 tradidit,
478 3076 507 3129 ct
520 3075 751 3132 lhscannensem
775 3075 889 3132 Sanctae
911 3075 1004 3132 trini·
1058 3080 1087 3132 et
1101 3075 1335 3144 similitudinem,
1346 3077 1494 3134 honorem
1508 3083 1537 3133 et
1551 3077 1677 3148 gloriam
1699 3078 1871 3150 omnipoten-

172 3163 240 3222 tatis
259 3163 418 3221 ecclesiam
450 3163 490 3220 ab
518 3165 655 3224 omnium
678 3166 890 3240 episcoporum
916 3167 1001 3238 jugo,
1057 3166 1164 3234 tisltei,
1178 3167 1231 3240 qul
1245 3165 1476 3237 vivitctregnat
1491 3183 1545 3241 per
1572 3168 1675 3224 omnia
1700 3167 1804 3226 soeeida
1825 3179 1869 3220 aa

174 3254 359 3327 subjectione
375 3257 404 3312 et
417 3255 635 3314 consuetudine
649 3255 782 3314 liberans
807 3257 836 3313 ct
861 3256 1000 3330 eripiens,
1056 3256 1202 3313 culorum.
1215 3261 1318 3313 amen.

568 3528 738 3648 vlTl
790 3531 1048 3654 Sancti
1097 3533 1496 3656 GUiLLliLMI

782 3780 943 3840 AUCTORE
963 3782 1101 3840 GLABRO
1121 3784 1284 3840 RODULFO

703 3957 983 4032 (thePotrotooc'e
999 3966 1067 4020 tom.
1083 3959 1204 4030 CXLII,
1216 3963 1270 4019 ccl.
1284 3963 1359 4034 ltili.)

764 4271 1050 4394 thanat
1105 4269 1293 4396 virt.

532 4519 573 4575 EX
593 4515 769 4577 CHRONICO
790 4519 911 4578 SANCTl
931 4523 1070 4579 BENlGNl
1088 4523 1307 4582 DlVIONENSIS
1327 4521 1515 4582 alenam.

739 4699 1019 4772 (clariacense.
1036 4701 1146 4760 Bened.
1161 4703 1230 4774 Vlll,
1247 4703 1321 4774 aaa]

925 4887 1128 4906 Μ

211 5016 237 5070 t.
248 5014 335 5072 anno
349 5009 389 5072 ab
403 5009 610 5070 incarnatione
634 5011 751 5072 Domini
773 5013 1002 5084 nongentesimo
1021 5017 1043 5071 [t
1058 5015 1170 5090 quitata
1186 5015 1452 5088 consanguinitatis
1465 5015 1612 5088 enstenti,
1633 5014 1802 5090 Lingonico
1816 5009 1874 5068 civi·

171 5100 366 5171 cctcgeaimc,
379 5099 540 5160 indictione
555 5103 670 5170 octava,
686 5099 772 5172 regni
784 5101 911 5160 botharii
922 5103 1000 5173 regis
1055 5106 1122 5162 tatis
1130 5105 1349 5180 episcopatum.
1361 5103 1520 5163 ordinatus
1530 5109 1574 5164 est
1585 5111 1686 5162 autem
1694 5105 1777 5162 idem
1788 5106 1875 5160 arnno

170 5187 315 5258 vigesimo
326 5188 431 5260 quinto
442 5189 481 5262 (t)
492 5188 754 5262 annc,deditidem
764 5191 999 5266 rchrunonitE)
1054 5194 1215 5269 episcopus
1226 5209 1396 5268 permanes
1408 5194 1556 5252 buchardi
1569 5193 1779 5266 Lugdunensis
1788 5185 1874 5250 archi-

170 5275 593 5347 RemensieEoelesiaeclcrico,
607 5296 661 5338 sno
673 5295 741 5338 vcro
749 5280 867 5353 parenti
878 5281 999 5356 propin·
1054 5281 1356 5356 episcopiineoelesia
1372 5282 1470 5340 Sancti
1480 5283 1634 5358 Stephani,
1645 5281 1874 5358 vigintiquatuor

216 5411 244 5488 il
258 5415 335 5502 Lege
349 5419 393 5475 27.
1053 5425 1157 5480 tomol
1171 5425 1359 5482 Bibliothecae
1373 5423 1549 5496 labbeanae,
1565 5435 1636 5498 pag.
1651 5429 1712 5481 657.
1739 5427 1806 5480 Erat
1830 5423 1872 5475 Lo·

217 5493 241 5566 3)
256 5489 348 5562 lanns
361 5491 506 5546 amnonis
523 5494 665 5566 praeclare
692 5498 775 5564 grata
797 5495 913 5568 passim
937 5511 998 5552 mc·
1052 5495 1138 5552 thurii
1154 5497 1279 5567 regisex
1295 5513 1397 5554 sorore
1413 5510 1517 5570 nepos,
1532 5501 1620 5554 natus
1642 5511 1751 5569 nempe
1779 5509 1813 5550 cx
1835 5487 1873 5568 tls

168 5567 266 5618 morat
281 5563 371 5646 htijns
384 5561 522 5644 chronici
532 5569 623 5621 actor.
640 5567 709 5647 Eius
733 5581 803 5624 vero
818 5566 948 5636 elogium
960 5583 996 5624 ex
1051 5567 1147 5624 drada
1162 5568 1304 5626 Ludovici
1319 5569 1412 5639 ltilia,
1433 5569 1587 5641 Regiualdi
1610 5567 1780 5628 ltcccicnsis
1791 5571 1872 5622 ccmt·

168 5633 374 5706 Martyrologro
388 5637 479 5694 veteri
494 5639 667 5696 monasterii
683 5637 856 5710 Berrigniani
870 5639 997 5696 habetur
1050 5637 1087 5695 tis
1102 5654 1204 5700 uxore.
