<?xml version="1.0" encoding="UTF-8"?>
<!DOCTYPE html PUBLIC "-//W3C//DTD XHTML 1.0 Transitional//EN"
    "http://www.w3.org/TR/xhtml1/DTD/xhtml1-transitional.dtd">
<html xmlns="http://www.w3.org/1999/xhtml" xml:lang="en" lang="en">
 <head>
  <title>
</title>
<meta http-equiv="Content-Type" content="text/html;charset=utf-8" />
  <meta name='ocr-system' content='tesseract 3.04.00' />
  <meta name='ocr-capabilities' content='ocr_page ocr_carea ocr_par ocr_line ocrx_word'/>
</head>
<body>
  <div class='ocr_page' id='page_1' title='image "./patrologiaecurs127unkngoog_0573.png"; bbox 0 0 3984 6182; ppageno 0'>
   <div class='ocr_carea' id='block_1_1' title="bbox 77 173 1785 240">
    <p class='ocr_par' dir='ltr' id='par_1_1' title="bbox 77 173 1785 240">
     <span class='ocr_line' id='line_1_1' title="bbox 77 173 1785 240; baseline 0.002 -4"><span class='ocrx_word' id='word_1_1' title='bbox 77 183 139 238; x_wconf 79' lang='lat' dir='ltr'><strong>teet</strong></span> <span class='ocrx_word' id='word_1_2' title='bbox 453 181 499 236; x_wconf 84' lang='lat' dir='ltr'><strong>DE</strong></span> <span class='ocrx_word' id='word_1_3' title='bbox 517 181 705 238; x_wconf 76' lang='lat' dir='ltr'><strong>fderlssllLfS</strong></span> <span class='ocrx_word' id='word_1_4' title='bbox 725 181 754 238; x_wconf 83' lang='lat' dir='ltr'><strong>S.</strong></span> <span class='ocrx_word' id='word_1_5' title='bbox 775 175 981 238; x_wconf 69' lang='grc' dir='ltr'><strong>ΕΠΕΜΙΙῙ</strong></span> <span class='ocrx_word' id='word_1_6' title='bbox 999 173 1094 232; x_wconf 69' lang='lat' dir='ltr'>LIBRI</span> <span class='ocrx_word' id='word_1_7' title='bbox 1113 175 1325 234; x_wconf 73' lang='lat' dir='ltr'>DUO.-L1B.</span> <span class='ocrx_word' id='word_1_8' title='bbox 1345 179 1379 234; x_wconf 89' lang='lat' dir='ltr'><strong>fl.</strong></span> <span class='ocrx_word' id='word_1_9' title='bbox 1716 181 1785 240; x_wconf 62' lang='grc' dir='ltr'>Μ</span> 
     </span>
    </p>
   </div>
   <div class='ocr_carea' id='block_1_2' title="bbox 12 297 1787 2683">
    <p class='ocr_par' dir='ltr' id='par_1_2' title="bbox 12 297 1787 1606">
     <span class='ocr_line' id='line_1_2' title="bbox 74 297 1783 378; baseline -0.007 -16"><span class='ocrx_word' id='word_1_10' title='bbox 74 321 176 362; x_wconf 90' lang='lat' dir='ltr'><strong>servus</strong></span> <span class='ocrx_word' id='word_1_11' title='bbox 192 320 349 362; x_wconf 90' lang='lat' dir='ltr'><strong>servorum</strong></span> <span class='ocrx_word' id='word_1_12' title='bbox 363 303 416 361; x_wconf 89' lang='lat' dir='ltr'><strong>Dei</strong></span> <span class='ocrx_word' id='word_1_13' title='bbox 430 307 458 361; x_wconf 91' lang='lat' dir='ltr'><strong>et</strong></span> <span class='ocrx_word' id='word_1_14' title='bbox 472 307 553 371; x_wconf 89' lang='lat' dir='ltr'><strong>tuus,</strong></span> <span class='ocrx_word' id='word_1_15' title='bbox 569 320 644 376; x_wconf 88' lang='lat' dir='ltr'><strong>rogo</strong></span> <span class='ocrx_word' id='word_1_16' title='bbox 660 309 687 360; x_wconf 90' lang='lat' dir='ltr'><strong>te</strong></span> <span class='ocrx_word' id='word_1_17' title='bbox 702 307 798 378; x_wconf 90' lang='lat' dir='ltr'><strong>utper</strong></span> <span class='ocrx_word' id='word_1_18' title='bbox 810 300 898 356; x_wconf 89' lang='lat' dir='ltr'><strong>mise·</strong></span> <span class='ocrx_word' id='word_1_19' title='bbox 915 298 938 352; x_wconf 83' lang='lat' dir='ltr'><strong>a</strong></span> <span class='ocrx_word' id='word_1_20' title='bbox 954 297 1081 354; x_wconf 86' lang='lat' dir='ltr'><strong>audiens</strong></span> <span class='ocrx_word' id='word_1_21' title='bbox 1097 300 1363 358; x_wconf 87' lang='lat' dir='ltr'><strong>commanentibus</strong></span> <span class='ocrx_word' id='word_1_22' title='bbox 1378 298 1492 371; x_wconf 59' lang='lat' dir='ltr'><strong>manda</strong></span> <span class='ocrx_word' id='word_1_23' title='bbox 1505 299 1671 372; x_wconf 88' lang='lat' dir='ltr'><strong>periculum</strong></span> <span class='ocrx_word' id='word_1_24' title='bbox 1697 305 1783 364; x_wconf 87' lang='lat' dir='ltr'><strong>lnou.</strong></span> 
     </span>
     <span class='ocr_line' id='line_1_3' title="bbox 12 383 1784 470; baseline -0.001 -20"><span class='ocrx_word' id='word_1_25' title='bbox 12 405 14 470; x_wconf 80' lang='lat' dir='ltr'><em>J</em></span> <span class='ocrx_word' id='word_1_26' title='bbox 71 395 229 452; x_wconf 87' lang='lat' dir='ltr'><strong>ricordiam</strong></span> <span class='ocrx_word' id='word_1_27' title='bbox 242 393 359 450; x_wconf 83' lang='lat' dir='ltr'><strong>Domini</strong></span> <span class='ocrx_word' id='word_1_28' title='bbox 374 393 467 450; x_wconf 82' lang='lat' dir='ltr'>nostri</span> <span class='ocrx_word' id='word_1_29' title='bbox 479 395 548 450; x_wconf 82' lang='lat' dir='ltr'><strong>lesu</strong></span> <span class='ocrx_word' id='word_1_30' title='bbox 559 393 697 449; x_wconf 91' lang='lat' dir='ltr'><strong>animum</strong></span> <span class='ocrx_word' id='word_1_31' title='bbox 710 397 797 448; x_wconf 91' lang='lat' dir='ltr'><strong>tuum</strong></span> <span class='ocrx_word' id='word_1_32' title='bbox 808 389 847 446; x_wconf 94' lang='lat' dir='ltr'><strong>ab</strong></span> <span class='ocrx_word' id='word_1_33' title='bbox 859 389 901 444; x_wconf 88' lang='lat' dir='ltr'><strong>in-</strong></span> <span class='ocrx_word' id='word_1_34' title='bbox 954 383 1054 442; x_wconf 89' lang='lat' dir='ltr'><strong>bulssa</strong></span> <span class='ocrx_word' id='word_1_35' title='bbox 1067 389 1205 446; x_wconf 89' lang='lat' dir='ltr'><strong>nocturni</strong></span> <span class='ocrx_word' id='word_1_36' title='bbox 1222 389 1345 456; x_wconf 89' lang='lat' dir='ltr'><strong>timoris,</strong></span> <span class='ocrx_word' id='word_1_37' title='bbox 1360 389 1435 446; x_wconf 82' lang='lat' dir='ltr'><strong>dixit</strong></span> <span class='ocrx_word' id='word_1_38' title='bbox 1451 407 1457 444; x_wconf 93' lang='lat'><strong>:</strong></span> <span class='ocrx_word' id='word_1_39' title='bbox 1471 391 1534 444; x_wconf 87' lang='lat' dir='ltr'><strong>Non</strong></span> <span class='ocrx_word' id='word_1_40' title='bbox 1545 388 1650 458; x_wconf 87' lang='lat' dir='ltr'><strong>ignoro</strong></span> <span class='ocrx_word' id='word_1_41' title='bbox 1663 401 1784 468; x_wconf 75' lang='lat' dir='ltr'><strong>propter</strong></span> 
     </span>
     <span class='ocr_line' id='line_1_4' title="bbox 12 476 1784 555; baseline -0.007 -15"><span class='ocrx_word' id='word_1_42' title='bbox 12 479 14 500; x_wconf 73' lang='lat'><em>‘</em></span> <span class='ocrx_word' id='word_1_43' title='bbox 73 487 166 555; x_wconf 75' lang='lat' dir='ltr'><strong>carpto</strong></span> <span class='ocrx_word' id='word_1_44' title='bbox 182 481 331 538; x_wconf 89' lang='lat' dir='ltr'><strong>retrahere</strong></span> <span class='ocrx_word' id='word_1_45' title='bbox 345 481 426 548; x_wconf 90' lang='lat' dir='ltr'><strong>velis,</strong></span> <span class='ocrx_word' id='word_1_46' title='bbox 443 485 472 538; x_wconf 88' lang='lat' dir='ltr'><strong>et</strong></span> <span class='ocrx_word' id='word_1_47' title='bbox 491 480 611 553; x_wconf 91' lang='lat' dir='ltr'><strong>misero,</strong></span> <span class='ocrx_word' id='word_1_48' title='bbox 627 481 679 554; x_wconf 92' lang='lat' dir='ltr'><strong>qui</strong></span> <span class='ocrx_word' id='word_1_49' title='bbox 689 478 826 551; x_wconf 90' lang='lat' dir='ltr'><strong>dignitati</strong></span> <span class='ocrx_word' id='word_1_50' title='bbox 842 483 900 533; x_wconf 78' lang='lat' dir='ltr'><strong>tum</strong></span> <span class='ocrx_word' id='word_1_51' title='bbox 954 476 1624 550; x_wconf 86' lang='lat' dir='ltr'><strong>peecatameamalumhocaccidisse,qu0d</strong></span> <span class='ocrx_word' id='word_1_52' title='bbox 1637 479 1784 540; x_wconf 75' lang='lat' dir='ltr'><strong>tetbomi.</strong></span> 
     </span>
     <span class='ocr_line' id='line_1_5' title="bbox 12 565 1785 642; baseline 0 -15"><span class='ocrx_word' id='word_1_53' title='bbox 12 569 13 590; x_wconf 70' lang='lat'><em>³</em></span> <span class='ocrx_word' id='word_1_54' title='bbox 72 571 203 628; x_wconf 89' lang='lat' dir='ltr'><strong>resistere</strong></span> <span class='ocrx_word' id='word_1_55' title='bbox 218 584 279 626; x_wconf 93' lang='lat' dir='ltr'><strong>non</strong></span> <span class='ocrx_word' id='word_1_56' title='bbox 289 573 398 642; x_wconf 90' lang='lat' dir='ltr'><strong>potest,</strong></span> <span class='ocrx_word' id='word_1_57' title='bbox 411 585 533 642; x_wconf 89' lang='lat' dir='ltr'><strong>parcere</strong></span> <span class='ocrx_word' id='word_1_58' title='bbox 545 570 688 640; x_wconf 88' lang='lat' dir='ltr'><strong>digneris.</strong></span> <span class='ocrx_word' id='word_1_59' title='bbox 706 571 743 625; x_wconf 82' lang='lat' dir='ltr'><strong>at</strong></span> <span class='ocrx_word' id='word_1_60' title='bbox 768 567 816 624; x_wconf 81' lang='lat' dir='ltr'><strong>ills</strong></span> <span class='ocrx_word' id='word_1_61' title='bbox 829 581 899 622; x_wconf 87' lang='lat' dir='ltr'><strong>ran·</strong></span> <span class='ocrx_word' id='word_1_62' title='bbox 953 579 1007 621; x_wconf 89' lang='lat' dir='ltr'><strong>nes</strong></span> <span class='ocrx_word' id='word_1_63' title='bbox 1022 566 1143 636; x_wconf 85' lang='lat' dir='ltr'><strong>contigit</strong></span> <span class='ocrx_word' id='word_1_64' title='bbox 1157 573 1313 640; x_wconf 85' lang='lat' dir='ltr'><strong>pertatem</strong></span> <span class='ocrx_word' id='word_1_65' title='bbox 1329 575 1449 627; x_wconf 86' lang='lat' dir='ltr'><strong>noctem</strong></span> <span class='ocrx_word' id='word_1_66' title='bbox 1464 565 1594 640; x_wconf 74' lang='lat' dir='ltr'><strong>gravitm</strong></span> <span class='ocrx_word' id='word_1_67' title='bbox 1618 567 1785 628; x_wconf 83' lang='lat' dir='ltr'><strong>laborando</strong></span> 
     </span>
     <span class='ocr_line' id='line_1_6' title="bbox 12 649 1786 732; baseline -0.001 -16"><span class='ocrx_word' id='word_1_68' title='bbox 12 649 14 684; x_wconf 65' lang='lat'>³</span> <span class='ocrx_word' id='word_1_69' title='bbox 74 676 137 716; x_wconf 90' lang='lat' dir='ltr'><strong>core</strong></span> <span class='ocrx_word' id='word_1_70' title='bbox 153 657 301 732; x_wconf 75' lang='lat' dir='ltr'><strong>superbie</strong></span> <span class='ocrx_word' id='word_1_71' title='bbox 317 657 423 724; x_wconf 87' lang='lat' dir='ltr'><strong>alatus,</strong></span> <span class='ocrx_word' id='word_1_72' title='bbox 439 663 530 730; x_wconf 89' lang='lat' dir='ltr'><strong>atque</strong></span> <span class='ocrx_word' id='word_1_73' title='bbox 545 658 659 716; x_wconf 90' lang='lat' dir='ltr'><strong>inimici</strong></span> <span class='ocrx_word' id='word_1_74' title='bbox 673 656 801 714; x_wconf 89' lang='lat' dir='ltr'><strong>stimulis</strong></span> <span class='ocrx_word' id='word_1_75' title='bbox 828 671 899 712; x_wconf 86' lang='lat' dir='ltr'><strong>esa·</strong></span> <span class='ocrx_word' id='word_1_76' title='bbox 953 654 1074 712; x_wconf 83' lang='lat' dir='ltr'>insimul</span> <span class='ocrx_word' id='word_1_77' title='bbox 1089 657 1205 716; x_wconf 87' lang='lat' dir='ltr'><strong>vidisse.</strong></span> <span class='ocrx_word' id='word_1_78' title='bbox 1220 660 1334 718; x_wconf 85' lang='lat' dir='ltr'><strong>idcirco</strong></span> <span class='ocrx_word' id='word_1_79' title='bbox 1348 661 1388 718; x_wconf 89' lang='lat' dir='ltr'><strong>ad</strong></span> <span class='ocrx_word' id='word_1_80' title='bbox 1402 659 1500 718; x_wconf 88' lang='lat' dir='ltr'><strong>virum</strong></span> <span class='ocrx_word' id='word_1_81' title='bbox 1512 656 1574 724; x_wconf 86' lang='lat' dir='ltr'><strong>Dei,</strong></span> <span class='ocrx_word' id='word_1_82' title='bbox 1603 671 1697 731; x_wconf 87' lang='lat' dir='ltr'><strong>quam</strong></span> <span class='ocrx_word' id='word_1_83' title='bbox 1718 659 1786 715; x_wconf 87' lang='lat' dir='ltr'><strong>bes·</strong></span> 
     </span>
     <span class='ocr_line' id='line_1_7' title="bbox 12 741 1787 824; baseline -0.001 -18"><span class='ocrx_word' id='word_1_84' title='bbox 12 741 14 776; x_wconf 69' lang='lat'>²</span> <span class='ocrx_word' id='word_1_85' title='bbox 74 753 218 822; x_wconf 89' lang='lat' dir='ltr'><strong>speratus,</strong></span> <span class='ocrx_word' id='word_1_86' title='bbox 245 749 418 820; x_wconf 84' lang='lat' dir='ltr'><strong>juramento</strong></span> <span class='ocrx_word' id='word_1_87' title='bbox 447 749 625 804; x_wconf 81' lang='lat' dir='ltr'><strong>sacramenti</strong></span> <span class='ocrx_word' id='word_1_88' title='bbox 651 746 782 804; x_wconf 87' lang='lat' dir='ltr'><strong>affirmat</strong></span> <span class='ocrx_word' id='word_1_89' title='bbox 807 746 899 802; x_wconf 89' lang='lat' dir='ltr'><strong>vitam</strong></span> <span class='ocrx_word' id='word_1_90' title='bbox 954 749 1037 804; x_wconf 88' lang='lat' dir='ltr'><strong>terna</strong></span> <span class='ocrx_word' id='word_1_91' title='bbox 1051 745 1100 802; x_wconf 91' lang='lat' dir='ltr'><strong>dei</strong></span> <span class='ocrx_word' id='word_1_92' title='bbox 1115 749 1243 821; x_wconf 78' lang='lat' dir='ltr'><strong>superbe</strong></span> <span class='ocrx_word' id='word_1_93' title='bbox 1257 749 1434 824; x_wconf 89' lang='lat' dir='ltr'><strong>contempsi,</strong></span> <span class='ocrx_word' id='word_1_94' title='bbox 1448 749 1538 808; x_wconf 90' lang='lat' dir='ltr'><strong>bodie</strong></span> <span class='ocrx_word' id='word_1_95' title='bbox 1549 747 1623 806; x_wconf 88' lang='lat' dir='ltr'><strong>mibi</strong></span> <span class='ocrx_word' id='word_1_96' title='bbox 1635 747 1787 806; x_wconf 87' lang='lat' dir='ltr'><strong>humiliter</strong></span> 
     </span>
     <span class='ocr_line' id='line_1_8' title="bbox 72 834 1787 914; baseline 0.002 -20"><span class='ocrx_word' id='word_1_97' title='bbox 72 837 225 910; x_wconf 80' lang='lat' dir='ltr'>propriam</span> <span class='ocrx_word' id='word_1_98' title='bbox 244 851 304 893; x_wconf 91' lang='lat' dir='ltr'><strong>non</strong></span> <span class='ocrx_word' id='word_1_99' title='bbox 319 836 459 893; x_wconf 91' lang='lat' dir='ltr'><strong>libentius</strong></span> <span class='ocrx_word' id='word_1_100' title='bbox 473 836 548 894; x_wconf 85' lang='lat' dir='ltr'><strong>velle</strong></span> <span class='ocrx_word' id='word_1_101' title='bbox 563 836 648 906; x_wconf 91' lang='lat' dir='ltr'><strong>tueri,</strong></span> <span class='ocrx_word' id='word_1_102' title='bbox 663 852 757 910; x_wconf 90' lang='lat' dir='ltr'><strong>quam</strong></span> <span class='ocrx_word' id='word_1_103' title='bbox 769 837 827 892; x_wconf 92' lang='lat' dir='ltr'><strong>hoc</strong></span> <span class='ocrx_word' id='word_1_104' title='bbox 853 834 900 891; x_wconf 87' lang='lat' dir='ltr'><strong>vel</strong></span> <span class='ocrx_word' id='word_1_105' title='bbox 952 835 1160 907; x_wconf 73' lang='lat' dir='ltr'><strong>repedandum</strong></span> <span class='ocrx_word' id='word_1_106' title='bbox 1173 838 1252 895; x_wconf 83' lang='lat' dir='ltr'><strong>nori.</strong></span> <span class='ocrx_word' id='word_1_107' title='bbox 1269 840 1302 895; x_wconf 84' lang='lat' dir='ltr'><strong>Et</strong></span> <span class='ocrx_word' id='word_1_108' title='bbox 1316 839 1473 897; x_wconf 78' lang='lat' dir='ltr'><strong>confestim</strong></span> <span class='ocrx_word' id='word_1_109' title='bbox 1486 853 1691 914; x_wconf 88' lang='lat' dir='ltr'><strong>pergensque</strong></span> <span class='ocrx_word' id='word_1_110' title='bbox 1714 853 1787 896; x_wconf 85' lang='lat' dir='ltr'><strong>aun·</strong></span> 
     </span>
     <span class='ocr_line' id='line_1_9' title="bbox 72 923 1784 1000; baseline 0.004 -18"><span class='ocrx_word' id='word_1_111' title='bbox 72 942 123 1000; x_wconf 89' lang='lat' dir='ltr'><strong>per</strong></span> <span class='ocrx_word' id='word_1_112' title='bbox 138 943 168 984; x_wconf 88' lang='lat' dir='ltr'><strong>se</strong></span> <span class='ocrx_word' id='word_1_113' title='bbox 183 925 230 982; x_wconf 87' lang='lat' dir='ltr'><strong>vel</strong></span> <span class='ocrx_word' id='word_1_114' title='bbox 244 941 297 999; x_wconf 90' lang='lat' dir='ltr'><strong>per</strong></span> <span class='ocrx_word' id='word_1_115' title='bbox 307 942 377 982; x_wconf 90' lang='lat' dir='ltr'><strong>suos</strong></span> <span class='ocrx_word' id='word_1_116' title='bbox 391 925 516 993; x_wconf 87' lang='lat' dir='ltr'><strong>efficere,</strong></span> <span class='ocrx_word' id='word_1_117' title='bbox 532 931 565 982; x_wconf 93' lang='lat' dir='ltr'><strong>ut</strong></span> <span class='ocrx_word' id='word_1_118' title='bbox 579 927 644 997; x_wconf 86' lang='lat' dir='ltr'><strong>ejus</strong></span> <span class='ocrx_word' id='word_1_119' title='bbox 672 925 730 982; x_wconf 88' lang='lat' dir='ltr'><strong>vitu</strong></span> <span class='ocrx_word' id='word_1_120' title='bbox 759 941 815 998; x_wconf 90' lang='lat' dir='ltr'><strong>pro</strong></span> <span class='ocrx_word' id='word_1_121' title='bbox 837 941 899 997; x_wconf 90' lang='lat' dir='ltr'><strong>quo</strong></span> <span class='ocrx_word' id='word_1_122' title='bbox 953 923 1027 980; x_wconf 91' lang='lat' dir='ltr'><strong>dum</strong></span> <span class='ocrx_word' id='word_1_123' title='bbox 1039 924 1181 998; x_wconf 87' lang='lat' dir='ltr'><strong>decrevit,</strong></span> <span class='ocrx_word' id='word_1_124' title='bbox 1194 928 1341 986; x_wconf 88' lang='lat' dir='ltr'><strong>advocato</strong></span> <span class='ocrx_word' id='word_1_125' title='bbox 1354 930 1410 986; x_wconf 86' lang='lat' dir='ltr'><strong>viri</strong></span> <span class='ocrx_word' id='word_1_126' title='bbox 1425 931 1474 986; x_wconf 83' lang='lat' dir='ltr'><strong>flei</strong></span> <span class='ocrx_word' id='word_1_127' title='bbox 1495 935 1578 1000; x_wconf 86' lang='lat' dir='ltr'><strong>nato,</strong></span> <span class='ocrx_word' id='word_1_128' title='bbox 1607 931 1672 989; x_wconf 85' lang='lat' dir='ltr'><strong>solo</strong></span> <span class='ocrx_word' id='word_1_129' title='bbox 1697 935 1784 989; x_wconf 86' lang='lat' dir='ltr'><strong>tenus</strong></span> 
     </span>
     <span class='ocr_line' id='line_1_10' title="bbox 72 1013 1784 1096; baseline 0.005 -24"><span class='ocrx_word' id='word_1_130' title='bbox 72 1014 359 1072; x_wconf 84' lang='lat' dir='ltr'><strong>tamobnixehomo</strong></span> <span class='ocrx_word' id='word_1_131' title='bbox 375 1014 425 1070; x_wconf 82' lang='lat' dir='ltr'><strong>liei</strong></span> <span class='ocrx_word' id='word_1_132' title='bbox 452 1013 652 1088; x_wconf 75' lang='lat' dir='ltr'><strong>supplicabat,</strong></span> <span class='ocrx_word' id='word_1_133' title='bbox 682 1014 779 1088; x_wconf 90' lang='lat' dir='ltr'><strong>possit</strong></span> <span class='ocrx_word' id='word_1_134' title='bbox 804 1018 900 1070; x_wconf 74' lang='lat' dir='ltr'><strong>eston</strong></span> <span class='ocrx_word' id='word_1_135' title='bbox 961 1029 1056 1070; x_wconf 78' lang='lat' dir='ltr'><strong>eoram</strong></span> <span class='ocrx_word' id='word_1_136' title='bbox 1071 1030 1111 1071; x_wconf 90' lang='lat' dir='ltr'><strong>eo</strong></span> <span class='ocrx_word' id='word_1_137' title='bbox 1123 1021 1299 1088; x_wconf 89' lang='lat' dir='ltr'><strong>prostratus,</strong></span> <span class='ocrx_word' id='word_1_138' title='bbox 1313 1019 1520 1092; x_wconf 75' lang='lat' dir='ltr'><strong>ponitentiam</strong></span> <span class='ocrx_word' id='word_1_139' title='bbox 1547 1021 1607 1090; x_wconf 86' lang='lat' dir='ltr'><strong>egit</strong></span> <span class='ocrx_word' id='word_1_140' title='bbox 1634 1035 1784 1096; x_wconf 89' lang='lat' dir='ltr'><strong>supereo</strong></span> 
     </span>
     <span class='ocr_line' id='line_1_11' title="bbox 72 1103 1781 1178; baseline 0.005 -18"><span class='ocrx_word' id='word_1_141' title='bbox 72 1103 156 1177; x_wconf 89' lang='lat' dir='ltr'><strong>queri</strong></span> <span class='ocrx_word' id='word_1_142' title='bbox 168 1107 197 1160; x_wconf 90' lang='lat' dir='ltr'><strong>et</strong></span> <span class='ocrx_word' id='word_1_143' title='bbox 210 1103 369 1172; x_wconf 83' lang='lat' dir='ltr'><strong>exstingui.</strong></span> <span class='ocrx_word' id='word_1_144' title='bbox 387 1103 472 1160; x_wconf 85' lang='lat' dir='ltr'><strong>Turro</strong></span> <span class='ocrx_word' id='word_1_145' title='bbox 486 1103 609 1159; x_wconf 91' lang='lat' dir='ltr'><strong>humilis</strong></span> <span class='ocrx_word' id='word_1_146' title='bbox 636 1103 805 1160; x_wconf 89' lang='lat' dir='ltr'><strong>monachus</strong></span> <span class='ocrx_word' id='word_1_147' title='bbox 834 1117 899 1158; x_wconf 87' lang='lat' dir='ltr'><strong>mc·</strong></span> <span class='ocrx_word' id='word_1_148' title='bbox 952 1103 1035 1175; x_wconf 91' lang='lat' dir='ltr'><strong>quod</strong></span> <span class='ocrx_word' id='word_1_149' title='bbox 1048 1104 1141 1176; x_wconf 86' lang='lat' dir='ltr'><strong>priori</strong></span> <span class='ocrx_word' id='word_1_150' title='bbox 1156 1105 1491 1164; x_wconf 79' lang='lat' dir='ltr'><strong>dieadeoincxorabilis</strong></span> <span class='ocrx_word' id='word_1_151' title='bbox 1506 1108 1625 1178; x_wconf 85' lang='lat' dir='ltr'><strong>exstitit,</strong></span> <span class='ocrx_word' id='word_1_152' title='bbox 1641 1123 1696 1166; x_wconf 90' lang='lat' dir='ltr'><strong>nec</strong></span> <span class='ocrx_word' id='word_1_153' title='bbox 1719 1125 1781 1170; x_wconf 86' lang='lat' dir='ltr'><strong>non</strong></span> 
     </span>
     <span class='ocr_line' id='line_1_12' title="bbox 73 1189 1782 1269; baseline 0.006 -22"><span class='ocrx_word' id='word_1_154' title='bbox 73 1191 115 1260; x_wconf 87' lang='lat' dir='ltr'><strong>gis</strong></span> <span class='ocrx_word' id='word_1_155' title='bbox 129 1206 338 1264; x_wconf 91' lang='lat' dir='ltr'><strong>proeoquam</strong></span> <span class='ocrx_word' id='word_1_156' title='bbox 352 1206 408 1264; x_wconf 91' lang='lat' dir='ltr'><strong>pro</strong></span> <span class='ocrx_word' id='word_1_157' title='bbox 433 1189 505 1258; x_wconf 88' lang='lat' dir='ltr'><strong>filio,</strong></span> <span class='ocrx_word' id='word_1_158' title='bbox 527 1190 670 1263; x_wconf 83' lang='lat' dir='ltr'><strong>lacrymis</strong></span> <span class='ocrx_word' id='word_1_159' title='bbox 695 1191 821 1258; x_wconf 86' lang='lat' dir='ltr'><strong>infusus,</strong></span> <span class='ocrx_word' id='word_1_160' title='bbox 837 1189 897 1246; x_wconf 88' lang='lat' dir='ltr'><strong>ait:</strong></span> <span class='ocrx_word' id='word_1_161' title='bbox 952 1207 1059 1265; x_wconf 84' lang='lat' dir='ltr'><strong>pacem</strong></span> <span class='ocrx_word' id='word_1_162' title='bbox 1075 1192 1151 1250; x_wconf 82' lang='grc' dir='ltr'>ιιιιιο</span> <span class='ocrx_word' id='word_1_163' title='bbox 1166 1193 1321 1262; x_wconf 90' lang='lat' dir='ltr'><strong>eiobtulit,</strong></span> <span class='ocrx_word' id='word_1_164' title='bbox 1336 1211 1406 1251; x_wconf 89' lang='lat' dir='ltr'><strong>eum</strong></span> <span class='ocrx_word' id='word_1_165' title='bbox 1420 1211 1488 1252; x_wconf 88' lang='lat' dir='ltr'><strong>eam</strong></span> <span class='ocrx_word' id='word_1_166' title='bbox 1511 1196 1584 1252; x_wconf 82' lang='lat' dir='ltr'><strong>dare</strong></span> <span class='ocrx_word' id='word_1_167' title='bbox 1594 1197 1677 1269; x_wconf 88' lang='lat' dir='ltr'><strong>prius</strong></span> <span class='ocrx_word' id='word_1_168' title='bbox 1691 1203 1782 1258; x_wconf 81' lang='lat' dir='ltr'><strong>etiarn</strong></span> 
     </span>
     <span class='ocr_line' id='line_1_13' title="bbox 75 1279 1783 1356; baseline 0.004 -20"><span class='ocrx_word' id='word_1_169' title='bbox 75 1281 132 1346; x_wconf 83' lang='lat' dir='ltr'><strong>Eia,</strong></span> <span class='ocrx_word' id='word_1_170' title='bbox 147 1281 202 1348; x_wconf 90' lang='lat' dir='ltr'><strong>eia,</strong></span> <span class='ocrx_word' id='word_1_171' title='bbox 216 1279 338 1336; x_wconf 91' lang='lat' dir='ltr'><strong>domine</strong></span> <span class='ocrx_word' id='word_1_172' title='bbox 351 1279 500 1350; x_wconf 75' lang='lat' dir='ltr'><strong>aginulfe,</strong></span> <span class='ocrx_word' id='word_1_173' title='bbox 515 1296 610 1353; x_wconf 91' lang='lat' dir='ltr'><strong>quam</strong></span> <span class='ocrx_word' id='word_1_174' title='bbox 623 1280 750 1338; x_wconf 81' lang='lat' dir='ltr'><strong>libenter</strong></span> <span class='ocrx_word' id='word_1_175' title='bbox 764 1285 793 1336; x_wconf 89' lang='lat' dir='ltr'><strong>et</strong></span> <span class='ocrx_word' id='word_1_176' title='bbox 805 1295 899 1352; x_wconf 89' lang='lat' dir='ltr'><strong>quarn</strong></span> <span class='ocrx_word' id='word_1_177' title='bbox 953 1286 1075 1350; x_wconf 89' lang='lat' dir='ltr'><strong>rogatus</strong></span> <span class='ocrx_word' id='word_1_178' title='bbox 1091 1284 1248 1341; x_wconf 88' lang='lat' dir='ltr'><strong>recusavit.</strong></span> <span class='ocrx_word' id='word_1_179' title='bbox 1265 1284 1357 1356; x_wconf 87' lang='lat' dir='ltr'><strong>Cujus</strong></span> <span class='ocrx_word' id='word_1_180' title='bbox 1371 1283 1413 1340; x_wconf 91' lang='lat' dir='ltr'><strong>rei</strong></span> <span class='ocrx_word' id='word_1_181' title='bbox 1426 1284 1520 1356; x_wconf 87' lang='lat' dir='ltr'><strong>gratia</strong></span> <span class='ocrx_word' id='word_1_182' title='bbox 1532 1284 1625 1341; x_wconf 90' lang='lat' dir='ltr'><strong>bomo</strong></span> <span class='ocrx_word' id='word_1_183' title='bbox 1641 1287 1690 1342; x_wconf 88' lang='lat' dir='ltr'><strong>llei</strong></span> <span class='ocrx_word' id='word_1_184' title='bbox 1714 1286 1783 1343; x_wconf 76' lang='lat' dir='ltr'><strong>lati·</strong></span> 
     </span>
     <span class='ocr_line' id='line_1_14' title="bbox 75 1369 1785 1444; baseline 0.002 -19"><span class='ocrx_word' id='word_1_185' title='bbox 75 1369 239 1426; x_wconf 88' lang='lat' dir='ltr'><strong>necessario</strong></span> <span class='ocrx_word' id='word_1_186' title='bbox 253 1369 371 1438; x_wconf 84' lang='lat' dir='ltr'><strong>vellem,</strong></span> <span class='ocrx_word' id='word_1_187' title='bbox 386 1369 410 1424; x_wconf 87' lang='lat' dir='ltr'><strong>si</strong></span> <span class='ocrx_word' id='word_1_188' title='bbox 425 1369 556 1442; x_wconf 87' lang='lat' dir='ltr'><strong>peccatis</strong></span> <span class='ocrx_word' id='word_1_189' title='bbox 572 1370 646 1426; x_wconf 90' lang='lat' dir='ltr'><strong>meis</strong></span> <span class='ocrx_word' id='word_1_190' title='bbox 664 1370 826 1427; x_wconf 85' lang='lat' dir='ltr'><strong>Dominum</strong></span> <span class='ocrx_word' id='word_1_191' title='bbox 850 1385 898 1424; x_wconf 89' lang='lat' dir='ltr'><strong>ro·</strong></span> <span class='ocrx_word' id='word_1_192' title='bbox 952 1369 1071 1440; x_wconf 81' lang='lat' dir='ltr'><strong>boatus,</strong></span> <span class='ocrx_word' id='word_1_193' title='bbox 1086 1370 1286 1444; x_wconf 85' lang='lat' dir='ltr'><strong>Omnipotetli</strong></span> <span class='ocrx_word' id='word_1_194' title='bbox 1297 1371 1476 1442; x_wconf 85' lang='lat' dir='ltr'><strong>magnificas</strong></span> <span class='ocrx_word' id='word_1_195' title='bbox 1501 1375 1601 1444; x_wconf 88' lang='lat' dir='ltr'><strong>grates</strong></span> <span class='ocrx_word' id='word_1_196' title='bbox 1622 1373 1729 1440; x_wconf 89' lang='lat' dir='ltr'><strong>retulit,</strong></span> <span class='ocrx_word' id='word_1_197' title='bbox 1756 1377 1785 1430; x_wconf 88' lang='lat' dir='ltr'><strong>et</strong></span> 
     </span>
     <span class='ocr_line' id='line_1_15' title="bbox 72 1457 1784 1534; baseline 0.003 -20"><span class='ocrx_word' id='word_1_198' title='bbox 72 1473 140 1527; x_wconf 90' lang='lat' dir='ltr'><strong>gare</strong></span> <span class='ocrx_word' id='word_1_199' title='bbox 154 1457 343 1522; x_wconf 91' lang='lat' dir='ltr'><strong>auderem,ut</strong></span> <span class='ocrx_word' id='word_1_200' title='bbox 354 1457 510 1514; x_wconf 74' lang='lat' dir='ltr'><strong>invideres</strong></span> <span class='ocrx_word' id='word_1_201' title='bbox 521 1458 601 1515; x_wconf 91' lang='lat' dir='ltr'><strong>bunc</strong></span> <span class='ocrx_word' id='word_1_202' title='bbox 614 1459 700 1530; x_wconf 90' lang='lat' dir='ltr'><strong>cujus</strong></span> <span class='ocrx_word' id='word_1_203' title='bbox 710 1475 764 1532; x_wconf 90' lang='lat' dir='ltr'><strong>per</strong></span> <span class='ocrx_word' id='word_1_204' title='bbox 774 1473 912 1528; x_wconf 73' lang='lat' dir='ltr'><strong>sugges·</strong></span> <span class='ocrx_word' id='word_1_205' title='bbox 952 1458 1147 1516; x_wconf 90' lang='lat' dir='ltr'><strong>nibilominus</strong></span> <span class='ocrx_word' id='word_1_206' title='bbox 1161 1461 1260 1517; x_wconf 91' lang='lat' dir='ltr'><strong>omnis</strong></span> <span class='ocrx_word' id='word_1_207' title='bbox 1271 1461 1367 1534; x_wconf 91' lang='lat' dir='ltr'><strong>plebs,</strong></span> <span class='ocrx_word' id='word_1_208' title='bbox 1381 1465 1415 1518; x_wconf 91' lang='lat' dir='ltr'><strong>ut</strong></span> <span class='ocrx_word' id='word_1_209' title='bbox 1429 1460 1553 1530; x_wconf 86' lang='lat' dir='ltr'><strong>audivit,</strong></span> <span class='ocrx_word' id='word_1_210' title='bbox 1566 1461 1708 1518; x_wconf 82' lang='lat' dir='ltr'><strong>humanae</strong></span> <span class='ocrx_word' id='word_1_211' title='bbox 1730 1463 1784 1519; x_wconf 90' lang='lat' dir='ltr'><strong>du·</strong></span> 
     </span>
     <span class='ocr_line' id='line_1_16' title="bbox 71 1545 1497 1606; baseline 0.001 -4"><span class='ocrx_word' id='word_1_212' title='bbox 71 1545 179 1602; x_wconf 72' lang='lat' dir='ltr'><strong>donem</strong></span> <span class='ocrx_word' id='word_1_213' title='bbox 193 1545 347 1602; x_wconf 89' lang='lat' dir='ltr'><strong>homicidii</strong></span> <span class='ocrx_word' id='word_1_214' title='bbox 362 1546 533 1602; x_wconf 79' lang='lat' dir='ltr'><strong>amaritudo</strong></span> <span class='ocrx_word' id='word_1_215' title='bbox 561 1547 638 1604; x_wconf 89' lang='lat' dir='ltr'><strong>adeo</strong></span> <span class='ocrx_word' id='word_1_216' title='bbox 662 1547 715 1604; x_wconf 93' lang='lat' dir='ltr'><strong>tibi</strong></span> <span class='ocrx_word' id='word_1_217' title='bbox 743 1545 900 1602; x_wconf 85' lang='lat' dir='ltr'><strong>dulcorata</strong></span> <span class='ocrx_word' id='word_1_218' title='bbox 951 1547 1024 1604; x_wconf 79' lang='lat' dir='ltr'><strong>ritim</strong></span> <span class='ocrx_word' id='word_1_219' title='bbox 1038 1547 1239 1606; x_wconf 87' lang='lat' dir='ltr'><strong>mollificatori</strong></span> <span class='ocrx_word' id='word_1_220' title='bbox 1252 1548 1359 1606; x_wconf 86' lang='lat' dir='ltr'><strong>laudes</strong></span> <span class='ocrx_word' id='word_1_221' title='bbox 1374 1549 1465 1606; x_wconf 92' lang='lat' dir='ltr'><strong>dedit.</strong></span> <span class='ocrx_word' id='word_1_222' title='bbox 1482 1567 1497 1604; x_wconf 79' lang='lat' dir='ltr'><strong>s</strong></span> 
     </span>
    </p>

    <p class='ocr_par' dir='ltr' id='par_1_3' title="bbox 70 1634 1475 1709">
     <span class='ocr_line' id='line_1_17' title="bbox 70 1634 1475 1709; baseline 0.003 -19"><span class='ocrx_word' id='word_1_223' title='bbox 70 1640 124 1702; x_wconf 88' lang='lat' dir='ltr'><strong>cst,</strong></span> <span class='ocrx_word' id='word_1_224' title='bbox 140 1651 202 1708; x_wconf 94' lang='lat' dir='ltr'><strong>quo</strong></span> <span class='ocrx_word' id='word_1_225' title='bbox 217 1649 273 1691; x_wconf 91' lang='lat' dir='ltr'><strong>nec</strong></span> <span class='ocrx_word' id='word_1_226' title='bbox 286 1634 327 1691; x_wconf 91' lang='lat' dir='ltr'><strong>ob</strong></span> <span class='ocrx_word' id='word_1_227' title='bbox 342 1634 579 1692; x_wconf 89' lang='lat' dir='ltr'><strong>misericordiam</strong></span> <span class='ocrx_word' id='word_1_228' title='bbox 595 1637 656 1704; x_wconf 85' lang='lat' dir='ltr'><strong>flei,</strong></span> <span class='ocrx_word' id='word_1_229' title='bbox 678 1652 777 1709; x_wconf 87' lang='lat' dir='ltr'><strong>nequo</strong></span> <span class='ocrx_word' id='word_1_230' title='bbox 798 1635 838 1691; x_wconf 92' lang='lat' dir='ltr'><strong>ob</strong></span> <span class='ocrx_word' id='word_1_231' title='bbox 852 1651 898 1691; x_wconf 90' lang='lat' dir='ltr'><strong>re·</strong></span> <span class='ocrx_word' id='word_1_232' title='bbox 916 1652 938 1706; x_wconf 76' lang='lat' dir='ltr'><strong>g</strong></span> <span class='ocrx_word' id='word_1_233' title='bbox 1261 1639 1475 1694; x_wconf 70' lang='lat' dir='ltr'><strong>ammonicius.</strong></span> 
     </span>
    </p>

    <p class='ocr_par' dir='ltr' id='par_1_4' title="bbox 64 1721 1786 2683">
     <span class='ocr_line' id='line_1_18' title="bbox 68 1721 1786 1800; baseline 0.001 -20"><span class='ocrx_word' id='word_1_234' title='bbox 68 1723 294 1780; x_wconf 86' lang='lat' dir='ltr'><strong>verentiabestr</strong></span> <span class='ocrx_word' id='word_1_235' title='bbox 308 1723 416 1780; x_wconf 90' lang='lat' dir='ltr'><strong>Petria</strong></span> <span class='ocrx_word' id='word_1_236' title='bbox 444 1729 527 1780; x_wconf 91' lang='lat' dir='ltr'><strong>tanto</strong></span> <span class='ocrx_word' id='word_1_237' title='bbox 552 1725 633 1782; x_wconf 91' lang='lat' dir='ltr'><strong>malo</strong></span> <span class='ocrx_word' id='word_1_238' title='bbox 659 1725 732 1782; x_wconf 90' lang='lat' dir='ltr'><strong>velis</strong></span> <span class='ocrx_word' id='word_1_239' title='bbox 758 1724 896 1781; x_wconf 87' lang='lat' dir='ltr'><strong>inhiberi.</strong></span> <span class='ocrx_word' id='word_1_240' title='bbox 989 1745 1002 1774; x_wconf 75' lang='lat' dir='ltr'><strong>a</strong></span> <span class='ocrx_word' id='word_1_241' title='bbox 1024 1723 1123 1780; x_wconf 86' lang='lat' dir='ltr'><strong>Placet</strong></span> <span class='ocrx_word' id='word_1_242' title='bbox 1134 1723 1218 1794; x_wconf 90' lang='lat' dir='ltr'><strong>mihi,</strong></span> <span class='ocrx_word' id='word_1_243' title='bbox 1236 1725 1339 1793; x_wconf 87' lang='lat' dir='ltr'><strong>fateor,</strong></span> <span class='ocrx_word' id='word_1_244' title='bbox 1366 1726 1511 1783; x_wconf 84' lang='lat' dir='ltr'><strong>sententia</strong></span> <span class='ocrx_word' id='word_1_245' title='bbox 1531 1740 1625 1800; x_wconf 89' lang='lat' dir='ltr'><strong>quam</strong></span> <span class='ocrx_word' id='word_1_246' title='bbox 1653 1721 1694 1782; x_wconf 92' lang='lat' dir='ltr'><strong>ob</strong></span> <span class='ocrx_word' id='word_1_247' title='bbox 1716 1739 1786 1798; x_wconf 89' lang='lat' dir='ltr'><strong>pro·</strong></span> 
     </span>
     <span class='ocr_line' id='line_1_19' title="bbox 70 1811 1786 1885; baseline 0.001 -17"><span class='ocrx_word' id='word_1_248' title='bbox 70 1811 235 1868; x_wconf 79' lang='lat' dir='ltr'><strong>(lontidoin</strong></span> <span class='ocrx_word' id='word_1_249' title='bbox 252 1811 461 1885; x_wconf 84' lang='lat' dir='ltr'><strong>Dominoquia</strong></span> <span class='ocrx_word' id='word_1_250' title='bbox 478 1812 599 1869; x_wconf 92' lang='lat' dir='ltr'><strong>siillum</strong></span> <span class='ocrx_word' id='word_1_251' title='bbox 623 1814 749 1880; x_wconf 84' lang='lat' dir='ltr'><strong>videres,</strong></span> <span class='ocrx_word' id='word_1_252' title='bbox 763 1813 899 1870; x_wconf 90' lang='lat' dir='ltr'><strong>animum</strong></span> <span class='ocrx_word' id='word_1_253' title='bbox 952 1811 1085 1868; x_wconf 89' lang='lat' dir='ltr'><strong>dandam</strong></span> <span class='ocrx_word' id='word_1_254' title='bbox 1098 1813 1186 1869; x_wconf 91' lang='lat' dir='ltr'><strong>simul</strong></span> <span class='ocrx_word' id='word_1_255' title='bbox 1201 1819 1231 1870; x_wconf 89' lang='lat' dir='ltr'><strong>et</strong></span> <span class='ocrx_word' id='word_1_256' title='bbox 1244 1814 1413 1871; x_wconf 89' lang='lat' dir='ltr'><strong>cavendam</strong></span> <span class='ocrx_word' id='word_1_257' title='bbox 1428 1815 1629 1885; x_wconf 75' lang='lat' dir='ltr'><strong>suggestionis</strong></span> <span class='ocrx_word' id='word_1_258' title='bbox 1659 1813 1786 1873; x_wconf 76' lang='lat' dir='ltr'><strong>diaboli·</strong></span> 
     </span>
     <span class='ocr_line' id='line_1_20' title="bbox 69 1900 1782 1976; baseline 0.002 -21"><span class='ocrx_word' id='word_1_259' title='bbox 69 1903 133 1957; x_wconf 84' lang='lat' dir='ltr'><strong>sine</strong></span> <span class='ocrx_word' id='word_1_260' title='bbox 149 1901 291 1958; x_wconf 90' lang='lat' dir='ltr'><strong>dilatione</strong></span> <span class='ocrx_word' id='word_1_261' title='bbox 306 1905 451 1959; x_wconf 89' lang='lat' dir='ltr'><strong>mutares.</strong></span> <span class='ocrx_word' id='word_1_262' title='bbox 466 1902 517 1958; x_wconf 87' lang='lat' dir='ltr'><strong>His</strong></span> <span class='ocrx_word' id='word_1_263' title='bbox 531 1907 560 1957; x_wconf 86' lang='lat' dir='ltr'><strong>et</strong></span> <span class='ocrx_word' id='word_1_264' title='bbox 578 1903 788 1974; x_wconf 86' lang='lat' dir='ltr'><strong>hujuscemodi</strong></span> <span class='ocrx_word' id='word_1_265' title='bbox 813 1902 899 1958; x_wconf 90' lang='lat' dir='ltr'><strong>dictis</strong></span> <span class='ocrx_word' id='word_1_266' title='bbox 952 1916 995 1956; x_wconf 82' lang='lat' dir='ltr'><strong>cre</strong></span> <span class='ocrx_word' id='word_1_267' title='bbox 1011 1900 1155 1956; x_wconf 90' lang='lat' dir='ltr'><strong>malitiam</strong></span> <span class='ocrx_word' id='word_1_268' title='bbox 1170 1902 1309 1974; x_wconf 85' lang='lat' dir='ltr'><strong>proximo</strong></span> <span class='ocrx_word' id='word_1_269' title='bbox 1322 1901 1505 1976; x_wconf 89' lang='lat' dir='ltr'><strong>descripsisti</strong></span> <span class='ocrx_word' id='word_1_270' title='bbox 1533 1901 1675 1975; x_wconf 88' lang='lat' dir='ltr'><strong>capitulo,</strong></span> <span class='ocrx_word' id='word_1_271' title='bbox 1702 1915 1782 1976; x_wconf 79' lang='lat' dir='ltr'><strong>quas,</strong></span> 
     </span>
     <span class='ocr_line' id='line_1_21' title="bbox 70 1988 1785 2064; baseline 0.002 -19"><span class='ocrx_word' id='word_1_272' title='bbox 70 1994 100 2046; x_wconf 91' lang='lat' dir='ltr'><strong>et</strong></span> <span class='ocrx_word' id='word_1_273' title='bbox 114 1990 231 2058; x_wconf 88' lang='lat' dir='ltr'><strong>auditis,</strong></span> <span class='ocrx_word' id='word_1_274' title='bbox 248 1990 320 2046; x_wconf 87' lang='lat' dir='ltr'><strong>abiit</strong></span> <span class='ocrx_word' id='word_1_275' title='bbox 333 1991 384 2062; x_wconf 92' lang='lat' dir='ltr'><strong>qui</strong></span> <span class='ocrx_word' id='word_1_276' title='bbox 401 1995 524 2046; x_wconf 85' lang='lat' dir='ltr'><strong>vocatus</strong></span> <span class='ocrx_word' id='word_1_277' title='bbox 539 1995 672 2061; x_wconf 89' lang='lat' dir='ltr'><strong>venerat,</strong></span> <span class='ocrx_word' id='word_1_278' title='bbox 684 1991 792 2048; x_wconf 87' lang='lat' dir='ltr'><strong>mentis</strong></span> <span class='ocrx_word' id='word_1_279' title='bbox 806 1991 897 2047; x_wconf 89' lang='lat' dir='ltr'><strong>obsti·</strong></span> <span class='ocrx_word' id='word_1_280' title='bbox 952 1993 985 2046; x_wconf 92' lang='lat' dir='ltr'><strong>ut</strong></span> <span class='ocrx_word' id='word_1_281' title='bbox 1000 1988 1117 2046; x_wconf 92' lang='lat' dir='ltr'><strong>videtur</strong></span> <span class='ocrx_word' id='word_1_282' title='bbox 1135 2006 1209 2046; x_wconf 80' lang='lat' dir='ltr'><strong>meas</strong></span> <span class='ocrx_word' id='word_1_283' title='bbox 1231 1991 1381 2064; x_wconf 83' lang='lat' dir='ltr'><strong>parvitati,</strong></span> <span class='ocrx_word' id='word_1_284' title='bbox 1392 2007 1453 2049; x_wconf 94' lang='lat' dir='ltr'><strong>non</strong></span> <span class='ocrx_word' id='word_1_285' title='bbox 1476 1990 1722 2048; x_wconf 84' lang='lat' dir='ltr'><strong>inconvenienter</strong></span> <span class='ocrx_word' id='word_1_286' title='bbox 1742 1991 1785 2048; x_wconf 87' lang='lat' dir='ltr'><strong>vi·</strong></span> 
     </span>
     <span class='ocr_line' id='line_1_22' title="bbox 70 2077 1784 2154; baseline 0.002 -20"><span class='ocrx_word' id='word_1_287' title='bbox 70 2085 148 2135; x_wconf 77' lang='lat' dir='ltr'><strong>natre</strong></span> <span class='ocrx_word' id='word_1_288' title='bbox 163 2095 265 2135; x_wconf 88' lang='lat' dir='ltr'><strong>secum</strong></span> <span class='ocrx_word' id='word_1_289' title='bbox 279 2095 355 2135; x_wconf 91' lang='lat' dir='ltr'><strong>onus</strong></span> <span class='ocrx_word' id='word_1_290' title='bbox 368 2085 501 2151; x_wconf 87' lang='lat' dir='ltr'><strong>portans.</strong></span> <span class='ocrx_word' id='word_1_291' title='bbox 522 2082 629 2136; x_wconf 89' lang='lat' dir='ltr'><strong>Verum</strong></span> <span class='ocrx_word' id='word_1_292' title='bbox 657 2077 795 2153; x_wconf 84' lang='lat' dir='ltr'><strong>proxima</strong></span> <span class='ocrx_word' id='word_1_293' title='bbox 811 2085 897 2136; x_wconf 90' lang='lat' dir='ltr'><strong>nocte</strong></span> <span class='ocrx_word' id='word_1_294' title='bbox 953 2079 998 2134; x_wconf 91' lang='lat' dir='ltr'><strong>sio</strong></span> <span class='ocrx_word' id='word_1_295' title='bbox 1012 2079 1080 2135; x_wconf 87' lang='lat' dir='ltr'><strong>viva</strong></span> <span class='ocrx_word' id='word_1_296' title='bbox 1095 2084 1193 2153; x_wconf 91' lang='lat' dir='ltr'><strong>potest</strong></span> <span class='ocrx_word' id='word_1_297' title='bbox 1204 2080 1272 2146; x_wconf 90' lang='lat' dir='ltr'><strong>dici,</strong></span> <span class='ocrx_word' id='word_1_298' title='bbox 1284 2080 1356 2153; x_wconf 90' lang='lat' dir='ltr'><strong>qula</strong></span> <span class='ocrx_word' id='word_1_299' title='bbox 1369 2097 1423 2154; x_wconf 90' lang='lat' dir='ltr'><strong>per</strong></span> <span class='ocrx_word' id='word_1_300' title='bbox 1437 2097 1506 2138; x_wconf 91' lang='lat' dir='ltr'><strong>eam</strong></span> <span class='ocrx_word' id='word_1_301' title='bbox 1527 2081 1667 2138; x_wconf 88' lang='lat' dir='ltr'><strong>inimicus</strong></span> <span class='ocrx_word' id='word_1_302' title='bbox 1690 2081 1784 2138; x_wconf 85' lang='lat' dir='ltr'><strong>homo</strong></span> 
     </span>
     <span class='ocr_line' id='line_1_23' title="bbox 68 2167 1782 2243; baseline 0.004 -23"><span class='ocrx_word' id='word_1_303' title='bbox 68 2171 227 2239; x_wconf 88' lang='lat' dir='ltr'><strong>sensrtper</strong></span> <span class='ocrx_word' id='word_1_304' title='bbox 241 2167 407 2240; x_wconf 89' lang='lat' dir='ltr'><strong>principem</strong></span> <span class='ocrx_word' id='word_1_305' title='bbox 432 2168 624 2226; x_wconf 88' lang='lat' dir='ltr'><strong>tenebrarum</strong></span> <span class='ocrx_word' id='word_1_306' title='bbox 652 2170 816 2243; x_wconf 89' lang='lat' dir='ltr'><strong>mortisque</strong></span> <span class='ocrx_word' id='word_1_307' title='bbox 845 2171 898 2225; x_wconf 86' lang='lat' dir='ltr'><strong>rni-</strong></span> <span class='ocrx_word' id='word_1_308' title='bbox 953 2172 1081 2224; x_wconf 91' lang='lat' dir='ltr'><strong>amorte</strong></span> <span class='ocrx_word' id='word_1_309' title='bbox 1095 2167 1223 2241; x_wconf 85' lang='lat' dir='ltr'><strong>proximi</strong></span> <span class='ocrx_word' id='word_1_310' title='bbox 1240 2174 1285 2225; x_wconf 82' lang='lat' dir='ltr'><strong>est</strong></span> <span class='ocrx_word' id='word_1_311' title='bbox 1312 2169 1490 2241; x_wconf 82' lang='lat' dir='ltr'><strong>prohibitae,</strong></span> <span class='ocrx_word' id='word_1_312' title='bbox 1507 2174 1597 2242; x_wconf 88' lang='lat' dir='ltr'><strong>atque</strong></span> <span class='ocrx_word' id='word_1_313' title='bbox 1612 2170 1700 2226; x_wconf 86' lang='lat' dir='ltr'><strong>vivus</strong></span> <span class='ocrx_word' id='word_1_314' title='bbox 1711 2182 1782 2226; x_wconf 87' lang='lat' dir='ltr'><strong>curn</strong></span> 
     </span>
     <span class='ocr_line' id='line_1_24' title="bbox 65 2255 1783 2332; baseline 0.001 -22"><span class='ocrx_word' id='word_1_315' title='bbox 65 2255 193 2310; x_wconf 89' lang='lat' dir='ltr'><strong>nistrum</strong></span> <span class='ocrx_word' id='word_1_316' title='bbox 201 2255 284 2329; x_wconf 92' lang='lat' dir='ltr'><strong>quod</strong></span> <span class='ocrx_word' id='word_1_317' title='bbox 297 2255 469 2312; x_wconf 81' lang='lat' dir='ltr'><strong>laciendum</strong></span> <span class='ocrx_word' id='word_1_318' title='bbox 480 2258 654 2330; x_wconf 85' lang='lat' dir='ltr'><strong>proterviter</strong></span> <span class='ocrx_word' id='word_1_319' title='bbox 664 2257 795 2316; x_wconf 88' lang='lat' dir='ltr'><strong>decrevit</strong></span> <span class='ocrx_word' id='word_1_320' title='bbox 803 2275 897 2332; x_wconf 89' lang='lat' dir='ltr'><strong>quam</strong></span> <span class='ocrx_word' id='word_1_321' title='bbox 952 2255 1019 2312; x_wconf 87' lang='lat' dir='ltr'><strong>vivo</strong></span> <span class='ocrx_word' id='word_1_322' title='bbox 1039 2257 1069 2312; x_wconf 94' lang='lat' dir='ltr'><strong>in</strong></span> <span class='ocrx_word' id='word_1_323' title='bbox 1085 2257 1212 2326; x_wconf 91' lang='lat' dir='ltr'><strong>gratiam</strong></span> <span class='ocrx_word' id='word_1_324' title='bbox 1227 2259 1399 2314; x_wconf 89' lang='lat' dir='ltr'><strong>communis</strong></span> <span class='ocrx_word' id='word_1_325' title='bbox 1422 2258 1618 2314; x_wconf 89' lang='lat' dir='ltr'><strong>humanitatis</strong></span> <span class='ocrx_word' id='word_1_326' title='bbox 1641 2257 1783 2313; x_wconf 86' lang='lat' dir='ltr'><strong>vivaciter</strong></span> 
     </span>
     <span class='ocr_line' id='line_1_25' title="bbox 65 2343 1785 2420; baseline 0.002 -22"><span class='ocrx_word' id='word_1_327' title='bbox 65 2343 409 2401; x_wconf 85' lang='lat' dir='ltr'><strong>f01·etsinistrum.Nam</strong></span> <span class='ocrx_word' id='word_1_328' title='bbox 425 2344 679 2419; x_wconf 87' lang='lat' dir='ltr'><strong>inprimarigilia</strong></span> <span class='ocrx_word' id='word_1_329' title='bbox 699 2347 804 2416; x_wconf 89' lang='lat' dir='ltr'><strong>noctis,</strong></span> <span class='ocrx_word' id='word_1_330' title='bbox 831 2348 898 2420; x_wconf 87' lang='lat' dir='ltr'><strong>ipso</strong></span> <span class='ocrx_word' id='word_1_331' title='bbox 952 2345 1213 2402; x_wconf 88' lang='lat' dir='ltr'><strong>estreduetus.lle</strong></span> <span class='ocrx_word' id='word_1_332' title='bbox 1228 2351 1344 2414; x_wconf 72' lang='lat' dir='ltr'><strong>cetero,</strong></span> <span class='ocrx_word' id='word_1_333' title='bbox 1360 2345 1445 2418; x_wconf 91' lang='lat' dir='ltr'><strong>quod</strong></span> <span class='ocrx_word' id='word_1_334' title='bbox 1462 2345 1571 2402; x_wconf 88' lang='lat' dir='ltr'><strong>insidet</strong></span> <span class='ocrx_word' id='word_1_335' title='bbox 1599 2346 1712 2414; x_wconf 88' lang='lat' dir='ltr'><strong>animo,</strong></span> <span class='ocrx_word' id='word_1_336' title='bbox 1742 2343 1785 2401; x_wconf 90' lang='lat' dir='ltr'><strong>di·</strong></span> 
     </span>
     <span class='ocr_line' id='line_1_26' title="bbox 64 2418 1784 2508; baseline 0.002 -21"><span class='ocrx_word' id='word_1_337' title='bbox 64 2432 634 2506; x_wconf 74' lang='lat' dir='ltr'><strong>Aginulfocumconjugesuainlecto</strong></span> <span class='ocrx_word' id='word_1_338' title='bbox 661 2434 840 2503; x_wconf 87' lang='lat' dir='ltr'><strong>decubante,</strong></span> <span class='ocrx_word' id='word_1_339' title='bbox 870 2441 899 2492; x_wconf 93' lang='lat' dir='ltr'><strong>et</strong></span> <span class='ocrx_word' id='word_1_340' title='bbox 952 2433 1071 2491; x_wconf 89' lang='lat' dir='ltr'><strong>lectioni</strong></span> <span class='ocrx_word' id='word_1_341' title='bbox 1087 2439 1144 2490; x_wconf 82' lang='lat' dir='ltr'><strong>turc</strong></span> <span class='ocrx_word' id='word_1_342' title='bbox 1163 2434 1322 2491; x_wconf 89' lang='lat' dir='ltr'><strong>consilium</strong></span> <span class='ocrx_word' id='word_1_343' title='bbox 1348 2434 1398 2498; x_wconf 91' lang='lat' dir='ltr'><strong>do,</strong></span> <span class='ocrx_word' id='word_1_344' title='bbox 1427 2437 1460 2490; x_wconf 90' lang='lat' dir='ltr'><strong>ut</strong></span> <span class='ocrx_word' id='word_1_345' title='bbox 1488 2435 1644 2508; x_wconf 78' lang='lat' dir='ltr'><strong>praesentis</strong></span> <span class='ocrx_word' id='word_1_346' title='bbox 1671 2418 1784 2505; x_wconf 84' lang='lat' dir='ltr'><strong>dialogi</strong></span> 
     </span>
     <span class='ocr_line' id='line_1_27' title="bbox 64 2523 1784 2598; baseline 0.002 -21"><span class='ocrx_word' id='word_1_347' title='bbox 64 2523 252 2595; x_wconf 83' lang='lat' dir='ltr'><strong>pedissequis</strong></span> <span class='ocrx_word' id='word_1_348' title='bbox 265 2523 451 2596; x_wconf 88' lang='lat' dir='ltr'><strong>puellaribus</strong></span> <span class='ocrx_word' id='word_1_349' title='bbox 465 2523 495 2580; x_wconf 90' lang='lat' dir='ltr'><strong>in</strong></span> <span class='ocrx_word' id='word_1_350' title='bbox 506 2524 650 2580; x_wconf 89' lang='lat' dir='ltr'><strong>conclave</strong></span> <span class='ocrx_word' id='word_1_351' title='bbox 663 2526 727 2597; x_wconf 90' lang='lat' dir='ltr'><strong>jam</strong></span> <span class='ocrx_word' id='word_1_352' title='bbox 749 2531 842 2582; x_wconf 89' lang='lat' dir='ltr'><strong>strata</strong></span> <span class='ocrx_word' id='word_1_353' title='bbox 854 2525 898 2582; x_wconf 90' lang='lat' dir='ltr'><strong>fo·</strong></span> <span class='ocrx_word' id='word_1_354' title='bbox 954 2523 1077 2580; x_wconf 88' lang='lat' dir='ltr'><strong>claudas</strong></span> <span class='ocrx_word' id='word_1_355' title='bbox 1094 2523 1216 2594; x_wconf 91' lang='lat' dir='ltr'><strong>librum,</strong></span> <span class='ocrx_word' id='word_1_356' title='bbox 1230 2539 1267 2580; x_wconf 85' lang='lat' dir='ltr'><strong>ne</strong></span> <span class='ocrx_word' id='word_1_357' title='bbox 1281 2523 1354 2580; x_wconf 92' lang='lat' dir='ltr'><strong>forte</strong></span> <span class='ocrx_word' id='word_1_358' title='bbox 1367 2523 1457 2580; x_wconf 88' lang='lat' dir='ltr'><strong>unius</strong></span> <span class='ocrx_word' id='word_1_359' title='bbox 1471 2523 1633 2581; x_wconf 89' lang='lat' dir='ltr'><strong>voluminis</strong></span> <span class='ocrx_word' id='word_1_360' title='bbox 1643 2523 1784 2598; x_wconf 85' lang='lat' dir='ltr'><strong>probahi-</strong></span> 
     </span>
     <span class='ocr_line' id='line_1_28' title="bbox 65 2610 1331 2683; baseline 0.002 -18"><span class='ocrx_word' id='word_1_361' title='bbox 65 2611 215 2677; x_wconf 88' lang='lat' dir='ltr'><strong>ventibus,</strong></span> <span class='ocrx_word' id='word_1_362' title='bbox 229 2626 285 2667; x_wconf 91' lang='lat' dir='ltr'><strong>nec</strong></span> <span class='ocrx_word' id='word_1_363' title='bbox 301 2627 362 2667; x_wconf 91' lang='lat' dir='ltr'><strong>non</strong></span> <span class='ocrx_word' id='word_1_364' title='bbox 378 2626 440 2683; x_wconf 86' lang='lat' dir='ltr'><strong>pree</strong></span> <span class='ocrx_word' id='word_1_365' title='bbox 459 2610 575 2668; x_wconf 90' lang='lat' dir='ltr'><strong>foribus</strong></span> <span class='ocrx_word' id='word_1_366' title='bbox 592 2612 782 2670; x_wconf 89' lang='lat' dir='ltr'><strong>cubiculariis</strong></span> <span class='ocrx_word' id='word_1_367' title='bbox 810 2630 899 2670; x_wconf 87' lang='lat' dir='ltr'><strong>exuu-</strong></span> <span class='ocrx_word' id='word_1_368' title='bbox 953 2612 1012 2668; x_wconf 91' lang='lat' dir='ltr'><strong>lem</strong></span> <span class='ocrx_word' id='word_1_369' title='bbox 1027 2611 1298 2669; x_wconf 86' lang='lat' dir='ltr'><strong>escedalmcdum.</strong></span> <span class='ocrx_word' id='word_1_370' title='bbox 1317 2635 1331 2664; x_wconf 75' lang='lat' dir='ltr'><strong>u</strong></span> 
     </span>
    </p>
   </div>
   <div class='ocr_carea' id='block_1_3' title="bbox 65 2698 1468 2774">
    <p class='ocr_par' dir='ltr' id='par_1_5' title="bbox 65 2698 1468 2774">
     <span class='ocr_line' id='line_1_29' title="bbox 65 2698 1468 2774; baseline 0.003 -20"><span class='ocrx_word' id='word_1_371' title='bbox 65 2699 221 2769; x_wconf 88' lang='lat' dir='ltr'><strong>bentibus,</strong></span> <span class='ocrx_word' id='word_1_372' title='bbox 238 2698 338 2756; x_wconf 90' lang='lat' dir='ltr'><strong>subito</strong></span> <span class='ocrx_word' id='word_1_373' title='bbox 354 2700 495 2772; x_wconf 88' lang='lat' dir='ltr'><strong>apparuit</strong></span> <span class='ocrx_word' id='word_1_374' title='bbox 508 2700 641 2774; x_wconf 81' lang='lat' dir='ltr'><strong>AEthiops</strong></span> <span class='ocrx_word' id='word_1_375' title='bbox 657 2701 697 2757; x_wconf 89' lang='lat' dir='ltr'><strong>cd</strong></span> <span class='ocrx_word' id='word_1_376' title='bbox 710 2701 899 2759; x_wconf 90' lang='lat' dir='ltr'><strong>fornaculum</strong></span> <span class='ocrx_word' id='word_1_377' title='bbox 1272 2702 1468 2759; x_wconf 72' lang='lat' dir='ltr'><strong>collecturus.</strong></span> 
     </span>
    </p>
   </div>
   <div class='ocr_carea' id='block_1_4' title="bbox 66 2787 1785 3064">
    <p class='ocr_par' dir='ltr' id='par_1_6' title="bbox 66 2787 1785 3064">
     <span class='ocr_line' id='line_1_30' title="bbox 66 2787 1784 2864; baseline 0.001 -22"><span class='ocrx_word' id='word_1_378' title='bbox 66 2795 161 2858; x_wconf 90' lang='lat' dir='ltr'><strong>stans,</strong></span> <span class='ocrx_word' id='word_1_379' title='bbox 174 2789 227 2861; x_wconf 93' lang='lat' dir='ltr'><strong>qui</strong></span> <span class='ocrx_word' id='word_1_380' title='bbox 241 2789 330 2860; x_wconf 89' lang='lat' dir='ltr'><strong>lignis</strong></span> <span class='ocrx_word' id='word_1_381' title='bbox 349 2788 389 2845; x_wconf 90' lang='lat' dir='ltr'><strong>ad</strong></span> <span class='ocrx_word' id='word_1_382' title='bbox 402 2805 516 2861; x_wconf 90' lang='lat' dir='ltr'><strong>prunas</strong></span> <span class='ocrx_word' id='word_1_383' title='bbox 527 2789 593 2860; x_wconf 87' lang='lat' dir='ltr'><strong>jam</strong></span> <span class='ocrx_word' id='word_1_384' title='bbox 608 2791 718 2862; x_wconf 90' lang='lat' dir='ltr'><strong>partim</strong></span> <span class='ocrx_word' id='word_1_385' title='bbox 747 2799 899 2848; x_wconf 90' lang='lat' dir='ltr'><strong>emortuas</strong></span> <span class='ocrx_word' id='word_1_386' title='bbox 991 2789 1165 2856; x_wconf 78' lang='lat' dir='ltr'><strong>«Quamvis</strong></span> <span class='ocrx_word' id='word_1_387' title='bbox 1182 2789 1329 2847; x_wconf 87' lang='lat' dir='ltr'><strong>mibinon</strong></span> <span class='ocrx_word' id='word_1_388' title='bbox 1351 2789 1388 2846; x_wconf 90' lang='lat' dir='ltr'><strong>sit</strong></span> <span class='ocrx_word' id='word_1_389' title='bbox 1406 2805 1462 2864; x_wconf 89' lang='lat' dir='ltr'><strong>pro</strong></span> <span class='ocrx_word' id='word_1_390' title='bbox 1487 2803 1601 2860; x_wconf 86' lang='lat' dir='ltr'><strong>magno</strong></span> <span class='ocrx_word' id='word_1_391' title='bbox 1625 2787 1784 2860; x_wconf 81' lang='lat' dir='ltr'><strong>dijudicari</strong></span> 
     </span>
     <span class='ocr_line' id='line_1_31' title="bbox 66 2877 1784 2952; baseline 0.001 -19"><span class='ocrx_word' id='word_1_392' title='bbox 66 2879 212 2950; x_wconf 79' lang='lat' dir='ltr'><strong>appositis</strong></span> <span class='ocrx_word' id='word_1_393' title='bbox 222 2879 324 2948; x_wconf 89' lang='lat' dir='ltr'><strong>ignem</strong></span> <span class='ocrx_word' id='word_1_394' title='bbox 333 2877 467 2934; x_wconf 89' lang='lat' dir='ltr'><strong>afflando</strong></span> <span class='ocrx_word' id='word_1_395' title='bbox 478 2877 641 2946; x_wconf 89' lang='lat' dir='ltr'><strong>succendit,</strong></span> <span class='ocrx_word' id='word_1_396' title='bbox 656 2883 745 2952; x_wconf 88' lang='lat' dir='ltr'><strong>atque</strong></span> <span class='ocrx_word' id='word_1_397' title='bbox 756 2885 899 2937; x_wconf 85' lang='lat' dir='ltr'><strong>terrorem</strong></span> <span class='ocrx_word' id='word_1_398' title='bbox 954 2878 994 2934; x_wconf 90' lang='lat' dir='ltr'><strong>ab</strong></span> <span class='ocrx_word' id='word_1_399' title='bbox 1006 2877 1128 2934; x_wconf 87' lang='lat' dir='ltr'><strong>homine</strong></span> <span class='ocrx_word' id='word_1_400' title='bbox 1140 2879 1187 2934; x_wconf 86' lang='lat' dir='ltr'><strong>vel</strong></span> <span class='ocrx_word' id='word_1_401' title='bbox 1201 2878 1241 2935; x_wconf 92' lang='lat' dir='ltr'><strong>ab</strong></span> <span class='ocrx_word' id='word_1_402' title='bbox 1255 2878 1391 2935; x_wconf 91' lang='lat' dir='ltr'><strong>humano</strong></span> <span class='ocrx_word' id='word_1_403' title='bbox 1405 2878 1464 2948; x_wconf 90' lang='lat' dir='ltr'><strong>die,</strong></span> <span class='ocrx_word' id='word_1_404' title='bbox 1480 2883 1582 2935; x_wconf 90' lang='lat' dir='ltr'><strong>tamen</strong></span> <span class='ocrx_word' id='word_1_405' title='bbox 1591 2877 1633 2935; x_wconf 91' lang='lat' dir='ltr'><strong>ita</strong></span> <span class='ocrx_word' id='word_1_406' title='bbox 1644 2881 1703 2934; x_wconf 81' lang='lat' dir='ltr'><strong>ture</strong></span> <span class='ocrx_word' id='word_1_407' title='bbox 1715 2877 1784 2934; x_wconf 88' lang='lat' dir='ltr'><strong>cha·</strong></span> 
     </span>
     <span class='ocr_line' id='line_1_32' title="bbox 67 2965 1785 3064; baseline 0 -42"><span class='ocrx_word' id='word_1_408' title='bbox 67 2981 137 3024; x_wconf 88' lang='lat' dir='ltr'><strong>curn</strong></span> <span class='ocrx_word' id='word_1_409' title='bbox 152 2972 273 3040; x_wconf 89' lang='lat' dir='ltr'><strong>stupore</strong></span> <span class='ocrx_word' id='word_1_410' title='bbox 285 2967 464 3024; x_wconf 87' lang='lat' dir='ltr'><strong>horribiliter</strong></span> <span class='ocrx_word' id='word_1_411' title='bbox 478 2967 524 3023; x_wconf 91' lang='lat' dir='ltr'><strong>his</strong></span> <span class='ocrx_word' id='word_1_412' title='bbox 538 2967 590 3040; x_wconf 93' lang='lat' dir='ltr'><strong>qui</strong></span> <span class='ocrx_word' id='word_1_413' title='bbox 615 2968 740 3025; x_wconf 85' lang='lat' dir='ltr'><strong>aderant</strong></span> <span class='ocrx_word' id='word_1_414' title='bbox 766 2971 898 3032; x_wconf 78' lang='lat' dir='ltr'><strong>incussit,</strong></span> <span class='ocrx_word' id='word_1_415' title='bbox 914 3007 935 3064; x_wconf 70' lang='lat' dir='ltr'>C</span> <span class='ocrx_word' id='word_1_416' title='bbox 954 2967 1031 3023; x_wconf 89' lang='lat' dir='ltr'><strong>ritati</strong></span> <span class='ocrx_word' id='word_1_417' title='bbox 1043 2973 1161 3039; x_wconf 89' lang='lat' dir='ltr'><strong>meapte</strong></span> <span class='ocrx_word' id='word_1_418' title='bbox 1176 2968 1306 3040; x_wconf 90' lang='lat' dir='ltr'><strong>probum</strong></span> <span class='ocrx_word' id='word_1_419' title='bbox 1326 2968 1443 3024; x_wconf 90' lang='lat' dir='ltr'><strong>videtur</strong></span> <span class='ocrx_word' id='word_1_420' title='bbox 1465 2983 1646 3024; x_wconf 65' lang='lat' dir='ltr'><strong>consensum</strong></span> <span class='ocrx_word' id='word_1_421' title='bbox 1675 2965 1720 3036; x_wconf 89' lang='lat' dir='ltr'><strong>iri,</strong></span> <span class='ocrx_word' id='word_1_422' title='bbox 1750 2969 1785 3023; x_wconf 88' lang='lat' dir='ltr'><strong>ut</strong></span> 
     </span>
    </p>
   </div>
   <div class='ocr_carea' id='block_1_5' title="bbox 66 3055 1784 3130">
    <p class='ocr_par' dir='ltr' id='par_1_7' title="bbox 66 3055 1784 3130">
     <span class='ocr_line' id='line_1_33' title="bbox 66 3055 1784 3130; baseline 0 -18"><span class='ocrx_word' id='word_1_423' title='bbox 66 3074 123 3113; x_wconf 90' lang='lat' dir='ltr'><strong>nec</strong></span> <span class='ocrx_word' id='word_1_424' title='bbox 138 3073 199 3112; x_wconf 90' lang='lat' dir='ltr'><strong>non</strong></span> <span class='ocrx_word' id='word_1_425' title='bbox 215 3072 291 3130; x_wconf 85' lang='lat' dir='ltr'><strong>peno</strong></span> <span class='ocrx_word' id='word_1_426' title='bbox 302 3057 441 3112; x_wconf 90' lang='lat' dir='ltr'><strong>omnium</strong></span> <span class='ocrx_word' id='word_1_427' title='bbox 453 3057 516 3112; x_wconf 78' lang='lat' dir='ltr'><strong>hac</strong></span> <span class='ocrx_word' id='word_1_428' title='bbox 528 3057 706 3114; x_wconf 90' lang='lat' dir='ltr'><strong>intuentium</strong></span> <span class='ocrx_word' id='word_1_429' title='bbox 723 3058 799 3114; x_wconf 84' lang='lat' dir='ltr'><strong>vires</strong></span> <span class='ocrx_word' id='word_1_430' title='bbox 813 3076 898 3114; x_wconf 86' lang='lat' dir='ltr'><strong>enar·</strong></span> <span class='ocrx_word' id='word_1_431' title='bbox 953 3056 1134 3112; x_wconf 90' lang='lat' dir='ltr'><strong>narrationis</strong></span> <span class='ocrx_word' id='word_1_432' title='bbox 1148 3056 1299 3125; x_wconf 81' lang='lat' dir='ltr'><strong>gressibus</strong></span> <span class='ocrx_word' id='word_1_433' title='bbox 1314 3057 1343 3112; x_wconf 83' lang='lat' dir='ltr'><strong>lu</strong></span> <span class='ocrx_word' id='word_1_434' title='bbox 1360 3057 1484 3113; x_wconf 82' lang='lat' dir='ltr'><strong>Galbam</strong></span> <span class='ocrx_word' id='word_1_435' title='bbox 1496 3071 1636 3130; x_wconf 86' lang='lat' dir='ltr'><strong>pergens,</strong></span> <span class='ocrx_word' id='word_1_436' title='bbox 1650 3055 1784 3129; x_wconf 87' lang='lat' dir='ltr'><strong>primurn</strong></span> 
     </span>
    </p>
   </div>
   <div class='ocr_carea' id='block_1_6' title="bbox 63 3145 901 4288">
    <p class='ocr_par' dir='ltr' id='par_1_8' title="bbox 63 3145 901 4288">
     <span class='ocr_line' id='line_1_34' title="bbox 68 3145 898 3220; baseline 0.006 -20"><span class='ocrx_word' id='word_1_437' title='bbox 68 3163 146 3202; x_wconf 83' lang='lat' dir='ltr'><strong>vans</strong></span> <span class='ocrx_word' id='word_1_438' title='bbox 170 3146 246 3202; x_wconf 89' lang='lat' dir='ltr'><strong>adeo</strong></span> <span class='ocrx_word' id='word_1_439' title='bbox 261 3145 402 3210; x_wconf 85' lang='lat' dir='ltr'><strong>excussit,</strong></span> <span class='ocrx_word' id='word_1_440' title='bbox 417 3149 458 3212; x_wconf 92' lang='lat' dir='ltr'><strong>ut,</strong></span> <span class='ocrx_word' id='word_1_441' title='bbox 474 3147 724 3203; x_wconf 88' lang='lat' dir='ltr'><strong>eumnecessario</strong></span> <span class='ocrx_word' id='word_1_442' title='bbox 744 3147 828 3220; x_wconf 90' lang='lat' dir='ltr'><strong>loqui</strong></span> <span class='ocrx_word' id='word_1_443' title='bbox 854 3153 898 3205; x_wconf 91' lang='lat' dir='ltr'><strong>at-</strong></span> 
     </span>
     <span class='ocr_line' id='line_1_35' title="bbox 66 3235 899 3308; baseline 0.005 -18"><span class='ocrx_word' id='word_1_444' title='bbox 66 3253 127 3308; x_wconf 88' lang='lat' dir='ltr'><strong>que</strong></span> <span class='ocrx_word' id='word_1_445' title='bbox 143 3235 298 3306; x_wconf 90' lang='lat' dir='ltr'><strong>signaculo</strong></span> <span class='ocrx_word' id='word_1_446' title='bbox 312 3235 409 3290; x_wconf 90' lang='lat' dir='ltr'><strong>crucis</strong></span> <span class='ocrx_word' id='word_1_447' title='bbox 429 3235 475 3290; x_wconf 86' lang='lat' dir='ltr'><strong>rel</strong></span> <span class='ocrx_word' id='word_1_448' title='bbox 487 3235 558 3291; x_wconf 86' lang='lat' dir='ltr'><strong>fidei</strong></span> <span class='ocrx_word' id='word_1_449' title='bbox 569 3236 704 3292; x_wconf 84' lang='lat' dir='ltr'><strong>munima</strong></span> <span class='ocrx_word' id='word_1_450' title='bbox 734 3237 852 3306; x_wconf 86' lang='lat' dir='ltr'><strong>signare</strong></span> <span class='ocrx_word' id='word_1_451' title='bbox 868 3255 899 3294; x_wconf 88' lang='lat' dir='ltr'><strong>se</strong></span> 
     </span>
     <span class='ocr_line' id='line_1_36' title="bbox 69 3323 897 3400; baseline 0.004 -20"><span class='ocrx_word' id='word_1_452' title='bbox 69 3325 185 3396; x_wconf 89' lang='lat' dir='ltr'><strong>vellent,</strong></span> <span class='ocrx_word' id='word_1_453' title='bbox 203 3340 265 3381; x_wconf 90' lang='lat' dir='ltr'><strong>non</strong></span> <span class='ocrx_word' id='word_1_454' title='bbox 280 3323 379 3380; x_wconf 90' lang='lat' dir='ltr'><strong>solum</strong></span> <span class='ocrx_word' id='word_1_455' title='bbox 393 3324 450 3381; x_wconf 86' lang='lat' dir='ltr'><strong>boc</strong></span> <span class='ocrx_word' id='word_1_456' title='bbox 469 3325 603 3399; x_wconf 88' lang='lat' dir='ltr'><strong>proficue</strong></span> <span class='ocrx_word' id='word_1_457' title='bbox 618 3325 715 3382; x_wconf 88' lang='lat' dir='ltr'><strong>facere</strong></span> <span class='ocrx_word' id='word_1_458' title='bbox 730 3327 897 3400; x_wconf 87' lang='lat' dir='ltr'><strong>nequirent,</strong></span> 
     </span>
     <span class='ocr_line' id='line_1_37' title="bbox 66 3413 899 3488; baseline 0.004 -20"><span class='ocrx_word' id='word_1_459' title='bbox 66 3414 188 3470; x_wconf 87' lang='lat' dir='ltr'><strong>seduco</strong></span> <span class='ocrx_word' id='word_1_460' title='bbox 204 3413 310 3470; x_wconf 88' lang='lat' dir='ltr'><strong>saltem</strong></span> <span class='ocrx_word' id='word_1_461' title='bbox 325 3413 433 3470; x_wconf 91' lang='lat' dir='ltr'><strong>mutire</strong></span> <span class='ocrx_word' id='word_1_462' title='bbox 451 3418 584 3487; x_wconf 89' lang='lat' dir='ltr'><strong>possent,</strong></span> <span class='ocrx_word' id='word_1_463' title='bbox 601 3418 726 3488; x_wconf 87' lang='lat' dir='ltr'><strong>excepto</strong></span> <span class='ocrx_word' id='word_1_464' title='bbox 748 3416 829 3487; x_wconf 88' lang='lat' dir='ltr'><strong>quod</strong></span> <span class='ocrx_word' id='word_1_465' title='bbox 846 3429 899 3488; x_wconf 92' lang='lat' dir='ltr'><strong>per</strong></span> 
     </span>
     <span class='ocr_line' id='line_1_38' title="bbox 67 3501 898 3571; baseline -0.001 -12"><span class='ocrx_word' id='word_1_466' title='bbox 67 3508 162 3559; x_wconf 89' lang='lat' dir='ltr'><strong>totam</strong></span> <span class='ocrx_word' id='word_1_467' title='bbox 184 3507 304 3558; x_wconf 91' lang='lat' dir='ltr'><strong>noctem</strong></span> <span class='ocrx_word' id='word_1_468' title='bbox 330 3501 539 3559; x_wconf 89' lang='lat' dir='ltr'><strong>miserabiliter</strong></span> <span class='ocrx_word' id='word_1_469' title='bbox 553 3501 719 3571; x_wconf 88' lang='lat' dir='ltr'><strong>ululabant,</strong></span> <span class='ocrx_word' id='word_1_470' title='bbox 746 3501 898 3560; x_wconf 82' lang='lat' dir='ltr'><strong>dentibus·</strong></span> 
     </span>
     <span class='ocr_line' id='line_1_39' title="bbox 64 3591 897 3664; baseline 0.002 -18"><span class='ocrx_word' id='word_1_471' title='bbox 64 3607 127 3664; x_wconf 91' lang='lat' dir='ltr'><strong>quc</strong></span> <span class='ocrx_word' id='word_1_472' title='bbox 141 3591 323 3648; x_wconf 83' lang='lat' dir='ltr'><strong>incessanter</strong></span> <span class='ocrx_word' id='word_1_473' title='bbox 336 3591 510 3648; x_wconf 88' lang='lat' dir='ltr'><strong>stridebant.</strong></span> <span class='ocrx_word' id='word_1_474' title='bbox 521 3591 605 3648; x_wconf 88' lang='lat' dir='ltr'><strong>Tunc</strong></span> <span class='ocrx_word' id='word_1_475' title='bbox 619 3591 762 3648; x_wconf 89' lang='lat' dir='ltr'><strong>dominus</strong></span> <span class='ocrx_word' id='word_1_476' title='bbox 775 3593 897 3662; x_wconf 90' lang='lat' dir='ltr'><strong>domus,</strong></span> 
     </span>
     <span class='ocr_line' id='line_1_40' title="bbox 64 3679 899 3752; baseline 0.001 -16"><span class='ocrx_word' id='word_1_477' title='bbox 64 3679 133 3752; x_wconf 84' lang='lat' dir='ltr'><strong>ipse</strong></span> <span class='ocrx_word' id='word_1_478' title='bbox 145 3679 278 3736; x_wconf 86' lang='lat' dir='ltr'><strong>videlicet</strong></span> <span class='ocrx_word' id='word_1_479' title='bbox 292 3679 460 3750; x_wconf 70' lang='lat' dir='ltr'><strong>aginulfus,</strong></span> <span class='ocrx_word' id='word_1_480' title='bbox 475 3679 581 3736; x_wconf 89' lang='lat' dir='ltr'><strong>videns</strong></span> <span class='ocrx_word' id='word_1_481' title='bbox 594 3680 750 3736; x_wconf 88' lang='lat' dir='ltr'><strong>diabolum</strong></span> <span class='ocrx_word' id='word_1_482' title='bbox 761 3682 899 3738; x_wconf 87' lang='lat' dir='ltr'><strong>cominus</strong></span> 
     </span>
     <span class='ocr_line' id='line_1_41' title="bbox 66 3769 898 3843; baseline 0.001 -18"><span class='ocrx_word' id='word_1_483' title='bbox 66 3775 208 3840; x_wconf 86' lang='lat' dir='ltr'><strong>stantem,</strong></span> <span class='ocrx_word' id='word_1_484' title='bbox 225 3775 255 3825; x_wconf 91' lang='lat' dir='ltr'><strong>et</strong></span> <span class='ocrx_word' id='word_1_485' title='bbox 270 3769 359 3843; x_wconf 86' lang='lat' dir='ltr'><strong>quasi</strong></span> <span class='ocrx_word' id='word_1_486' title='bbox 374 3769 414 3826; x_wconf 87' lang='lat' dir='ltr'><strong>ad</strong></span> <span class='ocrx_word' id='word_1_487' title='bbox 428 3769 530 3826; x_wconf 91' lang='lat' dir='ltr'><strong>focum</strong></span> <span class='ocrx_word' id='word_1_488' title='bbox 554 3784 586 3825; x_wconf 88' lang='lat' dir='ltr'><strong>ae</strong></span> <span class='ocrx_word' id='word_1_489' title='bbox 607 3769 841 3836; x_wconf 85' lang='lat' dir='ltr'><strong>calefacientem,</strong></span> <span class='ocrx_word' id='word_1_490' title='bbox 865 3772 898 3826; x_wconf 87' lang='lat' dir='ltr'><strong>ti·</strong></span> 
     </span>
     <span class='ocr_line' id='line_1_42' title="bbox 65 3857 901 3932; baseline -0.001 -17"><span class='ocrx_word' id='word_1_491' title='bbox 65 3859 145 3915; x_wconf 83' lang='lat' dir='ltr'><strong>mult</strong></span> <span class='ocrx_word' id='word_1_492' title='bbox 154 3859 238 3915; x_wconf 89' lang='lat' dir='ltr'><strong>valde</strong></span> <span class='ocrx_word' id='word_1_493' title='bbox 253 3875 290 3914; x_wconf 91' lang='lat' dir='ltr'><strong>ne</strong></span> <span class='ocrx_word' id='word_1_494' title='bbox 305 3859 330 3915; x_wconf 92' lang='lat' dir='ltr'><strong>is</strong></span> <span class='ocrx_word' id='word_1_495' title='bbox 346 3859 398 3932; x_wconf 94' lang='lat' dir='ltr'><strong>qui</strong></span> <span class='ocrx_word' id='word_1_496' title='bbox 413 3873 449 3914; x_wconf 90' lang='lat' dir='ltr'><strong>ex</strong></span> <span class='ocrx_word' id='word_1_497' title='bbox 463 3857 628 3931; x_wconf 89' lang='lat' dir='ltr'><strong>improviso</strong></span> <span class='ocrx_word' id='word_1_498' title='bbox 644 3859 835 3926; x_wconf 81' lang='lat' dir='ltr'><strong>adveniebat,</strong></span> <span class='ocrx_word' id='word_1_499' title='bbox 857 3860 901 3916; x_wconf 91' lang='lat' dir='ltr'><strong>ni·</strong></span> 
     </span>
     <span class='ocr_line' id='line_1_43' title="bbox 66 3947 900 4020; baseline 0 -16"><span class='ocrx_word' id='word_1_500' title='bbox 66 3965 130 4018; x_wconf 85' lang='lat' dir='ltr'><strong>ger,</strong></span> <span class='ocrx_word' id='word_1_501' title='bbox 147 3947 293 4020; x_wconf 82' lang='lat' dir='ltr'><strong>hispidus,</strong></span> <span class='ocrx_word' id='word_1_502' title='bbox 309 3948 450 4004; x_wconf 83' lang='lat' dir='ltr'><strong>horridus</strong></span> <span class='ocrx_word' id='word_1_503' title='bbox 462 3948 584 4020; x_wconf 89' lang='lat' dir='ltr'><strong>hospes,</strong></span> <span class='ocrx_word' id='word_1_504' title='bbox 601 3952 748 4019; x_wconf 91' lang='lat' dir='ltr'><strong>potestate</strong></span> <span class='ocrx_word' id='word_1_505' title='bbox 769 3949 900 4020; x_wconf 85' lang='lat' dir='ltr'><strong>desuper</strong></span> 
     </span>
     <span class='ocr_line' id='line_1_44' title="bbox 64 4035 897 4110; baseline -0.001 -17"><span class='ocrx_word' id='word_1_506' title='bbox 64 4039 148 4108; x_wconf 88' lang='lat' dir='ltr'><strong>data,</strong></span> <span class='ocrx_word' id='word_1_507' title='bbox 165 4053 196 4094; x_wconf 93' lang='lat' dir='ltr'><strong>se</strong></span> <span class='ocrx_word' id='word_1_508' title='bbox 210 4038 288 4093; x_wconf 91' lang='lat' dir='ltr'><strong>intra</strong></span> <span class='ocrx_word' id='word_1_509' title='bbox 297 4037 482 4094; x_wconf 76' lang='lat' dir='ltr'><strong>domesticos</strong></span> <span class='ocrx_word' id='word_1_510' title='bbox 493 4035 621 4108; x_wconf 88' lang='lat' dir='ltr'><strong>parietes</strong></span> <span class='ocrx_word' id='word_1_511' title='bbox 632 4053 647 4092; x_wconf 91' lang='lat' dir='ltr'><strong>e</strong></span> <span class='ocrx_word' id='word_1_512' title='bbox 659 4036 758 4092; x_wconf 89' lang='lat' dir='ltr'><strong>medio</strong></span> <span class='ocrx_word' id='word_1_513' title='bbox 771 4042 897 4110; x_wconf 87' lang='lat' dir='ltr'><strong>raperet,</strong></span> 
     </span>
     <span class='ocr_line' id='line_1_45' title="bbox 64 4125 899 4196; baseline -0.001 -14"><span class='ocrx_word' id='word_1_514' title='bbox 64 4133 94 4183; x_wconf 87' lang='lat' dir='ltr'><strong>et</strong></span> <span class='ocrx_word' id='word_1_515' title='bbox 110 4126 312 4183; x_wconf 74' lang='lat' dir='ltr'><strong>infelicissime</strong></span> <span class='ocrx_word' id='word_1_516' title='bbox 327 4143 397 4183; x_wconf 90' lang='lat' dir='ltr'><strong>eum</strong></span> <span class='ocrx_word' id='word_1_517' title='bbox 411 4125 478 4182; x_wconf 84' lang='lat' dir='ltr'><strong>filiis</strong></span> <span class='ocrx_word' id='word_1_518' title='bbox 493 4125 638 4196; x_wconf 78' lang='lat' dir='ltr'><strong>gehennae</strong></span> <span class='ocrx_word' id='word_1_519' title='bbox 664 4140 753 4182; x_wconf 89' lang='lat' dir='ltr'><strong>suum</strong></span> <span class='ocrx_word' id='word_1_520' title='bbox 780 4142 816 4181; x_wconf 82' lang='lat' dir='ltr'><strong>ex</strong></span> <span class='ocrx_word' id='word_1_521' title='bbox 845 4125 899 4182; x_wconf 92' lang='lat' dir='ltr'><strong>ad·</strong></span> 
     </span>
     <span class='ocr_line' id='line_1_46' title="bbox 63 4215 900 4288; baseline -0.001 -16"><span class='ocrx_word' id='word_1_522' title='bbox 63 4233 143 4272; x_wconf 87' lang='lat' dir='ltr'><strong>rena</strong></span> <span class='ocrx_word' id='word_1_523' title='bbox 158 4216 358 4273; x_wconf 90' lang='lat' dir='ltr'><strong>domesticum</strong></span> <span class='ocrx_word' id='word_1_524' title='bbox 375 4215 493 4272; x_wconf 87' lang='lat' dir='ltr'><strong>faceret.</strong></span> <span class='ocrx_word' id='word_1_525' title='bbox 511 4215 588 4281; x_wconf 88' lang='lat' dir='ltr'><strong>Quid</strong></span> <span class='ocrx_word' id='word_1_526' title='bbox 600 4217 726 4284; x_wconf 79' lang='lat' dir='ltr'><strong>ageret?</strong></span> <span class='ocrx_word' id='word_1_527' title='bbox 741 4215 814 4288; x_wconf 92' lang='lat' dir='ltr'><strong>quid</strong></span> <span class='ocrx_word' id='word_1_528' title='bbox 827 4231 900 4271; x_wconf 88' lang='lat' dir='ltr'><strong>oon·</strong></span> 
     </span>
    </p>
   </div>
   <div class='ocr_carea' id='block_1_7' title="bbox 953 3143 1787 4282">
    <p class='ocr_par' dir='ltr' id='par_1_9' title="bbox 953 3143 1785 3740">
     <span class='ocr_line' id='line_1_47' title="bbox 953 3143 1781 3216; baseline -0.001 -16"><span class='ocrx_word' id='word_1_529' title='bbox 953 3145 984 3201; x_wconf 92' lang='lat' dir='ltr'><strong>in</strong></span> <span class='ocrx_word' id='word_1_530' title='bbox 999 3145 1159 3201; x_wconf 90' lang='lat' dir='ltr'><strong>eufactum</strong></span> <span class='ocrx_word' id='word_1_531' title='bbox 1171 3148 1294 3215; x_wconf 84' lang='lat' dir='ltr'><strong>tangam</strong></span> <span class='ocrx_word' id='word_1_532' title='bbox 1324 3144 1425 3216; x_wconf 90' lang='lat' dir='ltr'><strong>aliquo</strong></span> <span class='ocrx_word' id='word_1_533' title='bbox 1452 3145 1536 3216; x_wconf 86' lang='lat' dir='ltr'><strong>quod</strong></span> <span class='ocrx_word' id='word_1_534' title='bbox 1555 3143 1724 3214; x_wconf 89' lang='lat' dir='ltr'><strong>legentibus</strong></span> <span class='ocrx_word' id='word_1_535' title='bbox 1751 3147 1781 3200; x_wconf 89' lang='lat' dir='ltr'><strong>et</strong></span> 
     </span>
     <span class='ocr_line' id='line_1_48' title="bbox 954 3231 1783 3301; baseline -0.004 -11"><span class='ocrx_word' id='word_1_536' title='bbox 954 3234 1146 3292; x_wconf 86' lang='lat' dir='ltr'><strong>audientibus</strong></span> <span class='ocrx_word' id='word_1_537' title='bbox 1160 3233 1230 3290; x_wconf 88' lang='lat' dir='ltr'><strong>utile</strong></span> <span class='ocrx_word' id='word_1_538' title='bbox 1244 3233 1290 3301; x_wconf 89' lang='lat' dir='ltr'><strong>sit,</strong></span> <span class='ocrx_word' id='word_1_539' title='bbox 1305 3233 1375 3289; x_wconf 91' lang='lat' dir='ltr'><strong>dein</strong></span> <span class='ocrx_word' id='word_1_540' title='bbox 1404 3232 1526 3289; x_wconf 90' lang='lat' dir='ltr'><strong>tendam</strong></span> <span class='ocrx_word' id='word_1_541' title='bbox 1552 3232 1592 3288; x_wconf 88' lang='lat' dir='ltr'><strong>ad</strong></span> <span class='ocrx_word' id='word_1_542' title='bbox 1621 3231 1783 3288; x_wconf 84' lang='lat' dir='ltr'><strong>voluminis</strong></span> 
     </span>
     <span class='ocr_line' id='line_1_49' title="bbox 953 3317 1785 3396; baseline -0.006 -16"><span class='ocrx_word' id='word_1_543' title='bbox 953 3325 1056 3384; x_wconf 86' lang='lat' dir='ltr'><strong>linem.</strong></span> <span class='ocrx_word' id='word_1_544' title='bbox 1070 3328 1219 3396; x_wconf 88' lang='lat' dir='ltr'><strong>quatenus</strong></span> <span class='ocrx_word' id='word_1_545' title='bbox 1232 3322 1274 3378; x_wconf 92' lang='lat' dir='ltr'><strong>ibi</strong></span> <span class='ocrx_word' id='word_1_546' title='bbox 1287 3325 1387 3378; x_wconf 86' lang='lat' dir='ltr'><strong>fervor</strong></span> <span class='ocrx_word' id='word_1_547' title='bbox 1398 3319 1531 3378; x_wconf 87' lang='lat' dir='ltr'><strong>dictandi</strong></span> <span class='ocrx_word' id='word_1_548' title='bbox 1545 3325 1573 3376; x_wconf 91' lang='lat' dir='ltr'><strong>et</strong></span> <span class='ocrx_word' id='word_1_549' title='bbox 1583 3317 1733 3376; x_wconf 85' lang='lat' dir='ltr'><strong>scribendi</strong></span> <span class='ocrx_word' id='word_1_550' title='bbox 1744 3317 1785 3375; x_wconf 86' lang='lat' dir='ltr'><strong>ed</strong></span> 
     </span>
     <span class='ocr_line' id='line_1_50' title="bbox 954 3407 1784 3486; baseline -0.008 -16"><span class='ocrx_word' id='word_1_551' title='bbox 954 3418 1073 3486; x_wconf 92' lang='lat' dir='ltr'><strong>tempus</strong></span> <span class='ocrx_word' id='word_1_552' title='bbox 1087 3413 1232 3485; x_wconf 88' lang='lat' dir='ltr'><strong>quiescat,</strong></span> <span class='ocrx_word' id='word_1_553' title='bbox 1247 3411 1310 3468; x_wconf 91' lang='lat' dir='ltr'><strong>sive</strong></span> <span class='ocrx_word' id='word_1_554' title='bbox 1325 3411 1503 3478; x_wconf 86' lang='lat' dir='ltr'><strong>decalescat,</strong></span> <span class='ocrx_word' id='word_1_555' title='bbox 1515 3409 1568 3466; x_wconf 91' lang='lat' dir='ltr'><strong>ubi</strong></span> <span class='ocrx_word' id='word_1_556' title='bbox 1583 3407 1636 3476; x_wconf 90' lang='lat' dir='ltr'><strong>sol,</strong></span> <span class='ocrx_word' id='word_1_557' title='bbox 1650 3407 1784 3481; x_wconf 88' lang='lat' dir='ltr'><strong>quotidie</strong></span> 
     </span>
     <span class='ocr_line' id='line_1_51' title="bbox 954 3497 1784 3572; baseline -0.005 -14"><span class='ocrx_word' id='word_1_558' title='bbox 954 3503 992 3558; x_wconf 90' lang='lat' dir='ltr'><strong>ad</strong></span> <span class='ocrx_word' id='word_1_559' title='bbox 1007 3517 1151 3559; x_wconf 89' lang='lat' dir='ltr'><strong>occasum</strong></span> <span class='ocrx_word' id='word_1_560' title='bbox 1165 3515 1305 3572; x_wconf 87' lang='lat' dir='ltr'><strong>vergens,</strong></span> <span class='ocrx_word' id='word_1_561' title='bbox 1320 3499 1437 3556; x_wconf 90' lang='lat' dir='ltr'><strong>mundo</strong></span> <span class='ocrx_word' id='word_1_562' title='bbox 1452 3497 1588 3556; x_wconf 87' lang='lat' dir='ltr'><strong>absentia</strong></span> <span class='ocrx_word' id='word_1_563' title='bbox 1603 3511 1659 3554; x_wconf 86' lang='lat' dir='ltr'><strong>sua</strong></span> <span class='ocrx_word' id='word_1_564' title='bbox 1688 3497 1784 3554; x_wconf 69' lang='lat' dir='ltr'><strong>nucha</strong></span> 
     </span>
     <span class='ocr_line' id='line_1_52' title="bbox 953 3587 1784 3663; baseline -0.006 -15"><span class='ocrx_word' id='word_1_565' title='bbox 953 3593 1092 3650; x_wconf 90' lang='lat' dir='ltr'><strong>tenebras</strong></span> <span class='ocrx_word' id='word_1_566' title='bbox 1104 3591 1294 3648; x_wconf 92' lang='lat' dir='ltr'><strong>infundendo</strong></span> <span class='ocrx_word' id='word_1_567' title='bbox 1305 3590 1536 3663; x_wconf 91' lang='lat' dir='ltr'><strong>quodammodo</strong></span> <span class='ocrx_word' id='word_1_568' title='bbox 1550 3587 1656 3646; x_wconf 89' lang='lat' dir='ltr'><strong>ardere</strong></span> <span class='ocrx_word' id='word_1_569' title='bbox 1668 3601 1722 3644; x_wconf 85' lang='lat' dir='ltr'><strong>seu</strong></span> <span class='ocrx_word' id='word_1_570' title='bbox 1740 3587 1784 3644; x_wconf 89' lang='lat' dir='ltr'><strong>lu·</strong></span> 
     </span>
     <span class='ocr_line' id='line_1_53' title="bbox 953 3681 1334 3740; baseline -0.008 -1"><span class='ocrx_word' id='word_1_571' title='bbox 953 3699 1018 3740; x_wconf 89' lang='lat' dir='ltr'><strong>cere</strong></span> <span class='ocrx_word' id='word_1_572' title='bbox 1030 3681 1207 3738; x_wconf 65' lang='lat' dir='ltr'><strong>modalibus</strong></span> <span class='ocrx_word' id='word_1_573' title='bbox 1227 3685 1334 3737; x_wconf 88' lang='lat' dir='ltr'><strong>cessat.</strong></span> 
     </span>
    </p>

    <p class='ocr_par' dir='ltr' id='par_1_10' title="bbox 953 3767 1787 4282">
     <span class='ocr_line' id='line_1_54' title="bbox 991 3767 1784 3842; baseline 0 -20"><span class='ocrx_word' id='word_1_574' title='bbox 991 3791 1005 3822; x_wconf 77' lang='grc' dir='ltr'><strong>ι</strong></span> <span class='ocrx_word' id='word_1_575' title='bbox 1026 3774 1096 3826; x_wconf 79' lang='lat' dir='ltr'><strong>Erat</strong></span> <span class='ocrx_word' id='word_1_576' title='bbox 1109 3771 1235 3842; x_wconf 91' lang='lat' dir='ltr'><strong>quidam</strong></span> <span class='ocrx_word' id='word_1_577' title='bbox 1248 3770 1358 3827; x_wconf 92' lang='lat' dir='ltr'><strong>nobilis</strong></span> <span class='ocrx_word' id='word_1_578' title='bbox 1370 3771 1462 3826; x_wconf 89' lang='lat' dir='ltr'><strong>homo</strong></span> <span class='ocrx_word' id='word_1_579' title='bbox 1474 3769 1617 3824; x_wconf 88' lang='lat' dir='ltr'><strong>habitans</strong></span> <span class='ocrx_word' id='word_1_580' title='bbox 1632 3767 1662 3822; x_wconf 93' lang='lat' dir='ltr'><strong>ln</strong></span> <span class='ocrx_word' id='word_1_581' title='bbox 1677 3767 1784 3823; x_wconf 86' lang='lat' dir='ltr'><strong>Gallia·</strong></span> 
     </span>
     <span class='ocr_line' id='line_1_55' title="bbox 953 3851 1786 3932; baseline -0.011 -16"><span class='ocrx_word' id='word_1_582' title='bbox 953 3875 1021 3916; x_wconf 89' lang='lat' dir='ltr'><strong>rum</strong></span> <span class='ocrx_word' id='word_1_583' title='bbox 1037 3872 1140 3928; x_wconf 89' lang='lat' dir='ltr'><strong>regno,</strong></span> <span class='ocrx_word' id='word_1_584' title='bbox 1153 3859 1207 3932; x_wconf 91' lang='lat' dir='ltr'><strong>qui</strong></span> <span class='ocrx_word' id='word_1_585' title='bbox 1217 3875 1248 3914; x_wconf 88' lang='lat' dir='ltr'><strong>se</strong></span> <span class='ocrx_word' id='word_1_586' title='bbox 1263 3857 1385 3914; x_wconf 90' lang='lat' dir='ltr'><strong>assidue</strong></span> <span class='ocrx_word' id='word_1_587' title='bbox 1399 3856 1430 3910; x_wconf 92' lang='lat' dir='ltr'><strong>in</strong></span> <span class='ocrx_word' id='word_1_588' title='bbox 1450 3855 1608 3910; x_wconf 82' lang='lat' dir='ltr'><strong>sanatione</strong></span> <span class='ocrx_word' id='word_1_589' title='bbox 1628 3853 1704 3908; x_wconf 86' lang='lat' dir='ltr'><strong>inter</strong></span> <span class='ocrx_word' id='word_1_590' title='bbox 1726 3851 1786 3908; x_wconf 88' lang='lat' dir='ltr'><strong>alia</strong></span> 
     </span>
     <span class='ocr_line' id='line_1_56' title="bbox 954 3937 1785 4018; baseline -0.01 -17"><span class='ocrx_word' id='word_1_591' title='bbox 954 3959 1107 4008; x_wconf 80' lang='lat' dir='ltr'><strong>exercens,</strong></span> <span class='ocrx_word' id='word_1_592' title='bbox 1121 3944 1169 4000; x_wconf 93' lang='lat' dir='ltr'><strong>die</strong></span> <span class='ocrx_word' id='word_1_593' title='bbox 1184 3945 1320 4018; x_wconf 89' lang='lat' dir='ltr'><strong>quadam</strong></span> <span class='ocrx_word' id='word_1_594' title='bbox 1334 3955 1426 4016; x_wconf 90' lang='lat' dir='ltr'><strong>quem</strong></span> <span class='ocrx_word' id='word_1_595' title='bbox 1445 3941 1653 3998; x_wconf 83' lang='lat' dir='ltr'><strong>necessarlum</strong></span> <span class='ocrx_word' id='word_1_596' title='bbox 1678 3937 1785 3994; x_wconf 88' lang='lat' dir='ltr'><strong>habuit</strong></span> 
     </span>
     <span class='ocr_line' id='line_1_57' title="bbox 954 4023 1785 4102; baseline -0.011 -13"><span class='ocrx_word' id='word_1_597' title='bbox 954 4033 994 4089; x_wconf 90' lang='lat' dir='ltr'><strong>ad</strong></span> <span class='ocrx_word' id='word_1_598' title='bbox 1009 4033 1135 4086; x_wconf 86' lang='lat' dir='ltr'><strong>domum</strong></span> <span class='ocrx_word' id='word_1_599' title='bbox 1151 4031 1279 4086; x_wconf 90' lang='lat' dir='ltr'><strong>reditum</strong></span> <span class='ocrx_word' id='word_1_600' title='bbox 1292 4029 1438 4102; x_wconf 84' lang='lat' dir='ltr'><strong>protraxit</strong></span> <span class='ocrx_word' id='word_1_601' title='bbox 1451 4026 1594 4100; x_wconf 89' lang='lat' dir='ltr'><strong>usquead</strong></span> <span class='ocrx_word' id='word_1_602' title='bbox 1608 4025 1667 4082; x_wconf 90' lang='lat' dir='ltr'><strong>diei</strong></span> <span class='ocrx_word' id='word_1_603' title='bbox 1677 4023 1785 4082; x_wconf 87' lang='lat' dir='ltr'><strong>noctla·</strong></span> 
     </span>
     <span class='ocr_line' id='line_1_58' title="bbox 955 4114 1785 4194; baseline -0.007 -17"><span class='ocrx_word' id='word_1_604' title='bbox 955 4120 1220 4194; x_wconf 78' lang='lat' dir='ltr'><strong>secrepusoulum.</strong></span> <span class='ocrx_word' id='word_1_605' title='bbox 1236 4121 1317 4175; x_wconf 83' lang='lat' dir='ltr'><strong>‘func</strong></span> <span class='ocrx_word' id='word_1_606' title='bbox 1340 4117 1419 4174; x_wconf 88' lang='lat' dir='ltr'><strong>illius</strong></span> <span class='ocrx_word' id='word_1_607' title='bbox 1444 4116 1571 4173; x_wconf 87' lang='lat' dir='ltr'><strong>canibus</strong></span> <span class='ocrx_word' id='word_1_608' title='bbox 1593 4114 1785 4189; x_wconf 81' lang='lat' dir='ltr'><strong>vulpeculam</strong></span> 
     </span>
     <span class='ocr_line' id='line_1_59' title="bbox 956 4205 1787 4282; baseline -0.004 -17"><span class='ocrx_word' id='word_1_609' title='bbox 956 4210 1041 4266; x_wconf 83' lang='lat' dir='ltr'><strong>solito</strong></span> <span class='ocrx_word' id='word_1_610' title='bbox 1054 4209 1282 4282; x_wconf 88' lang='lat' dir='ltr'><strong>insequentibus</strong></span> <span class='ocrx_word' id='word_1_611' title='bbox 1297 4213 1325 4264; x_wconf 91' lang='lat' dir='ltr'><strong>et</strong></span> <span class='ocrx_word' id='word_1_612' title='bbox 1337 4206 1479 4276; x_wconf 87' lang='lat' dir='ltr'><strong>ingressis</strong></span> <span class='ocrx_word' id='word_1_613' title='bbox 1504 4205 1663 4278; x_wconf 87' lang='lat' dir='ltr'><strong>cujusdam</strong></span> <span class='ocrx_word' id='word_1_614' title='bbox 1688 4217 1787 4262; x_wconf 85' lang='lat' dir='ltr'><strong>caver·</strong></span> 
     </span>
    </p>
   </div>
   <div class='ocr_carea' id='block_1_8' title="bbox 57 4294 1790 5716">
    <p class='ocr_par' dir='ltr' id='par_1_11' title="bbox 57 4294 1790 5716">
     <span class='ocr_line' id='line_1_60' title="bbox 64 4294 1785 4379; baseline -0.006 -17"><span class='ocrx_word' id='word_1_615' title='bbox 64 4307 124 4362; x_wconf 83' lang='lat' dir='ltr'><strong>sitii</strong></span> <span class='ocrx_word' id='word_1_616' title='bbox 137 4311 258 4379; x_wconf 88' lang='lat' dir='ltr'><strong>caperet</strong></span> <span class='ocrx_word' id='word_1_617' title='bbox 271 4306 285 4362; x_wconf 82' lang='grc' dir='ltr'><strong>ι</strong></span> <span class='ocrx_word' id='word_1_618' title='bbox 300 4305 432 4362; x_wconf 74' lang='lat' dir='ltr'><strong>maximis</strong></span> <span class='ocrx_word' id='word_1_619' title='bbox 456 4304 625 4378; x_wconf 88' lang='lat' dir='ltr'><strong>implicatus</strong></span> <span class='ocrx_word' id='word_1_620' title='bbox 640 4305 796 4375; x_wconf 89' lang='lat' dir='ltr'><strong>angustiis,</strong></span> <span class='ocrx_word' id='word_1_621' title='bbox 816 4305 900 4378; x_wconf 92' lang='lat' dir='ltr'><strong>quod</strong></span> <span class='ocrx_word' id='word_1_622' title='bbox 956 4299 1044 4356; x_wconf 90' lang='lat' dir='ltr'><strong>nulas</strong></span> <span class='ocrx_word' id='word_1_623' title='bbox 1058 4299 1179 4370; x_wconf 90' lang='lat' dir='ltr'><strong>montis,</strong></span> <span class='ocrx_word' id='word_1_624' title='bbox 1194 4297 1336 4353; x_wconf 89' lang='lat' dir='ltr'><strong>dominus</strong></span> <span class='ocrx_word' id='word_1_625' title='bbox 1348 4300 1376 4352; x_wconf 88' lang='lat' dir='ltr'><strong>ct</strong></span> <span class='ocrx_word' id='word_1_626' title='bbox 1388 4295 1487 4352; x_wconf 86' lang='lat' dir='ltr'><strong>senior</strong></span> <span class='ocrx_word' id='word_1_627' title='bbox 1506 4294 1594 4352; x_wconf 87' lang='lat' dir='ltr'><strong>valde</strong></span> <span class='ocrx_word' id='word_1_628' title='bbox 1613 4295 1720 4352; x_wconf 89' lang='lat' dir='ltr'><strong>dolens</strong></span> <span class='ocrx_word' id='word_1_629' title='bbox 1735 4307 1785 4352; x_wconf 81' lang='lat' dir='ltr'><strong>su·</strong></span> 
     </span>
     <span class='ocr_line' id='line_1_61' title="bbox 63 4383 1787 4467; baseline -0.008 -15"><span class='ocrx_word' id='word_1_630' title='bbox 63 4395 255 4452; x_wconf 90' lang='lat' dir='ltr'><strong>horrendum</strong></span> <span class='ocrx_word' id='word_1_631' title='bbox 269 4395 344 4452; x_wconf 87' lang='lat' dir='ltr'><strong>vidit</strong></span> <span class='ocrx_word' id='word_1_632' title='bbox 357 4393 442 4452; x_wconf 84' lang='lat' dir='ltr'><strong>elfari</strong></span> <span class='ocrx_word' id='word_1_633' title='bbox 450 4394 574 4450; x_wconf 90' lang='lat' dir='ltr'><strong>minime</strong></span> <span class='ocrx_word' id='word_1_634' title='bbox 588 4393 693 4466; x_wconf 89' lang='lat' dir='ltr'><strong>quivit.</strong></span> <span class='ocrx_word' id='word_1_635' title='bbox 707 4397 818 4450; x_wconf 81' lang='lat' dir='ltr'><strong>Omnes</strong></span> <span class='ocrx_word' id='word_1_636' title='bbox 833 4411 898 4467; x_wconf 84' lang='lat' dir='ltr'><strong>per·</strong></span> <span class='ocrx_word' id='word_1_637' title='bbox 956 4405 1009 4461; x_wconf 90' lang='lat' dir='ltr'><strong>per</strong></span> <span class='ocrx_word' id='word_1_638' title='bbox 1022 4387 1141 4444; x_wconf 92' lang='lat' dir='ltr'><strong>interitu</strong></span> <span class='ocrx_word' id='word_1_639' title='bbox 1151 4387 1327 4442; x_wconf 85' lang='lat' dir='ltr'><strong>eorumdem</strong></span> <span class='ocrx_word' id='word_1_640' title='bbox 1344 4399 1466 4456; x_wconf 88' lang='lat' dir='ltr'><strong>canum,</strong></span> <span class='ocrx_word' id='word_1_641' title='bbox 1479 4383 1550 4459; x_wconf 91' lang='lat' dir='ltr'><strong>qula</strong></span> <span class='ocrx_word' id='word_1_642' title='bbox 1571 4399 1632 4442; x_wconf 89' lang='lat' dir='ltr'><strong>non</strong></span> <span class='ocrx_word' id='word_1_643' title='bbox 1648 4388 1787 4458; x_wconf 87' lang='lat' dir='ltr'><strong>poterant</strong></span> 
     </span>
     <span class='ocr_line' id='line_1_62' title="bbox 64 4473 1786 4550; baseline -0.01 -9"><span class='ocrx_word' id='word_1_644' title='bbox 64 4501 150 4542; x_wconf 79' lang='lat' dir='ltr'><strong>sonte</strong></span> <span class='ocrx_word' id='word_1_645' title='bbox 166 4485 244 4541; x_wconf 91' lang='lat' dir='ltr'><strong>illius</strong></span> <span class='ocrx_word' id='word_1_646' title='bbox 260 4484 402 4542; x_wconf 76' lang='lat' dir='ltr'><strong>clientelae</strong></span> <span class='ocrx_word' id='word_1_647' title='bbox 422 4489 582 4540; x_wconf 87' lang='lat' dir='ltr'><strong>trementes</strong></span> <span class='ocrx_word' id='word_1_648' title='bbox 596 4481 740 4540; x_wconf 91' lang='lat' dir='ltr'><strong>dolebant</strong></span> <span class='ocrx_word' id='word_1_649' title='bbox 762 4484 792 4539; x_wconf 89' lang='lat' dir='ltr'><strong>in</strong></span> <span class='ocrx_word' id='word_1_650' title='bbox 817 4498 900 4540; x_wconf 89' lang='lat' dir='ltr'><strong>eom·</strong></span> <span class='ocrx_word' id='word_1_651' title='bbox 956 4477 1047 4534; x_wconf 88' lang='lat' dir='ltr'><strong>videri</strong></span> <span class='ocrx_word' id='word_1_652' title='bbox 1061 4492 1159 4550; x_wconf 88' lang='lat' dir='ltr'><strong>neque</strong></span> <span class='ocrx_word' id='word_1_653' title='bbox 1173 4475 1279 4542; x_wconf 85' lang='lat' dir='ltr'><strong>audiri,</strong></span> <span class='ocrx_word' id='word_1_654' title='bbox 1296 4475 1377 4531; x_wconf 88' lang='lat' dir='ltr'><strong>misit</strong></span> <span class='ocrx_word' id='word_1_655' title='bbox 1389 4474 1427 4530; x_wconf 90' lang='lat' dir='ltr'><strong>de</strong></span> <span class='ocrx_word' id='word_1_656' title='bbox 1455 4473 1518 4529; x_wconf 91' lang='lat' dir='ltr'><strong>suis</strong></span> <span class='ocrx_word' id='word_1_657' title='bbox 1537 4473 1681 4529; x_wconf 74' lang='lat' dir='ltr'><strong>militibus</strong></span> <span class='ocrx_word' id='word_1_658' title='bbox 1695 4476 1786 4541; x_wconf 88' lang='lat' dir='ltr'><strong>etque</strong></span> 
     </span>
     <span class='ocr_line' id='line_1_63' title="bbox 61 4561 1786 4647; baseline -0.011 -17"><span class='ocrx_word' id='word_1_659' title='bbox 61 4589 173 4640; x_wconf 89' lang='lat' dir='ltr'><strong>mune,</strong></span> <span class='ocrx_word' id='word_1_660' title='bbox 204 4591 298 4632; x_wconf 88' lang='lat' dir='ltr'><strong>unam</strong></span> <span class='ocrx_word' id='word_1_661' title='bbox 322 4573 522 4647; x_wconf 85' lang='lat' dir='ltr'><strong>eamdemque</strong></span> <span class='ocrx_word' id='word_1_662' title='bbox 550 4587 673 4646; x_wconf 89' lang='lat' dir='ltr'><strong>poenam</strong></span> <span class='ocrx_word' id='word_1_663' title='bbox 709 4572 901 4646; x_wconf 88' lang='lat' dir='ltr'><strong>patiebantur</strong></span> <span class='ocrx_word' id='word_1_664' title='bbox 955 4566 1114 4624; x_wconf 90' lang='lat' dir='ltr'><strong>comitibus</strong></span> <span class='ocrx_word' id='word_1_665' title='bbox 1129 4566 1181 4639; x_wconf 90' lang='lat' dir='ltr'><strong>qui</strong></span> <span class='ocrx_word' id='word_1_666' title='bbox 1192 4565 1249 4622; x_wconf 90' lang='lat' dir='ltr'><strong>sibi</strong></span> <span class='ocrx_word' id='word_1_667' title='bbox 1272 4565 1309 4622; x_wconf 90' lang='lat' dir='ltr'><strong>de</strong></span> <span class='ocrx_word' id='word_1_668' title='bbox 1322 4564 1466 4637; x_wconf 86' lang='lat' dir='ltr'><strong>proximis</strong></span> <span class='ocrx_word' id='word_1_669' title='bbox 1480 4561 1558 4618; x_wconf 91' lang='lat' dir='ltr'><strong>villis</strong></span> <span class='ocrx_word' id='word_1_670' title='bbox 1585 4562 1687 4630; x_wconf 91' lang='lat' dir='ltr'><strong>ignem</strong></span> <span class='ocrx_word' id='word_1_671' title='bbox 1715 4573 1786 4613; x_wconf 89' lang='lat' dir='ltr'><strong>oum</strong></span> 
     </span>
     <span class='ocr_line' id='line_1_64' title="bbox 63 4647 1784 4736; baseline -0.012 -16"><span class='ocrx_word' id='word_1_672' title='bbox 63 4664 212 4736; x_wconf 80' lang='lat' dir='ltr'><strong>universi,</strong></span> <span class='ocrx_word' id='word_1_673' title='bbox 228 4663 285 4720; x_wconf 93' lang='lat' dir='ltr'><strong>suh</strong></span> <span class='ocrx_word' id='word_1_674' title='bbox 300 4664 406 4720; x_wconf 88' lang='lat' dir='ltr'><strong>mortis</strong></span> <span class='ocrx_word' id='word_1_675' title='bbox 420 4662 664 4720; x_wconf 88' lang='lat' dir='ltr'><strong>comminatione.</strong></span> <span class='ocrx_word' id='word_1_676' title='bbox 681 4662 814 4718; x_wconf 90' lang='lat' dir='ltr'><strong>Tandem</strong></span> <span class='ocrx_word' id='word_1_677' title='bbox 829 4661 902 4718; x_wconf 89' lang='lat' dir='ltr'><strong>inte·</strong></span> <span class='ocrx_word' id='word_1_678' title='bbox 954 4656 1067 4713; x_wconf 92' lang='lat' dir='ltr'><strong>lumine</strong></span> <span class='ocrx_word' id='word_1_679' title='bbox 1077 4653 1227 4722; x_wconf 79' lang='lat' dir='ltr'><strong>afferrent,</strong></span> <span class='ocrx_word' id='word_1_680' title='bbox 1241 4654 1411 4728; x_wconf 89' lang='lat' dir='ltr'><strong>pariterque</strong></span> <span class='ocrx_word' id='word_1_681' title='bbox 1427 4653 1513 4706; x_wconf 90' lang='lat' dir='ltr'><strong>tunes</strong></span> <span class='ocrx_word' id='word_1_682' title='bbox 1526 4664 1597 4704; x_wconf 92' lang='lat' dir='ltr'><strong>cum</strong></span> <span class='ocrx_word' id='word_1_683' title='bbox 1622 4647 1720 4717; x_wconf 91' lang='lat' dir='ltr'><strong>longis</strong></span> <span class='ocrx_word' id='word_1_684' title='bbox 1735 4659 1784 4702; x_wconf 92' lang='lat' dir='ltr'><strong>or-</strong></span> 
     </span>
     <span class='ocr_line' id='line_1_65' title="bbox 63 4734 1790 4836; baseline -0.013 -26"><span class='ocrx_word' id='word_1_685' title='bbox 63 4754 146 4810; x_wconf 90' lang='lat' dir='ltr'><strong>riore</strong></span> <span class='ocrx_word' id='word_1_686' title='bbox 161 4753 284 4810; x_wconf 91' lang='lat' dir='ltr'><strong>homine</strong></span> <span class='ocrx_word' id='word_1_687' title='bbox 304 4767 555 4810; x_wconf 81' lang='lat' dir='ltr'><strong>arcanumsacrrc</strong></span> <span class='ocrx_word' id='word_1_688' title='bbox 574 4751 645 4836; x_wconf 72' lang='lat' dir='ltr'><strong>fidei</strong></span> <span class='ocrx_word' id='word_1_689' title='bbox 669 4755 900 4824; x_wconf 85' lang='lat' dir='ltr'><strong>rememorante,</strong></span> <span class='ocrx_word' id='word_1_690' title='bbox 955 4745 1078 4802; x_wconf 89' lang='lat' dir='ltr'><strong>dinibus</strong></span> <span class='ocrx_word' id='word_1_691' title='bbox 1091 4744 1249 4813; x_wconf 89' lang='lat' dir='ltr'><strong>deferrent,</strong></span> <span class='ocrx_word' id='word_1_692' title='bbox 1262 4741 1374 4814; x_wconf 90' lang='lat' dir='ltr'><strong>quibus</strong></span> <span class='ocrx_word' id='word_1_693' title='bbox 1396 4739 1556 4794; x_wconf 88' lang='lat' dir='ltr'><strong>cavitatem</strong></span> <span class='ocrx_word' id='word_1_694' title='bbox 1583 4735 1695 4791; x_wconf 90' lang='lat' dir='ltr'><strong>montis</strong></span> <span class='ocrx_word' id='word_1_695' title='bbox 1715 4734 1790 4790; x_wconf 87' lang='lat' dir='ltr'><strong>des·&#39;</strong></span> 
     </span>
     <span class='ocr_line' id='line_1_66' title="bbox 62 4821 1785 4915; baseline -0.013 -15"><span class='ocrx_word' id='word_1_696' title='bbox 62 4844 161 4915; x_wconf 75' lang='lat' dir='ltr'><strong>copie</strong></span> <span class='ocrx_word' id='word_1_697' title='bbox 172 4843 261 4900; x_wconf 91' lang='lat' dir='ltr'><strong>eorde</strong></span> <span class='ocrx_word' id='word_1_698' title='bbox 276 4847 362 4898; x_wconf 87' lang='lat' dir='ltr'><strong>tenua</strong></span> <span class='ocrx_word' id='word_1_699' title='bbox 377 4841 504 4915; x_wconf 89' lang='lat' dir='ltr'><strong>psallere</strong></span> <span class='ocrx_word' id='word_1_700' title='bbox 521 4859 528 4910; x_wconf 88' lang='lat'>;</span> <span class='ocrx_word' id='word_1_701' title='bbox 542 4841 606 4912; x_wconf 86' lang='lat' dir='ltr'><strong>jnm</strong></span> <span class='ocrx_word' id='word_1_702' title='bbox 619 4840 810 4896; x_wconf 88' lang='lat' dir='ltr'><strong>enimdidieit</strong></span> <span class='ocrx_word' id='word_1_703' title='bbox 824 4839 902 4912; x_wconf 88' lang='lat' dir='ltr'><strong>psal·</strong></span> <span class='ocrx_word' id='word_1_704' title='bbox 956 4835 1116 4892; x_wconf 84' lang='lat' dir='ltr'><strong>candentes</strong></span> <span class='ocrx_word' id='word_1_705' title='bbox 1133 4834 1241 4889; x_wconf 89' lang='lat' dir='ltr'><strong>intrare</strong></span> <span class='ocrx_word' id='word_1_706' title='bbox 1265 4830 1407 4886; x_wconf 84' lang='lat' dir='ltr'><strong>valerent.</strong></span> <span class='ocrx_word' id='word_1_707' title='bbox 1437 4831 1571 4899; x_wconf 88' lang='lat' dir='ltr'><strong>Cumque</strong></span> <span class='ocrx_word' id='word_1_708' title='bbox 1584 4839 1663 4880; x_wconf 89' lang='lat' dir='ltr'><strong>unus</strong></span> <span class='ocrx_word' id='word_1_709' title='bbox 1677 4837 1714 4880; x_wconf 82' lang='lat' dir='ltr'><strong>ex</strong></span> <span class='ocrx_word' id='word_1_710' title='bbox 1727 4821 1785 4878; x_wconf 89' lang='lat' dir='ltr'><strong>illls</strong></span> 
     </span>
     <span class='ocr_line' id='line_1_67' title="bbox 62 4909 1787 5004; baseline -0.012 -16"><span class='ocrx_word' id='word_1_711' title='bbox 62 4949 149 5002; x_wconf 87' lang='lat' dir='ltr'><strong>mos,</strong></span> <span class='ocrx_word' id='word_1_712' title='bbox 162 4947 222 4988; x_wconf 91' lang='lat' dir='ltr'><strong>non</strong></span> <span class='ocrx_word' id='word_1_713' title='bbox 234 4931 284 4988; x_wconf 94' lang='lat' dir='ltr'><strong>illa</strong></span> <span class='ocrx_word' id='word_1_714' title='bbox 297 4935 383 4988; x_wconf 88' lang='lat' dir='ltr'><strong>nocte</strong></span> <span class='ocrx_word' id='word_1_715' title='bbox 398 4945 451 5004; x_wconf 89' lang='lat' dir='ltr'><strong>per</strong></span> <span class='ocrx_word' id='word_1_716' title='bbox 464 4929 597 4986; x_wconf 86' lang='lat' dir='ltr'><strong>officium</strong></span> <span class='ocrx_word' id='word_1_717' title='bbox 612 4931 672 4986; x_wconf 90' lang='lat' dir='ltr'><strong>oris</strong></span> <span class='ocrx_word' id='word_1_718' title='bbox 688 4929 780 4986; x_wconf 86' lang='lat' dir='ltr'><strong>verbe</strong></span> <span class='ocrx_word' id='word_1_719' title='bbox 808 4929 902 5002; x_wconf 89' lang='lat' dir='ltr'><strong>profe·</strong></span> <span class='ocrx_word' id='word_1_720' title='bbox 955 4925 1008 4999; x_wconf 94' lang='lat' dir='ltr'><strong>qui</strong></span> <span class='ocrx_word' id='word_1_721' title='bbox 1021 4928 1090 4998; x_wconf 90' lang='lat' dir='ltr'><strong>post</strong></span> <span class='ocrx_word' id='word_1_722' title='bbox 1104 4923 1205 4992; x_wconf 88' lang='lat' dir='ltr'><strong>ignem</strong></span> <span class='ocrx_word' id='word_1_723' title='bbox 1217 4923 1247 4975; x_wconf 91' lang='lat' dir='ltr'><strong>et</strong></span> <span class='ocrx_word' id='word_1_724' title='bbox 1269 4917 1419 4974; x_wconf 90' lang='lat' dir='ltr'><strong>funiculos</strong></span> <span class='ocrx_word' id='word_1_725' title='bbox 1444 4914 1528 4971; x_wconf 89' lang='lat' dir='ltr'><strong>missi</strong></span> <span class='ocrx_word' id='word_1_726' title='bbox 1557 4917 1641 4969; x_wconf 91' lang='lat' dir='ltr'><strong>erant</strong></span> <span class='ocrx_word' id='word_1_727' title='bbox 1668 4927 1723 4987; x_wconf 91' lang='lat' dir='ltr'><strong>per</strong></span> <span class='ocrx_word' id='word_1_728' title='bbox 1745 4909 1787 4968; x_wconf 90' lang='lat' dir='ltr'><strong>lo·</strong></span> 
     </span>
     <span class='ocr_line' id='line_1_68' title="bbox 61 5001 1785 5092; baseline -0.013 -14"><span class='ocrx_word' id='word_1_729' title='bbox 61 5037 149 5088; x_wconf 89' lang='lat' dir='ltr'><strong>rens,</strong></span> <span class='ocrx_word' id='word_1_730' title='bbox 167 5021 221 5077; x_wconf 92' lang='lat' dir='ltr'><strong>sed</strong></span> <span class='ocrx_word' id='word_1_731' title='bbox 236 5025 328 5078; x_wconf 77' lang='grc' dir='ltr'>ιοιιιιιι</span> <span class='ocrx_word' id='word_1_732' title='bbox 343 5020 405 5076; x_wconf 86' lang='lat' dir='ltr'><strong>vim</strong></span> <span class='ocrx_word' id='word_1_733' title='bbox 421 5019 555 5092; x_wconf 91' lang='lat' dir='ltr'><strong>corporis</strong></span> <span class='ocrx_word' id='word_1_734' title='bbox 567 5023 595 5074; x_wconf 89' lang='lat' dir='ltr'><strong>et</strong></span> <span class='ocrx_word' id='word_1_735' title='bbox 609 5017 718 5075; x_wconf 81' lang='lat' dir='ltr'><strong>animae</strong></span> <span class='ocrx_word' id='word_1_736' title='bbox 734 5033 803 5075; x_wconf 91' lang='lat' dir='ltr'><strong>cum</strong></span> <span class='ocrx_word' id='word_1_737' title='bbox 817 5017 903 5076; x_wconf 87' lang='lat' dir='ltr'><strong>silan·</strong></span> <span class='ocrx_word' id='word_1_738' title='bbox 956 5025 1060 5070; x_wconf 87' lang='lat' dir='ltr'><strong>remen</strong></span> <span class='ocrx_word' id='word_1_739' title='bbox 1073 5011 1203 5074; x_wconf 89' lang='lat' dir='ltr'><strong>intraret,</strong></span> <span class='ocrx_word' id='word_1_740' title='bbox 1219 5009 1248 5063; x_wconf 90' lang='lat' dir='ltr'><strong>et</strong></span> <span class='ocrx_word' id='word_1_741' title='bbox 1266 5006 1346 5062; x_wconf 90' lang='lat' dir='ltr'><strong>intus</strong></span> <span class='ocrx_word' id='word_1_742' title='bbox 1368 5005 1421 5060; x_wconf 92' lang='lat' dir='ltr'><strong>diu</strong></span> <span class='ocrx_word' id='word_1_743' title='bbox 1446 5001 1636 5074; x_wconf 86' lang='lat' dir='ltr'><strong>nimiumque</strong></span> <span class='ocrx_word' id='word_1_744' title='bbox 1663 5005 1785 5070; x_wconf 89' lang='lat' dir='ltr'><strong>arraret,</strong></span> 
     </span>
     <span class='ocr_line' id='line_1_69' title="bbox 61 5090 1787 5182; baseline -0.012 -16"><span class='ocrx_word' id='word_1_745' title='bbox 61 5111 107 5166; x_wconf 92' lang='lat' dir='ltr'><strong>tio</strong></span> <span class='ocrx_word' id='word_1_746' title='bbox 126 5125 223 5182; x_wconf 87' lang='lat' dir='ltr'><strong>usque</strong></span> <span class='ocrx_word' id='word_1_747' title='bbox 247 5109 285 5165; x_wconf 89' lang='lat' dir='ltr'><strong>ad</strong></span> <span class='ocrx_word' id='word_1_748' title='bbox 308 5109 406 5165; x_wconf 89' lang='lat' dir='ltr'><strong>lucem</strong></span> <span class='ocrx_word' id='word_1_749' title='bbox 432 5107 464 5164; x_wconf 92' lang='lat' dir='ltr'><strong>in</strong></span> <span class='ocrx_word' id='word_1_750' title='bbox 494 5109 586 5162; x_wconf 86' lang='lat' dir='ltr'><strong>Deum</strong></span> <span class='ocrx_word' id='word_1_751' title='bbox 615 5111 800 5164; x_wconf 85' lang='lat' dir='ltr'><strong>convertens.</strong></span> <span class='ocrx_word' id='word_1_752' title='bbox 824 5107 902 5164; x_wconf 90' lang='lat' dir='ltr'><strong>Tum</strong></span> <span class='ocrx_word' id='word_1_753' title='bbox 956 5101 1079 5160; x_wconf 90' lang='lat' dir='ltr'><strong>tandem</strong></span> <span class='ocrx_word' id='word_1_754' title='bbox 1100 5099 1138 5154; x_wconf 89' lang='lat' dir='ltr'><strong>ad</strong></span> <span class='ocrx_word' id='word_1_755' title='bbox 1162 5095 1323 5152; x_wconf 89' lang='lat' dir='ltr'><strong>buccinam</strong></span> <span class='ocrx_word' id='word_1_756' title='bbox 1351 5092 1550 5162; x_wconf 88' lang='lat' dir='ltr'><strong>cornicinum,</strong></span> <span class='ocrx_word' id='word_1_757' title='bbox 1576 5105 1645 5164; x_wconf 80' lang='lat' dir='ltr'><strong>quas</strong></span> <span class='ocrx_word' id='word_1_758' title='bbox 1668 5090 1787 5147; x_wconf 87' lang='lat' dir='ltr'><strong>interim</strong></span> 
     </span>
     <span class='ocr_line' id='line_1_70' title="bbox 62 5177 1786 5267; baseline -0.012 -13"><span class='ocrx_word' id='word_1_759' title='bbox 62 5199 212 5254; x_wconf 72' lang='lat' dir='ltr'><strong>l’selterio</strong></span> <span class='ocrx_word' id='word_1_760' title='bbox 226 5214 286 5255; x_wconf 94' lang='lat' dir='ltr'><strong>non</strong></span> <span class='ocrx_word' id='word_1_761' title='bbox 302 5203 426 5254; x_wconf 85' lang='lat' dir='ltr'><strong>externa</strong></span> <span class='ocrx_word' id='word_1_762' title='bbox 436 5195 489 5252; x_wconf 90' lang='lat' dir='ltr'><strong>sed</strong></span> <span class='ocrx_word' id='word_1_763' title='bbox 503 5195 621 5250; x_wconf 87' lang='lat' dir='ltr'><strong>interna</strong></span> <span class='ocrx_word' id='word_1_764' title='bbox 634 5193 772 5251; x_wconf 88' lang='lat' dir='ltr'><strong>cantione</strong></span> <span class='ocrx_word' id='word_1_765' title='bbox 790 5189 902 5267; x_wconf 86' lang='lat' dir='ltr'><strong>aprin·</strong></span> <span class='ocrx_word' id='word_1_766' title='bbox 956 5189 1028 5247; x_wconf 88' lang='lat' dir='ltr'><strong>toris</strong></span> <span class='ocrx_word' id='word_1_767' title='bbox 1043 5184 1240 5260; x_wconf 85' lang='lat' dir='ltr'><strong>persultabat,</strong></span> <span class='ocrx_word' id='word_1_768' title='bbox 1255 5183 1305 5240; x_wconf 84' lang='lat' dir='ltr'><strong>vix</strong></span> <span class='ocrx_word' id='word_1_769' title='bbox 1314 5181 1470 5240; x_wconf 89' lang='lat' dir='ltr'><strong>reflectens</strong></span> <span class='ocrx_word' id='word_1_770' title='bbox 1485 5179 1540 5236; x_wconf 88' lang='lat' dir='ltr'><strong>iter</strong></span> <span class='ocrx_word' id='word_1_771' title='bbox 1563 5179 1604 5236; x_wconf 87' lang='lat' dir='ltr'><strong>ad</strong></span> <span class='ocrx_word' id='word_1_772' title='bbox 1627 5177 1786 5237; x_wconf 92' lang='lat' dir='ltr'><strong>dominum</strong></span> 
     </span>
     <span class='ocr_line' id='line_1_71' title="bbox 60 5265 1787 5366; baseline -0.013 -22"><span class='ocrx_word' id='word_1_773' title='bbox 60 5288 149 5361; x_wconf 91' lang='lat' dir='ltr'><strong>cipio</strong></span> <span class='ocrx_word' id='word_1_774' title='bbox 166 5303 260 5360; x_wconf 87' lang='lat' dir='ltr'><strong>usque</strong></span> <span class='ocrx_word' id='word_1_775' title='bbox 274 5287 313 5344; x_wconf 91' lang='lat' dir='ltr'><strong>ad</strong></span> <span class='ocrx_word' id='word_1_776' title='bbox 337 5286 452 5343; x_wconf 89' lang='lat' dir='ltr'><strong>calcem</strong></span> <span class='ocrx_word' id='word_1_777' title='bbox 479 5283 619 5359; x_wconf 84' lang='lat' dir='ltr'><strong>perlecto,</strong></span> <span class='ocrx_word' id='word_1_778' title='bbox 645 5282 801 5338; x_wconf 89' lang='lat' dir='ltr'><strong>clementia</strong></span> <span class='ocrx_word' id='word_1_779' title='bbox 824 5283 903 5339; x_wconf 81' lang='lat' dir='ltr'><strong>illim</strong></span> <span class='ocrx_word' id='word_1_780' title='bbox 956 5275 1111 5350; x_wconf 85' lang='lat' dir='ltr'><strong>repedavit</strong></span> <span class='ocrx_word' id='word_1_781' title='bbox 1125 5289 1224 5339; x_wconf 87' lang='lat' dir='ltr'><strong>suum,</strong></span> <span class='ocrx_word' id='word_1_782' title='bbox 1246 5277 1274 5328; x_wconf 90' lang='lat' dir='ltr'><strong>et</strong></span> <span class='ocrx_word' id='word_1_783' title='bbox 1288 5270 1363 5326; x_wconf 85' lang='lat' dir='ltr'><strong>dixit</strong></span> <span class='ocrx_word' id='word_1_784' title='bbox 1379 5268 1419 5324; x_wconf 90' lang='lat' dir='ltr'><strong>ad</strong></span> <span class='ocrx_word' id='word_1_785' title='bbox 1445 5281 1539 5324; x_wconf 84' lang='lat' dir='ltr'><strong>eum:</strong></span> <span class='ocrx_word' id='word_1_786' title='bbox 1563 5267 1698 5366; x_wconf 84' lang='lat' dir='ltr'><strong>llomlne,</strong></span> <span class='ocrx_word' id='word_1_787' title='bbox 1730 5265 1787 5366; x_wconf 78' lang='lat' dir='ltr'><strong>leta</strong></span> 
     </span>
     <span class='ocr_line' id='line_1_72' title="bbox 58 5353 1786 5450; baseline -0.013 -18"><span class='ocrx_word' id='word_1_788' title='bbox 58 5377 120 5450; x_wconf 91' lang='lat' dir='ltr'><strong>qui</strong></span> <span class='ocrx_word' id='word_1_789' title='bbox 134 5376 211 5432; x_wconf 90' lang='lat' dir='ltr'><strong>tollit</strong></span> <span class='ocrx_word' id='word_1_790' title='bbox 222 5380 347 5450; x_wconf 85' lang='lat' dir='ltr'><strong>peccata</strong></span> <span class='ocrx_word' id='word_1_791' title='bbox 360 5373 477 5441; x_wconf 92' lang='lat' dir='ltr'><strong>mundi,</strong></span> <span class='ocrx_word' id='word_1_792' title='bbox 492 5373 543 5429; x_wconf 86' lang='lat' dir='ltr'><strong>vix</strong></span> <span class='ocrx_word' id='word_1_793' title='bbox 556 5387 625 5427; x_wconf 86' lang='lat' dir='ltr'><strong>curn</strong></span> <span class='ocrx_word' id='word_1_794' title='bbox 642 5370 704 5425; x_wconf 91' lang='lat' dir='ltr'><strong>suis</strong></span> <span class='ocrx_word' id='word_1_795' title='bbox 717 5369 757 5426; x_wconf 88' lang='lat' dir='ltr'><strong>ab</strong></span> <span class='ocrx_word' id='word_1_796' title='bbox 783 5369 904 5428; x_wconf 89' lang='lat' dir='ltr'><strong>infesta·</strong></span> <span class='ocrx_word' id='word_1_797' title='bbox 957 5368 1104 5422; x_wconf 90' lang='lat' dir='ltr'><strong>montana</strong></span> <span class='ocrx_word' id='word_1_798' title='bbox 1118 5365 1186 5417; x_wconf 93' lang='lat' dir='ltr'><strong>sunt</strong></span> <span class='ocrx_word' id='word_1_799' title='bbox 1196 5359 1300 5416; x_wconf 88' lang='lat' dir='ltr'><strong>omnia</strong></span> <span class='ocrx_word' id='word_1_800' title='bbox 1315 5371 1399 5426; x_wconf 87' lang='lat' dir='ltr'><strong>cava,</strong></span> <span class='ocrx_word' id='word_1_801' title='bbox 1416 5369 1452 5414; x_wconf 87' lang='lat' dir='ltr'><strong>ac</strong></span> <span class='ocrx_word' id='word_1_802' title='bbox 1464 5357 1574 5412; x_wconf 87' lang='lat' dir='ltr'><strong>horum</strong></span> <span class='ocrx_word' id='word_1_803' title='bbox 1588 5353 1729 5412; x_wconf 82' lang='lat' dir='ltr'><strong>interiora</strong></span> <span class='ocrx_word' id='word_1_804' title='bbox 1741 5369 1786 5410; x_wconf 85' lang='lat' dir='ltr'><strong>vr-</strong></span> 
     </span>
     <span class='ocr_line' id='line_1_73' title="bbox 59 5443 1787 5532; baseline -0.014 -9"><span class='ocrx_word' id='word_1_805' title='bbox 59 5467 151 5524; x_wconf 88' lang='lat' dir='ltr'><strong>tione</strong></span> <span class='ocrx_word' id='word_1_806' title='bbox 166 5465 317 5523; x_wconf 89' lang='lat' dir='ltr'><strong>diabolica</strong></span> <span class='ocrx_word' id='word_1_807' title='bbox 335 5463 444 5522; x_wconf 88' lang='lat' dir='ltr'><strong>meruit</strong></span> <span class='ocrx_word' id='word_1_808' title='bbox 469 5461 600 5531; x_wconf 89' lang='lat' dir='ltr'><strong>liberari,</strong></span> <span class='ocrx_word' id='word_1_809' title='bbox 630 5464 721 5532; x_wconf 91' lang='lat' dir='ltr'><strong>atque</strong></span> <span class='ocrx_word' id='word_1_810' title='bbox 747 5457 904 5516; x_wconf 84' lang='lat' dir='ltr'><strong>Christiani</strong></span> <span class='ocrx_word' id='word_1_811' title='bbox 957 5449 1258 5525; x_wconf 85' lang='lat' dir='ltr'><strong>danturquasiregio</strong></span> <span class='ocrx_word' id='word_1_812' title='bbox 1284 5447 1413 5514; x_wconf 85' lang='lat' dir='ltr'><strong>deserta,</strong></span> <span class='ocrx_word' id='word_1_813' title='bbox 1439 5449 1478 5514; x_wconf 87' lang='lat' dir='ltr'><strong>ct,</strong></span> <span class='ocrx_word' id='word_1_814' title='bbox 1502 5443 1560 5501; x_wconf 85' lang='lat' dir='ltr'><strong>nisi</strong></span> <span class='ocrx_word' id='word_1_815' title='bbox 1584 5444 1658 5500; x_wconf 91' lang='lat' dir='ltr'><strong>mihi</strong></span> <span class='ocrx_word' id='word_1_816' title='bbox 1685 5447 1787 5516; x_wconf 86' lang='lat' dir='ltr'><strong>tuapte</strong></span> 
     </span>
     <span class='ocr_line' id='line_1_74' title="bbox 58 5532 1786 5629; baseline -0.013 -17"><span class='ocrx_word' id='word_1_817' title='bbox 58 5571 179 5612; x_wconf 87' lang='lat' dir='ltr'><strong>sensus</strong></span> <span class='ocrx_word' id='word_1_818' title='bbox 192 5570 307 5626; x_wconf 90' lang='lat' dir='ltr'><strong>magna</strong></span> <span class='ocrx_word' id='word_1_819' title='bbox 326 5552 501 5629; x_wconf 88' lang='lat' dir='ltr'><strong>potentique</strong></span> <span class='ocrx_word' id='word_1_820' title='bbox 529 5549 625 5621; x_wconf 87' lang='lat' dir='ltr'><strong>gratia</strong></span> <span class='ocrx_word' id='word_1_821' title='bbox 652 5546 809 5605; x_wconf 87' lang='lat' dir='ltr'><strong>revisitari.</strong></span> <span class='ocrx_word' id='word_1_822' title='bbox 837 5545 902 5614; x_wconf 79' lang='lat' dir='ltr'><strong>Qui,</strong></span> <span class='ocrx_word' id='word_1_823' title='bbox 958 5543 1110 5615; x_wconf 89' lang='lat' dir='ltr'><strong>adjutores</strong></span> <span class='ocrx_word' id='word_1_824' title='bbox 1122 5539 1231 5596; x_wconf 89' lang='lat' dir='ltr'><strong>dentur</strong></span> <span class='ocrx_word' id='word_1_825' title='bbox 1245 5537 1297 5611; x_wconf 93' lang='lat' dir='ltr'><strong>qui</strong></span> <span class='ocrx_word' id='word_1_826' title='bbox 1312 5537 1398 5593; x_wconf 89' lang='lat' dir='ltr'><strong>funes</strong></span> <span class='ocrx_word' id='word_1_827' title='bbox 1410 5551 1481 5592; x_wconf 89' lang='lat' dir='ltr'><strong>cum</strong></span> <span class='ocrx_word' id='word_1_828' title='bbox 1490 5532 1648 5590; x_wconf 91' lang='lat' dir='ltr'><strong>ordinibus</strong></span> <span class='ocrx_word' id='word_1_829' title='bbox 1657 5532 1786 5602; x_wconf 84' lang='lat' dir='ltr'><strong>trahunt,</strong></span> 
     </span>
     <span class='ocr_line' id='line_1_75' title="bbox 57 5621 1787 5716; baseline -0.013 -14"><span class='ocrx_word' id='word_1_830' title='bbox 57 5643 143 5702; x_wconf 89' lang='lat' dir='ltr'><strong>solis</strong></span> <span class='ocrx_word' id='word_1_831' title='bbox 157 5643 267 5716; x_wconf 84' lang='lat' dir='ltr'><strong>jubare</strong></span> <span class='ocrx_word' id='word_1_832' title='bbox 278 5648 373 5702; x_wconf 86' lang='lat' dir='ltr'><strong>terras</strong></span> <span class='ocrx_word' id='word_1_833' title='bbox 388 5641 578 5708; x_wconf 87' lang='lat' dir='ltr'><strong>relustrante,</strong></span> <span class='ocrx_word' id='word_1_834' title='bbox 588 5651 644 5712; x_wconf 86' lang='lat' dir='ltr'><strong>per</strong></span> <span class='ocrx_word' id='word_1_835' title='bbox 670 5633 904 5708; x_wconf 81' lang='lat' dir='ltr'><strong>rerbaoonjugis</strong></span> <span class='ocrx_word' id='word_1_836' title='bbox 958 5639 986 5690; x_wconf 92' lang='lat' dir='ltr'><strong>et</strong></span> <span class='ocrx_word' id='word_1_837' title='bbox 999 5647 1054 5706; x_wconf 90' lang='lat' dir='ltr'><strong>per</strong></span> <span class='ocrx_word' id='word_1_838' title='bbox 1068 5643 1212 5689; x_wconf 84' lang='lat' dir='ltr'><strong>saxorum</strong></span> <span class='ocrx_word' id='word_1_839' title='bbox 1226 5626 1403 5704; x_wconf 88' lang='lat' dir='ltr'><strong>asperitates</strong></span> <span class='ocrx_word' id='word_1_840' title='bbox 1418 5629 1585 5683; x_wconf 84' lang='lat' dir='ltr'><strong>sustentare</strong></span> <span class='ocrx_word' id='word_1_841' title='bbox 1607 5621 1673 5680; x_wconf 85' lang='lat' dir='ltr'><strong>lllcs</strong></span> <span class='ocrx_word' id='word_1_842' title='bbox 1686 5621 1787 5682; x_wconf 85' lang='lat' dir='ltr'><strong>minus</strong></span> 
     </span>
    </p>
   </div>
   <div class='ocr_carea' id='block_1_9' title="bbox 0 0 1996 6180">
    <p class='ocr_par' dir='ltr' id='par_1_12' title="bbox 0 0 1996 6180">
     <span class='ocr_line' id='line_1_76' title="bbox 0 0 1996 6180; baseline 0 0"><span class='ocrx_word' id='word_1_843' title='bbox 0 0 1996 6180; x_wconf 95' lang='lat' dir='ltr'><strong> </strong></span> 
     </span>
    </p>
   </div>
  </div>
 </body>
</html>
