3990 6184
71 194 145 250 ism
352 165 354 170 ”
413 245 416 252 ,
618 187 746 246 rarus
764 182 1027 242 ommrroos.
1043 185 1243 244 «ronna.
1720 195 1790 252 ms

68 321 215 390 Tempore
227 331 291 390 qino
304 315 409 376 batres
420 314 570 374 celebrant
586 313 734 370 solemnia
745 311 860 370 misse:
918 307 1008 365 ACui
1022 307 1150 368 dubium
1165 309 1302 368 estillam
1317 311 1424 370 mortis
1436 311 1565 372 subiisse
1578 314 1699 376 ruinam

70 405 274 479 suffultusque
288 406 361 463 viris
373 406 478 464 dextre
492 403 628 476 leveque
642 403 774 472 duobus,
955 397 1041 464 Quod
1057 401 1117 455 tem
1132 399 1249 469 etfacit,
1267 401 1370 456 martis
1385 417 1441 460 nec
1455 402 1570 460 demna
1582 403 1700 464 subivit.

67 499 134 552 lam
146 494 240 552 ferme
254 495 410 568 exspirans
420 495 556 552 sanctem
567 491 742 550 conscendit
753 490 793 554 ad
802 505 898 548 eram.
955 487 1031 553 Quin
1049 487 1138 544 etism
1153 488 1268 546 vadens
1283 505 1318 545 ac
1333 490 1530 550 discurrendo
1547 507 1733 568 penemeos,

69 584 123 640 eui
136 589 300 658 postqum
315 583 458 658 imposuit
478 581 629 654 quosdam
656 597 711 655 pec
725 595 850 653 munere
864 579 900 640 li-
954 576 1040 634 Venit
1050 576 1090 634 ed
1102 577 1255 636 introitum
1270 578 1399 636 cochleae
1413 597 1475 653 que
1487 580 1620 639 culmine
1633 582 1750 657 templi,

769 668 863 742 ihtes,
955 665 1022 724 Alte
1035 666 1225 739 petebantur,
1238 683 1331 742 quem
1342 666 1435 740 longa
1448 673 1492 728 est
1503 670 1660 728 scanditet
1672 671 1785 744 ipsam.

68 761 172 819 Nititur
186 765 220 819 ut
230 761 325 820 valuit
337 763 416 818 retro
430 759 589 818 deflectere
602 772 750 830 gressum.
954 759 1023 814 Post
1034 756 1097 814 boo
1110 756 1183 829 quid
1196 756 1275 829 tecit,
1290 758 1473 830 cuiusquam
1487 759 1585 816 dicere
1600 760 1705 831 lingua

68 851 126 910 Sed
140 851 190 908 rix
205 865 368 908 conversus
382 854 458 908 nutu
473 852 613 918 tangente
629 860 763 922 superno
953 845 1007 902 Vix
1021 844 1095 904 dum
1110 843 1246 904 sufficiet.
1263 849 1327 904 Non
1339 851 1437 904 cessat
1449 847 1579 921 denique
1591 865 1679 908 voces

66 939 164 996 Sensit
177 955 261 1012 aqua
272 938 373 1011 tepida
387 936 527 1011 pertundi
539 952 665 1010 corpore
679 941 741 994 toto
955 933 1047 990 Edere
1057 933 1211 1002 terrifices,
1229 951 1283 1007 per
1298 951 1407 1008 gyrum
1421 939 1451 992 et
1464 951 1583 996 currere
1595 937 1710 1010 templi.

67 1031 177 1095 Senum
192 1030 221 1084 et
233 1026 382 1086 exclamat
394 1026 467 1099 quie
481 1024 522 1082 nil
535 1025 657 1096 angoris
672 1025 813 1084 babebet.
954 1023 1058 1080 Nullus
1072 1029 1101 1081 et
1114 1039 1133 1080 a
1148 1029 1262 1096 quanto
1275 1026 1361 1082 tuerit
1376 1030 1492 1083 servate
1506 1026 1628 1099 periclo.

67 1120 110 1172 Ex
119 1118 178 1174 hoc
192 1129 248 1174 nos
262 1115 353 1174 etiem
366 1119 512 1187 tanquam
527 1115 565 1172 de
576 1119 671 1172 morto
685 1114 809 1172 reducto
955 1113 1122 1183 cognoscet
1136 1115 1265 1188 penitus,
1280 1114 1336 1172 nisi
1352 1113 1404 1188 qui
1418 1114 1485 1172 loca
1500 1115 1606 1174 viderit
1620 1115 1697 1189 ipsa.

67 1207 226 1272 bmtamur,
240 1203 369 1264 Domino
382 1202 527 1277 porreot's
538 1201 681 1258 laudibus
697 1202 767 1260 alto.
955 1205 1013 1258 Nos
1028 1218 1099 1259 vero
1115 1203 1226 1276 stupidi
1239 1209 1269 1260 et
1282 1203 1442 1262 tormidine
1456 1203 1612 1262 sollicitati.

138 1296 183 1351 lV.
199 1295 242 1350 De
255 1293 346 1363 (ciro
358 1293 462 1362 tempti
474 1297 550 1350 tecto
565 1293 618 1364 qui
627 1293 741 1350 corruit
754 1293 827 1350 olto.
955 1290 1051 1363 lpsius
1067 1307 1139 1348 casu
1151 1307 1188 1348 ne
1205 1291 1351 1365 templum
1362 1293 1554 1366 pollueretur.

67 1383 236 1454 ingelvinus
248 1387 313 1440 oret
325 1381 477 1452 lignorum
492 1397 588 1438 cecsor
600 1381 685 1453 apud
699 1395 765 1440 nos.
956 1379 1013 1437 Sed
1024 1379 1164 1437 nundum
1179 1381 1275 1437 luerat
1289 1381 1361 1454 quia
1374 1386 1494 1455 tempus
1513 1388 1542 1440 et
1554 1384 1630 1440 hora
1643 1382 1789 1456 loquendi
1828 1435 1839 1449 ,

67 1471 125 1538 Qui
139 1470 242 1544 templi
259 1469 363 1528 solitus
378 1468 487 1526 sarcire
501 1469 620 1526 ruentia
634 1473 721 1542 tecta,
955 1470 1070 1526 Astanti
1084 1470 1179 1526 turbae
1195 1470 1330 1528 certatim
1343 1469 1512 1542 significare

67 1561 170 1618 Ardua
185 1575 372 1632 presumens
384 1559 474 1616 etiam
490 1559 692 1618 conscendere
707 1558 804 1632 plura.
956 1559 1117 1631 ecepimus,
1129 1560 1303 1626 ascendant,
1318 1561 1447 1633 rapiant,
1457 1573 1620 1634 secumque
1630 1561 1786 1620 reducant,

67 1649 120 1704 llic
132 1649 252 1706 Pasobre
265 1649 296 1705 in
312 1648 390 1706 feriis
405 1647 507 1720 templi
522 1661 689 1720 campanen
703 1647 795 1706 adivit
917 1661 938 1716 n
955 1653 1047 1707 Nemo
1063 1647 1116 1704 sed
1128 1649 1267 1705 insanam
1282 1649 1475 1722 praesumpsit
1490 1651 1611 1724 tangere
1626 1663 1732 1708 sanus.

67 1738 150 1809 Signi
161 1737 332 1809 disruptum
346 1736 449 1794 iunom
464 1736 588 1807 religare
603 1741 727 1808 rogetus
954 1743 1065 1814 Sponte
1077 1754 1132 1796 suc
1142 1739 1265 1795 tandem
1281 1754 1400 1810 gressus
1414 1738 1501 1796 rediit
1515 1753 1569 1814 por
1583 1739 1718 1797 cosdem.

66 1827 204 1897 injuncto
216 1823 315 1882 officio
330 1824 449 1882 sibimet
463 1825 516 1882 sed
531 1824 584 1882 rite
599 1829 720 1898 peracto
953 1833 996 1885 vi.
1012 1831 1057 1885 De
1071 1827 1169 1885 sancti
1180 1827 1306 1899 famulis
1322 1843 1340 1885 a
1362 1829 1469 1885 vinetis
1483 1833 1588 1899 sponte
1599 1829 1704 1885 solutis
1721 1827 1785 1901 (rs).

66 1919 198 1973 conatur
210 1917 277 1972 tecti
292 1914 449 1987 quoddam
463 1914 604 1974 obturare
618 1914 765 1972 foramen.
1003 1919 1096 1974 vird
1114 1923 1218 1974 sancto
1229 1918 1331 1987 frater
1344 1923 1473 1974 sonatur
1485 1920 1586 1987 fratre
1600 1923 1736 1989 royocte.

67 2005 126 2062 Sed
141 2004 284 2077 deceptus
298 2019 424 2077 speque
438 2021 469 2060 se
479 2003 556 2060 bene
570 2019 660 2076 posse
675 2008 773 2062 maere
954 2008 1022 2064 Vlll.
1036 2005 1121 2073 Quod
1142 2007 1241 2061 sancti
1259 2006 1291 2060 ire
1306 2005 1384 2074 sesto
1396 2005 1511 2074 placite
1522 2007 1681 2061 cessorem
1693 2001 1786 2061 unde.

66 2092 243 2162 crediditis
254 2092 335 2148 celso
345 2092 480 2165 dilapsus
494 2092 624 2149 culmine
637 2092 740 2164 templi
953 2099 995 2151 iil.
1011 2095 1174 2151 Praedones
1189 2095 1288 2150 scorti
1306 2099 1457 2164 ceperum
1477 2093 1639 2150 accendere
1660 2089 1786 2164 iipncm.

66 2180 212 2250 Concidit,
228 2195 263 2236 sc
278 2180 397 2253 penitus
410 2181 592 2238 borrandam
613 2187 740 2238 mortem
764 2181 896 2252 obiisset,
953 2187 1002 2240 Est
1014 2183 1150 2256 quodam
1165 2181 1195 2239 ln
1211 2197 1291 2256 pago
1307 2181 1508 2238 ambianense
1522 2187 1645 2239 vocatos

65 2268 187 2325 Periclis
201 2268 232 2323 in
246 2273 365 2341 partem
378 2267 437 2325 nisi
447 2269 492 2326 vis
505 2268 609 2326 divina
620 2269 752 2328 tulisset:
953 2275 1034 2331 lions
1050 2269 1191 2327 Desiderii
1204 2269 1271 2342 (act,
1286 2269 1370 2325 vicus
1385 2270 1432 2324 eui
1446 2269 1582 2341 subjacet
1596 2283 1688 2336 unus,

66 2357 159 2428 cujus
170 2356 299 2430 porrecti
311 2356 425 2430 lapidas
440 2356 481 2413 sio
496 2355 571 2414 forte
586 2357 678 2425 tuere,
807 2401 811 2409 1
954 2360 1084 2416 Ecclesia
1099 2363 1143 2415 est
1158 2358 1244 2430 cujus
1259 2361 1353 2413 sancti
1370 2355 1427 2412 sub
1440 2357 1554 2414 bonore
1570 2355 1679 2413 dicate.

67 2449 106 2502 Ut
119 2461 174 2520 per
185 2444 343 2504 circuitum
357 2460 463 2519 poscas
473 2446 612 2503 incedere
626 2447 729 2520 templi
953 2451 1061 2506 Contra
1075 2448 1134 2509 hoc
1148 2445 1306 2503 castelium
1320 2443 1433 2502 bellum
1456 2457 1574 2519 crepere
1585 2445 1737 2518 ltoyenscs
1754 2464 1761 2501 :

66 2537 169 2593 Tutius
183 2539 276 2609 utque
290 2546 344 2608 per
357 2536 413 2592 bos
425 2535 568 2592 valuisset
581 2536 673 2607 figere
686 2551 816 2609 manus,
952 2536 1089 2593 Pluribus
1105 2540 1134 2591 ct
1146 2534 1221 2590 villis
1235 2533 1397 2610 populatis,
1411 2531 1495 2591 olcus
1509 2533 1618 2605 aditur,

67 2628 201 2698 Desuper
212 2623 389 2696 sdjunotum
405 2625 572 2681 munimem
580 2630 644 2682 crat
654 2625 826 2698 podiorum,
841 2634 896 2687 eto.
954 2626 1015 2692 Cui,
1031 2625 1106 2680 siout
1119 2622 1191 2691 dixi,
1207 2621 1354 2698 templum
1368 2623 1464 2679 sancti
1477 2623 1632 2680 retinebat.

67 2715 100 2768 V.
118 2713 202 2780 Quod
220 2713 298 2769 eicit
322 2713 463 2782 ternplum
486 2713 633 2769 scandens
652 2715 759 2770 insono
782 2715 896 2784 puello.
955 2715 1036 2771 ilune
1050 2713 1127 2770 turia
1141 2713 1259 2769 accensi
1273 2711 1432 2786 praedones
1445 2713 1671 2784 aggrediuntur,

67 2801 160 2857 Unius
172 2801 203 2858 in
216 2800 332 2858 rabiem
345 2800 441 2860 tumet
454 2817 540 2858 mens
554 2816 641 2858 verse
655 2802 773 2874 puellae,
953 2807 1017 2860 Non
1032 2801 1196 2859 dubitaturi
1210 2801 1356 2874 templum
1368 2801 1480 2859 violare
1494 2801 1622 2876 proiani.

67 2892 141 2956 Qum
154 2903 246 2947 sensu
259 2905 354 2964 pravo
369 2890 540 2947 stimulante
553 2890 672 2948 errabat
686 2891 808 2964 ubique,
954 2894 1036 2947 Forte
1049 2905 1136 2946 secus
1151 2889 1253 2964 templi
1265 2891 1318 2946 sed
1333 2889 1433 2947 stabat
1444 2905 1547 2947 cereus
1560 2901 1645 2947 eram
1662 2903 1669 2943 :

66 2979 135 3034 llaec
149 2979 225 3036 ville
238 2979 331 3036 triviis
343 2979 508 3052 peragratis
522 2983 657 3052 temporo
671 2981 776 3048 noctis,
917 3003 939 3059 ρ
953 2981 1038 3036 Hunc
1052 2985 1268 3054 praesumentes
1283 2993 1399 3053 rapere,
1413 2985 1568 3054 asportant
1579 2980 1734 3036 abeuntes.

66 3071 155 3136 Dum,
170 3068 333 3126 matutinos
345 3069 448 3140 vigiles
463 3085 597 3126 essemus
613 3070 651 3126 ad
666 3069 807 3143 hymnos
955 3071 1011 3127 Sed
1026 3074 1188 3144 postquam
1201 3067 1240 3125 ad
1254 3069 1392 3143 proprias
1405 3069 1491 3126 sedes
1499 3073 1621 3142 potuere
1632 3065 1747 3136 reverti,

68 3160 103 3213 Ut
118 3170 183 3214 mos
197 3162 251 3226 est,
265 3163 367 3231 portas
380 3159 483 3231 templi
498 3158 645 3232 aspiciens
657 3159 830 3231 patefactas,
951 3162 1048 3227 Quam
1063 3173 1165 3215 secum
1179 3157 1307 3215 tulerant
1321 3161 1436 3215 tentant
1450 3159 1612 3215 accendere
1624 3171 1724 3214 ceram
1739 3175 1746 3213 :

67 3251 159 3306 intret
171 3247 340 3303 vociferans
354 3265 389 3304 cc
399 3248 540 3304 trendens
555 3248 678 3305 horrida
691 3249 784 3306 verba
951 3248 1129 3322 Appositum
1144 3247 1199 3304 sibi
1215 3247 1267 3304 sed
1281 3259 1404 3321 prorsus
1419 3247 1461 3303 sic
1474 3247 1603 3320 reppulit
1617 3243 1729 3316 ignem,

66 3337 113 3391 Ad
128 3336 273 3409 vocisque
288 3351 397 3393 sonum
412 3342 555 3410 torquens
571 3338 696 3408 vesdgia
710 3343 830 3407 nostre,
951 3342 991 3393 Ao
1005 3339 1031 3393 si
1045 3338 1075 3392 in
1090 3337 1247 3392 materiam
1260 3329 1397 3409 lapidum
1410 3347 1558 3392 conversa
1570 3333 1682 3392 luisset.

67 3425 197 3484 Ostendit
210 3426 324 3484 malam
337 3441 405 3500 qne
422 3427 641 3485 tranmittebat
654 3429 694 3484 ad
709 3429 778 3486 elta.
952 3426 1038 3493 Quod
1045 3442 1165 3483 rursum
1179 3429 1304 3492 tentant,
1318 3441 1500 3498 rursumque
1512 3424 1622 3484 inistre
1643 3423 1784 3480 laborent

67 3517 138 3587 llius
152 3529 207 3588 per
220 3515 332 3588 &edus
346 3516 549 3573 conscendere
563 3517 664 3573 nescis
678 3518 768 3590 coepit
782 3536 789 3575 r
951 3516 1074 3573 Poenitet
1087 3517 1145 3574 boc
1157 3519 1246 3588 pecto
1261 3515 1355 3572 sancti
1371 3515 1501 3572 violasse
1516 3519 1630 3572 secrete

66 3605 124 3658 Sed
138 3609 300 3676 postquam
315 3604 408 3676 ipsius
423 3605 512 3678 coepit
522 3605 694 3674 confingere
707 3621 861 3664 summum
952 3604 1030 3674 Illos,
1045 3590 1080 3660 ac
1096 3603 1204 3660 coleres
1219 3605 1332 3676 templo
1346 3604 1465 3662 sublata
1478 3603 1641 3662 remittunt.

64 3697 121 3748 Per
133 3698 323 3764 poreotarum
339 3694 382 3750 sio
396 3693 595 3750 discurrendo
607 3699 759 3765 petrarum
952 3696 1019 3749 lieno
1034 3709 1052 3748 a
1065 3693 1218 3749 nonnullis
1233 3693 1275 3750 sio
1288 3698 1372 3762 gesta
1385 3692 1477 3748 fuisse
1490 3691 1635 3758 feruntur,

67 3785 234 3848 Praetores,
249 3781 327 3836 siout
340 3785 477 3850 moreest,
494 3779 613 3838 incessit
624 3787 789 3840 amantum.
953 3783 1096 3838 Externos
1111 3781 1251 3852 quamvis
1266 3781 1355 3837 nobis
1370 3781 1454 3837 locus
1468 3779 1517 3836 ille
1532 3779 1645 3836 luisset

104 3887 159 3958 (tlt)
175 3884 243 3943 iirec
302 3869 571 3970 atuorminreculaf,
592 3901 639 3942 ure
652 3885 725 3968 nihil
748 3885 898 3958 singulare
988 3889 1045 3960 (26)
1059 3887 1240 3944 Mrmdt'dim

68 3958 229 4026 continent,
295 3971 344 4014 ere
358 3957 468 4014 lrcstm
482 3957 573 4030 Aprrlr
626 3957 791 4016 lisndrsno.

67 4183 1773 4242 &ss

745 4382 824 4424 OERCA
845 4377 948 4423 unuin!
968 4381 1102 4424 SECULUM.

286 4557 676 4742 PAPIAS
740 4547 1562 4742 GRAMMATICUS.

670 5020 1138 5172 'normis

447 5279 556 5346 (Ornis,
572 5277 735 5344 Commeat,
748 5279 786 5336 de
799 5279 994 5352 scriptoribus
1009 5280 1036 5332 et
1051 5275 1154 5344 script.
1169 5274 1271 5332 cocles.
1288 5272 1311 5330 ll
1324 5273 1400 5344 eat.)

105 5535 434 5609 Pepiasssrammatious
447 5535 526 5592 circe
535 5551 650 5593 annum
663 5537 731 5592 {050
742 5531 850 5604 floruit,
864 5539 897 5590 ut
915 5536 937 5589 D
951 5538 984 5590 ut
997 5532 1075 5589 male
1087 5532 1285 5590 Thrithcmios
1295 5533 1326 5590 in
1336 5531 1413 5590 libro
1426 5533 1466 5588 lle
1477 5529 1670 5622 scriptoribus
1684 5529 1778 5588 ecclee

70 5627 116 5682 est
127 5623 157 5680 in
167 5625 313 5684 Chronico
323 5623 451 5684 amedei
461 5627 712 5698 memorantem
724 5637 806 5680 auno
818 5623 896 5696 1200,
952 5621 1079 5682 siesticis
1095 5622 1205 5680 scribit
1216 5621 1341 5680 elberici
1360 5620 1455 5680 verbe
1474 5623 1566 5680 eunt:
1592 5620 1681 5678 dccc
1698 5623 1778 5690 teil,
