4044 6184
667 124 823 182 adunant
850 128 877 182 S.
906 129 1046 184 eruhuit!
1069 131 1236 189 MONACHl.

141 245 1829 282 mom--m'wnn-—ss

878 391 1099 508 Buba

885 631 1094 647 Μ

501 757 1493 910 Stuuuuustuustutuiut

904 1044 937 1084 ur
957 1045 1084 1097 vrnrrrn,

429 1176 478 1239 IN
498 1176 697 1240 CONCILIO
718 1177 1021 1241 turtOVlCErvSt
1044 1179 1246 1243 CELEBRA
1257 1181 1305 1243 TO
1326 1180 1443 1243 ΑΝΝΟ
1467 1181 1552 1242 994.

246 1334 345 1409 (Apud
359 1333 470 1404 Belua,
487 1337 565 1392 Hist.
584 1337 691 1405 Putet,
708 1335 846 1409 append.
862 1351 932 1410 pag.
950 1341 1079 1412 tlt-tou,
1093 1357 1130 1396 ex
1149 1341 1250 1399 codice
1275 1345 1342 1398 t238
1356 1341 1544 1398 bibliotheca
1559 1340 1742 1414 hibertinae.)

892 1471 1106 1483 ——u-—ue-

417 1605 530 1661 SERMO
555 1603 681 1660 PRIMUS
981 1571 1006 1622 Α
1026 1569 1097 1641 prrlo
1124 1571 1297 1628 ludaeorum
1321 1570 1449 1628 sanabat
1475 1585 1598 1627 omnem
1620 1569 1799 1641 languorem
1821 1571 1852 1624 et

686 1649 691 1658 '
1023 1660 1150 1716 curabat
1164 1675 1285 1716 omnem
1301 1659 1515 1728 infirmitatem3
1529 1658 1580 1732 qui
1599 1657 1718 1714 dolores
1731 1661 1851 1714 nostros

177 1749 349 1817 Quondam,
363 1752 396 1805 ut
410 1749 491 1805 novit
501 1748 668 1806 fraternitas
689 1752 796 1817 vestra,
816 1748 970 1805 dilectissi·
1023 1747 1154 1814 abstulit,
1170 1753 1198 1806 et
1212 1749 1399 1806 infirmitates
1421 1748 1560 1822 portavit,
1587 1747 1674 1820 cujus
1699 1745 1850 1802 livoresa·

139 1839 192 1913 mi,
208 1839 328 1910 gravior
342 1838 462 1897 afflictio
479 1843 516 1908 et,
535 1843 567 1894 ut
578 1838 620 1896 ita
637 1837 747 1907 dicam
762 1839 853 1914 plaga
867 1839 970 1913 plaga·
1022 1838 1085 1894 nati
1098 1839 1231 1894 sumus?
1260 1840 1281 1894 0
1303 1837 1420 1894 claritas
1437 1837 1660 1909 episcoporum,
1689 1835 1781 1893 decus
1797 1836 1851 1890 Ec·

139 1945 208 1988 rum
221 1928 384 2003 peremnia
403 1927 658 1985 lemovicensium
687 1927 877 1986 crassabatur
902 1929 969 1986 loca
1023 1926 1193 1998 etesiarum,
1213 1927 1266 1984 uhi
1280 1933 1324 1983 est
1338 1927 1421 2000 quod
1452 1926 1580 1997 legimus
1607 1931 1634 1982 te
1648 1925 1680 1983 in
1694 1923 1849 1983 coenami·

140 2023 169 2076 ct
181 2034 236 2093 per
250 2017 325 2075 alias
338 2018 370 2075 in
383 2017 507 2075 circuitu
532 2016 674 2084 civitates,
690 2016 818 2091 ideoque
842 2018 882 2076 ad
899 2019 969 2076 bea-
1022 2017 1149 2074 nistrurn
1165 2017 1322 2076 salvatoris
1335 2017 1439 2085 luisse,
1459 2016 1583 2090 quando
1596 2016 1658 2072 suis
1672 2015 1765 2091 pedes
1779 2013 1851 2070 lavit

140 2113 205 2168 tum
218 2107 378 2166 Martialem
392 2125 454 2164 sure
471 2107 574 2164 salutis
588 2106 843 2164 medicamentum
869 2109 968 2166 omnis
1022 2107 1176 2180 discipulis
1195 2109 1208 2164 ἱ)
1224 2110 1245 2164 0
1261 2107 1396 2164 minister
1407 2105 1535 2179 pietatis,
1550 2106 1603 2162 ubi
1618 2111 1662 2162 est
1679 2103 1763 2178 quod
1777 2102 1849 2174 legi-

141 2196 334 2268 eonlugiebat
345 2196 485 2272 populna,
510 2212 604 2271 quam
619 2195 739 2270 plebem
767 2196 927 2254 districtius
937 2198 968 2255 iu
1022 2201 1070 2253 tur
1085 2201 1111 2253 te
1127 2212 1145 2253 a
1160 2195 1286 2253 Domino
1302 2212 1371 2251 oum
1386 2195 1450 2252 aliis
1464 2193 1792 2269 apostotispotestatem
1805 2207 1852 2248 uc-

140 2285 281 2362 prassenti
294 2286 445 2344 miseratio
466 2285 635 2357 castigabat
649 2301 791 2359 superna,
821 2291 853 2344 ut
872 2287 970 2345 ceteri
1023 2287 1138 2362 cepisse
1149 2286 1264 2358 ligandi
1276 2290 1366 2360 atque
1382 2284 1519 2342 solvendi
1532 2284 1545 2340 l
1559 2284 1648 2341 Nobis
1659 2282 1786 2340 certeab
1800 2297 1852 2338 an·

141 2374 442 2445 timoremhaharent‚
458 2391 513 2432 ncc
527 2374 836 2448 inobedientesjussis
855 2376 969 2451 episco-
1023 2377 1113 2450 liquis
1128 2376 1270 2434 traditum
1281 2381 1325 2432 est
1337 2375 1472 2432 Patribus
1497 2375 1607 2432 nostris
1633 2389 1724 2430 omne
1755 2377 1782 2428 te
1797 2371 1850 2428 do-

141 2479 252 2538 porum
269 2463 632 2522 essentinecclesiasticis
661 2464 789 2538 statutis,
813 2470 841 2522 et
865 2481 903 2523 ne
929 2465 970 2524 illi
1022 2483 1097 2524 num
1126 2467 1291 2537 gradacum
1320 2483 1389 2522 cum
1419 2465 1483 2522 aliis
1510 2463 1664 2538 accepisse
1697 2461 1851 2536 apostolis.

142 2552 195 2626 qui
206 2553 408 2628 puniebantur
422 2559 533 2612 aterna
561 2553 756 2628 postmodum
772 2553 970 2626 plecterentur
1024 2555 1185 2622 Quidiliud
1199 2555 1309 2624 dicam,
1325 2571 1342 2612 c
1358 2570 1527 2630 pauperum
1541 2551 1733 2626 exspectatio,
1761 2550 1852 2607 mise-

141 2641 263 2702 ultioue.
273 2645 315 2701 De
328 2643 438 2701 talibus
448 2643 591 2700 nimirum
605 2644 749 2716 scriptum
763 2648 808 2701 est
822 2661 828 2700 :
844 2666 858 2694 α
875 2645 969 2711 Quem
1023 2661 1126 2702 rorum
1139 2644 1302 2702 consolatio
1318 2645 1331 2700 l
1348 2649 1450 2701 Nonne
1462 2659 1568 2700 verum
1584 2647 1721 2700 tenemus
1733 2640 1853 2698 luisses

141 2731 237 2804 diligit
247 2732 391 2790 Dominus
405 2731 526 2806 corripit
543 2749 550 2800 ;
573 2732 704 2804 tlegellat
718 2737 819 2790 autern
847 2749 970 2790 omnem
1023 2738 1052 2790 te
1064 2732 1261 2790 uostroesedis
1271 2732 1468 2802 Burdegalanr
1483 2731 1590 2789 urbem
1601 2733 1660 2787 lieo
1674 2728 1853 2804 acquisitam

141 2819 236 2876 filium
248 2836 340 2892 quem
355 2819 468 2892 recipit.
484 2843 497 2870 u
514 2822 547 2876 ut
561 2819 670 2877 Paulus
681 2819 740 2877 alt:
758 2843 773 2870 u
788 2821 873 2887 Quod
884 2821 908 2878 si
921 2838 969 2877 ex·
1024 2823 1052 2874 et
1066 2819 1107 2875 tui
1120 2835 1173 2892 per
1187 2820 1343 2878 mulierem
1360 2836 1378 2877 a
1397 2825 1425 2877 te
1454 2819 1634 2894 baptizatam
1659 2817 1851 2891 impositione

141 2913 188 2966 tra
201 2908 392 2982 disciplinam
410 2908 490 2979 estis,
505 2909 593 2980 cujus
607 2909 658 2966 tittt
669 2909 767 2968 estis?
794 2914 871 2982 Ergo
886 2911 968 2968 adul·
984 2935 1006 2988 Β
1024 2907 1124 2964 baculi
1137 2909 1305 2983 principem
1318 2909 1442 2966 civitatis
1461 2909 1604 2966 continuo
1616 2924 1635 2965 a
1646 2906 1754 2964 morbo
1768 2922 1854 2963 cura·

142 2997 240 3054 teriet
259 2997 481 3055 nontiliicstis.
499 3001 570 3054 ltem
592 2999 758 3073 propheta:
789 3000 972 3072 «castigans
1024 2999 1258 3073 tumpessimor
1274 2999 1489 3073 Nunquidnon
1518 2999 1548 3055 in
1570 2997 1677 3056 eadem
1701 2995 1774 3053 urbe
1802 3000 1853 3052 tuo

141 3085 351 3159 castigavitme
367 3087 511 3145 Dominus
524 3093 552 3145 et
564 3089 652 3146 morti
667 3105 729 3146 non
740 3090 861 3148 tradidit
880 3107 938 3148 me.
955 3115 970 3142 »
1026 3086 1157 3158 sopitum
1172 3091 1215 3142 est
1230 3087 1339 3144 haculo
1349 3087 1521 3144 incendium
1533 3086 1691 3143 aestuans?
1719 3088 1812 3156 Rogo,
1829 3083 1855 3140 si

140 3173 226 3241 Quod
240 3175 392 3246 tlagellum
409 3177 523 3252 populo
543 3179 747 3236 lemovicensi
762 3196 824 3236 non
843 3180 883 3236 ud
898 3197 971 3238 oon·
1025 3175 1064 3230 oh
1079 3175 1174 3248 plebis
1188 3179 1303 3232 reatum
1319 3175 1396 3248 ignis
1409 3176 1448 3232 ab
1459 3193 1509 3233 ore
1524 3181 1574 3232 tuo
1590 3175 1649 3232 exit
1663 3173 1715 3248 qui
1727 3173 1854 3231 devorat

140 3264 353 3339 sumptionem,
364 3266 417 3322 sed
425 3267 463 3323 ad
479 3269 694 3325 correctionem
708 3269 883 3341 provenisse
898 3285 970 3326 con·
1024 3263 1161 3319 inimicos
1177 3268 1253 3332 tuos
1271 3270 1370 3322 tamen
1382 3271 1408 3321 to
1429 3282 1493 3323 esse
1508 3265 1630 3323 ostende
1645 3265 1710 3336 ejus
1720 3262 1852 3338 discipu-

139 3359 206 3426 stat,
221 3355 295 3412 dum
308 3356 366 3412 hac
380 3355 417 3412 de
438 3373 533 3412 eausa
558 3362 666 3413 cuncta
691 3372 763 3428 gens
792 3358 971 3430 Aquitanica
1024 3351 1234 3426 lumquisons
1263 3355 1474 3412 misericordia
1502 3360 1555 3414 est.
1579 3357 1686 3413 Coram
1709 3353 1853 3410 omuibus

138 3443 342 3517 poenitentiam
352 3459 407 3515 pro
419 3444 587 3500 commissis
595 3445 695 3516 agitet
704 3445 894 3503 sacerdotum
908 3463 971 3504 mo
1024 3441 1193 3497 astantibus
1207 3441 1237 3498 in
1251 3445 1372 3501 veritate
1385 3445 1480 3502 lateor
1493 3445 1575 3519 quia,
1588 3443 1647 3501 nisi
1665 3445 1754 3516 hanc,
1768 3446 1852 3498 ante·

138 3529 207 3588 uitis
220 3529 444 3604 obtemperans,
461 3531 522 3589 tilia
538 3533 621 3606 pacis
642 3537 686 3590 est
707 3533 796 3606 tacta,
816 3535 889 3608 quta
909 3551 970 3610 pax
1024 3546 1116 3602 quom
1131 3530 1171 3587 ab
1184 3531 1241 3588 hae
1260 3549 1410 3590 recessero
1426 3533 1500 3590 urbe
1513 3533 1543 3590 in
1557 3533 1605 3590 his
1623 3532 1675 3606 qui
1690 3535 1853 3606 presentes

139 3620 350 3694 cpiscoporum
366 3637 534 3694 supeream
545 3621 698 3695 requievit.
730 3623 769 3692 Si,
801 3623 967 3697 inquitno-
1024 3635 1104 3676 nunc
1120 3625 1197 3688 sunt,
1208 3621 1378 3679 restinxeris
1397 3622 1566 3688 flammam,
1581 3622 1638 3678 nisi
1653 3622 1744 3679 istam
1760 3619 1853 3678 tribu·

140 3709 242 3766 minus
256 3710 416 3784 Apostolls,
433 3709 473 3766 ibi
488 3708 576 3767 fuerit
588 3711 666 3767 lilius
680 3712 773 3785 pacis,
801 3713 967 3786 requiescet
1021 3705 1147 3764 lentium
1164 3709 1385 3768 multitudinem
1400 3728 1417 3768 a
1433 3716 1460 3768 te
1485 3711 1589 3768 videro
1616 3714 1763 3780 curatam,
1790 3724 1853 3766 uon

142 3812 233 3875 super
247 3799 332 3858 illum
346 3813 407 3874 pan
420 3806 540 3869 restra3
557 3803 602 3857 sin
613 3805 725 3870 autem,
740 3801 779 3859 ad
802 3819 856 3860 vos
871 3820 967 3861 rever·
1022 3797 1122 3854 credet
1137 3797 1214 3856 ultra
1228 3816 1314 3856 mens
1328 3816 1397 3858 mea
1408 3799 1456 3858 his
1475 3801 1622 3874 quadete
1635 3797 1853 3870 legomagniti·

138 3893 223 3947 tetur.
240 3891 280 3946 Eo
294 3904 366 3946 vero
382 3895 588 3964 temporeque
603 3890 667 3946 hcc
688 3890 766 3947 lacta
782 3897 860 3962 suut,
884 3898 967 3950 aute·
1022 3903 1068 3958 ca,
1081 3903 1137 3946 nec
1152 3888 1275 3946 ulterius
1292 3895 1376 3947 tuum
1392 3890 1519 3948 adhanc
1533 3890 1682 3948 civitatem
1695 3905 1745 3946 ero
1761 3903 1852 3961 expe·

138 3977 280 4053 quemad
296 3977 396 4038 locum
411 3981 537 4038 llontem
552 3979 657 4037 Gaudii
673 3996 782 4054 corpus
807 3983 968 4040 saeratissi-
1022 3977 1128 4034 titurus
1141 3979 1351 4051 patrocinium.
1364 3984 1482 4038 Frustra
1493 3981 1568 4038 mihi
1580 3978 1780 4054 appellaberis
1794 3981 1852 4035 lio-

138 4069 476 4126 mumtransrehcretur
491 4070 660 4142 Aquitanici
688 4072 817 4145 patroni,
846 4071 969 4144 contigit
1022 4065 1094 4122 mini
1111 4067 1290 4142 di⁵⁰ill11¹1¹³‚
1304 4069 1457 4127 incassum
1487 4069 1560 4126 mihi
1586 4067 1743 4127 V008b01'i8
1774 4067 1854 4125 0⁰⁰5·

136 4157 202 4227 jam
213 4156 373 4219 advenisse
387 4157 424 4213 ad
437 4158 588 4230 synodum
605 4160 846 4218 Lemovicensem
863 4163 968 4219 Bardi.
1022 4155 1091 4211 dura
1104 4157 1185 4227 genti
1199 4172 1217 4213 a
1230 4161 1289 4214 lieo
1299 4157 1427 4214 directus
1447 4157 1611 4231 apostolus,
1623 4157 1680 4214 uisi
1701 4156 1733 4213 in
1757 4155 1854 4212 oculis

141 4244 378 4318 galensieurhis,
394 4247 451 4304 hoc
473 4251 517 4304 est
544 4249 684 4304 secundus
712 4251 878 4324 Aquitanica
906 4269 968 4310 me·
1022 4247 1097 4303 ureis
1113 4247 1270 4303 comitetur
1285 4247 1495 4304 misericordiae
1519 4247 1652 4304 effectus.
1682 4249 1719 4303 le
1746 4261 1853 4303 omnes

140 4333 364 4406 tropolitanum,
379 4335 466 4406 crrjus
485 4335 560 4392 fides
576 4337 702 4392 tacenda
721 4354 783 4395 non
810 4345 864 4397 est.
893 4343 967 4398 Cum
1022 4335 1189 4410 Aquitani&
1204 4337 1415 4406 monarchum,
1441 4341 1468 4394 10
1494 4337 1614 4412 plebem
1642 4335 1690 4394 ⁰¹11
1705 4335 1853 4411 lll'aesideo

141 4421 222 4480 enim
237 4421 282 4480 sol
308 4423 468 4482 occidisset
489 4423 600 4498 etipse
628 4426 874 4500 metropolitanus
899 4435 967 4488 ante
1022 4425 1275 4496 Burdogalensem
1290 4425 1444 4499 baptismo
1459 4425 1584 4484 tinxisse
1598 4425 1671 4484 mihi
1683 4424 1714 4482 in
1738 4440 1853 4484 venum

144 4511 267 4570 beatum
288 4513 450 4572 Martialem
462 4514 502 4572 ab
516 4513 650 4572 oratione
662 4517 849 4586 surrexisset,
878 4521 969 4594 coepit
1022 4515 1270 4592 pronuntiabunt,
1284 4515 1342 4572 nisi
1356 4516 1439 4590 quod
1450 4533 1502 4574 oro
1528 4532 1583 4592 pro
1612 4516 1708 4574 salute
1723 4515 1853 4573 dolentis

142 4599 287 4660 divertere
302 4601 340 4659 ad
355 4601 529 4676 hospitium,
545 4603 597 4660 sed
621 4603 791 4662 ardentium
819 4606 968 4664 ululatum
1022 4605 1113 4677 hujus
1127 4603 1325 4662 multitudinis
1336 4605 1546 4680 impetravero.
1561 4605 1649 4678 Virga
1665 4607 1726 4674 tua,
1742 4621 1811 4680 quae
1819 4603 1852 4661 in

142 4691 272 4764 graviter
285 4691 384 4750 serens
407 4697 436 4749 et
459 4691 582 4750 fetorem
598 4693 814 4752 intolerabilem
829 4695 970 4770 ignisqui
1023 4695 1097 4752 urbe
1113 4695 1191 4752 sedis
1207 4711 1283 4751 meae
1295 4711 1352 4768 pro
1366 4696 1647 4770 pretiosohactenus
1663 4693 1852 4752 custodieba-

142 4781 180 4838 de
190 4783 369 4840 miserorum
380 4783 547 4857 vaporabat
559 4784 745 4856 corporibus,
769 4784 800 4842 in
815 4786 927 4856 gemitu
941 4791 969 4844 et
1024 4785 1226 4857 turthesauro,
1238 4784 1384 4842 mihivilis
1394 4784 1667 4852 aestimabitur‚nisi
1683 4801 1733 4842 cor
1748 4800 1853 4842 meum

143 4871 173 4928 iu
192 4870 333 4946 lacrymis
347 4889 559 4946 prorumpens,
582 4873 710 4930 extensis
738 4875 879 4932 manibus
901 4892 972 4934 con·
1024 4874 1223 4932 exhilaratum
1237 4873 1274 4931 de
1294 4874 1413 4931 medela
1422 4874 1548 4932 istorum
1560 4873 1734 4931 reddideris.
1759 4896 1774 4926 s
1802 4872 1852 4929 llis

145 4963 190 5016 tra
205 4961 331 5033 apostoli
351 4962 532 5036 sepulcrum,
547 4961 772 5021 clamavitvoce
791 4980 913 5036 magua,
927 4965 970 5022 di·
1024 4965 1170 5039 peroratis
1196 4963 1236 5022 ad
1267 4964 1430 5037 hospitium
1457 4964 1703 5039 archiepiscopus
1720 4962 1851 5021 recessit.

145 5063 216 5104 cens
232 5066 239 5104 :
255 5071 269 5098 «
284 5051 306 5106 0
321 5056 425 5124 pastor
439 5056 468 5108 ct
483 5050 666 5110 illuminator
681 5052 910 5126 ttqrritanorum,
923 5071 971 5112 ex·
1026 5057 1093 5111 Erat
1108 5058 1209 5112 autem
1216 5069 1271 5129 per
1284 5057 1376 5111 totam
1388 5051 1495 5109 urbem
1507 5052 1586 5109 intus
1598 5056 1627 5109 et
1636 5051 1707 5110 loris
1718 5051 1853 5108 virorum

146 5152 233 5208 surge
247 5137 278 5194 in
291 5139 471 5210 adjutorium
486 5141 590 5214 populi
604 5141 655 5199 tui.
683 5145 740 5200 Cur
758 5142 902 5200 dormitas
917 5144 971 5202 mi-
1025 5147 1054 5201 et
1064 5143 1224 5200 mulierum
1235 5159 1298 5217 proe
1324 5141 1426 5198 dolore
1450 5141 1634 5214 gementium
1659 5141 1775 5199 clamor
1789 5140 1853 5197 sine

146 5226 220 5284 seris
235 5228 241 5284 l
257 5231 329 5284 Tam
343 5228 467 5299 tristem,
489 5247 574 5303 rogo,
604 5231 688 5290 auter
702 5232 912 5305 calamitatem,
927 5235 971 5293 in·
1024 5234 1137 5307 requie,
1152 5239 1180 5292 et
1194 5234 1268 5292 letor
1280 5230 1487 5302 intolerabilis,
1503 5230 1556 5305 qui
1568 5231 1606 5288 de
1632 5231 1772 5288 incendio
1786 5245 1853 5288 cor·

145 5317 274 5376 tornales
286 5317 342 5374 has
364 5333 491 5388 regnare
512 5336 616 5393 paenas
642 5339 704 5381 non
728 5323 858 5398 amplius
884 5326 971 5398 juxta
1024 5339 1134 5397 porum
1148 5323 1319 5382 exhalabat.
1335 5325 1408 5379 Tum
1424 5337 1492 5378 ecce
1504 5320 1571 5394 ipsa
1585 5321 1686 5379 media
1700 5325 1787 5378 nocte
1801 5335 1854 5394 ap-

146 5423 256 5482 eorpus
284 5410 369 5464 tuum
394 5408 556 5480 permittas.
587 5411 609 5466 0
637 5412 784 5482 lturtialis,
814 5414 970 5486 speculum
1024 5415 1125 5487 paruit
1139 5415 1260 5486 signum
1276 5411 1532 5488 superbasilicam
1547 5411 1642 5469 sancti
1654 5411 1739 5480 Petri,
1751 5411 1781 5468 in
1792 5425 1853 5485 qua

146 5497 299 5565 virtutum,
320 5497 633 5572 oprincepsPatrum,
653 5501 705 5557 uhi
728 5507 772 5559 est
795 5503 876 5576 quod
902 5503 971 5575 legi·
1025 5501 1104 5559 treati
1132 5501 1268 5560 llartialis
1308 5501 1480 5574 sepulcrum
1520 5515 1584 5557 esse
1623 5499 1749 5557 videtur.
1777 5502 1853 5557 Nam

146 5601 216 5644 mus
231 5589 258 5642 te
277 5585 306 5643 in
322 5583 586 5666 carneiuisseejus
609 5587 790 5670 discipulum
804 5591 857 5666 qui
872 5589 901 5648 in
915 5607 971 5666 po·
1025 5591 1215 5650 cernentibus
1253 5590 1420 5650 innumeris
1449 5589 1503 5648 sed
1532 5589 1603 5649 diro
1623 5589 1794 5664 jacentibus
1819 5589 1852 5648 in
