3996 6178
227 199 294 253 ll8³
695 198 722 254 S.
744 198 949 254 Gontrttttttttt
968 195 1127 252 EPlSCOPl
1146 193 1469 252 ttttttustttttuuttsts.
1870 201 1926 256 titt

225 321 283 377 tius
311 319 430 377 familiar
455 317 661 376 detestabilem
690 319 802 377 ademit
828 319 995 388 infamiam,
1025 321 1054 374 et
1068 318 1092 371 Α
1108 315 1313 388 apostolorum
1342 316 1479 390 tendens,
1507 315 1581 373 feria
1606 315 1693 373 tertia
1718 321 1784 374 ante
1816 321 1926 378 Coenau

226 407 428 483 quorumlibet
442 423 611 480 pauperum
623 408 661 464 ad
677 425 708 466 sa
719 425 842 484 quoquo
857 408 949 466 modo
964 407 1054 482 perti-
1108 403 1227 462 Domini
1242 407 1370 462 Romam
1384 405 1463 462 felici
1476 405 1674 480 prosperitate
1698 405 1835 476 gaudens
1851 409 1927 466 iutra·

226 497 360 555 nentium
374 495 424 568 pia
439 496 597 554 clementia
612 498 1053 570 sedavitindigcntiam.hujus,
1107 493 1159 564 vit,
1171 498 1200 550 et
1213 494 1244 550 in
1265 501 1369 553 sancta
1391 495 1626 552 Resurrectionis
1649 495 1765 553 Domini
1784 497 1835 552 die
1857 515 1928 556 coro

224 588 360 664 inquam,
375 586 512 660 exemplo
525 587 638 660 praesul
661 591 763 644 noster
783 587 939 658 satagebat
949 587 1054 660 inopes
1107 599 1181 639 nam
1192 583 1355 658 imperialis
1374 583 1499 641 honoris
1514 601 1532 641 a
1546 583 1636 641 heato
1649 587 1763 642 toanne
1787 589 1928 660 apostole

224 674 336 748 ubique
349 691 468 749 semper
481 675 639 745 consolari,
669 679 717 734 cui
745 683 773 734 et
801 677 883 748 cordi
908 681 972 734 erat
985 693 1055 734 cum
1107 689 1176 729 rum
1203 673 1314 730 vicario
1343 672 1472 744 gloriose
1497 672 1638 748 percepit.
1661 673 1732 732 lude
1753 674 1785 731 in
1805 677 1930 748 proxime

225 763 333 821 talibus
348 763 487 838 colloqui,
504 781 574 821 cum
587 766 629 822 eis
644 765 829 824 ludificando
841 769 870 824 et
882 765 972 824 etiam
984 781 1055 823 con·
1108 762 1264 820 Dominica
1287 777 1459 834 regressae,
1487 779 1522 820 ac
1545 777 1675 836 pervasa
1704 763 1929 839 circumquaque

223 853 356 910 vivendo
366 853 529 925 jucundari
1108 851 1284 925 potestative
1299 867 1335 909 ea
1349 852 1481 924 regione,
1494 851 1525 908 ia
1539 867 1616 926 paee
1629 851 1813 925 repatriavit,
1826 859 1855 910 et
1867 856 1929 911 nati-

259 947 304 999 rt.
326 946 366 1000 Eo
381 943 471 1000 etiam
491 959 582 1012 anno,
608 948 685 1002 certe
713 962 730 1002 a
759 946 913 1004 Nativitale
939 944 1055 1003 Domini
1109 940 1230 997 vitatem
1244 940 1339 996 saneti
1353 940 1477 998 loannis
1490 939 1629 1014 Baptistae
1644 939 1800 1014 imbripoli
1813 941 1866 1014 (49)
1887 959 1929 998 no

228 1036 305 1104 tuat,
320 1034 377 1108 pire
393 1034 546 1090 memoriae
560 1035 701 1092 tierricus
716 1037 888 1110 imperator,
896 1035 1056 1092 ordinatio·
1109 1046 1163 1086 vus
1179 1029 1341 1102 imperator
1357 1029 1526 1102 celebravit,
1542 1029 1594 1086 ubi
1616 1034 1645 1086 et
1658 1030 1803 1086 defuncto
1818 1031 1847 1086 in
1861 1030 1929 1086 bona

224 1123 272 1178 nis
287 1123 348 1178 suae
364 1137 447 1178 anno
467 1127 511 1190 23,
538 1123 577 1179 ad
607 1124 757 1181 Christum
786 1125 941 1197 migravit3
970 1126 1056 1197 cujus
1111 1122 1262 1176 senectute
1278 1118 1735 1191 ttenrieodueessajoartae,fitto
1752 1119 1928 1177 suodomino

225 1212 338 1285 quippe
354 1212 452 1268 obitus
468 1216 561 1269 totam
584 1213 801 1270 Christianismi
826 1216 968 1285 laetitiam,
990 1231 1057 1288 quse
1111 1208 1238 1264 Hentico
1266 1207 1409 1264 eumdem
1429 1209 1584 1276 ducatum,
1616 1207 1792 1283 principum
1818 1209 1927 1277 delectu,

226 1299 282 1356 sub
298 1316 333 1355 ec
348 1299 458 1368 floruit,
473 1300 588 1357 flehiter
603 1303 802 1360 conturbavit.
826 1305 877 1361 Cui
892 1304 1056 1361 succedens
1111 1297 1344 1354 commendavit.

225 1388 270 1445 vir
297 1388 406 1444 nobilis
429 1393 457 1445 et
486 1393 625 1446 strenuus
651 1391 817 1460 Conradus,
841 1392 973 1465 primum
994 1407 1057 1447 suae
1146 1387 1338 1445 retortam
1354 1403 1434 1444 auno
1449 1387 1541 1443 aribo
1564 1387 1753 1458 ltagontinus
1778 1391 1927 1445 macone

226 1478 372 1534 felicitatis
386 1478 543 1536 annrrmin
560 1478 660 1535 Natale
691 1480 807 1536 Domini
834 1480 937 1538 hindre
960 1481 1056 1537 initia·
1110 1477 1197 1532 vordi
1221 1476 1382 1534 concilium
1409 1476 1518 1550 synodi
1546 1476 1737 1548 coadunavit,
1770 1478 1926 1552 presidente

225 1567 285 1637 vit;
309 1568 378 1624 inde
402 1573 470 1641 post
499 1569 697 1641 Epiphaniam
722 1569 930 1626 hildeneshein
953 1571 1056 1626 venit:
1110 1568 1290 1641 imperatore
1317 1583 1387 1624 cum
1415 1567 1563 1642 episeopis
1583 1567 1688 1638 viginti
1712 1567 1822 1641 tribus,
1843 1569 1926 1642 inquo

226 1657 266 1712 ibi
294 1657 383 1712 etiam
410 1656 571 1729 praedictus
602 1657 690 1713 aribo
719 1659 973 1732 archiepiscopus,
1006 1659 1093 1732 quiq
1111 1657 1357 1713 iterumheatum
1369 1657 1466 1714 virum
1477 1656 1737 1714 Godehardumda
1753 1657 1927 1733 sapiuspra-

226 1747 342 1803 vivente
360 1746 539 1819 imperatore
558 1746 623 1817 jam
646 1762 700 1818 per
728 1746 873 1803 biennum
897 1747 1057 1818 obmutuit,
1112 1745 1254 1802 ventilata
1267 1762 1360 1802 causa
1374 1761 1458 1803 more
1472 1762 1527 1802 suo
1553 1745 1747 1820 inquietavit;
1778 1747 1821 1802 ibi
1840 1747 1926 1820 presul

226 1836 333 1890 iterum
361 1835 483 1889 inventa
509 1835 665 1891 occasione
696 1835 818 1891 beatum
847 1836 1058 1893 Godehardum
1113 1842 1213 1892 noster
1228 1835 1360 1906 tandem,
1387 1851 1508 1892 summa
1530 1835 1660 1904 veritate,
1690 1851 1762 1909 quaa
1791 1840 1862 1892 Deus
1886 1843 1925 1900 est

228 1939 319 1995 super
334 1923 538 1978 Gaudershein
553 1923 717 1996 inquietare
733 1925 832 1997 ooepit,
849 1942 943 1998 quam
958 1931 1059 1982 tamen
1114 1925 1273 1982 miserante
1298 1924 1409 1999 pariter
1436 1929 1465 1982 et
1490 1924 1664 1996 adjuvante,
1684 1925 1876 1998 episcopatus
1894 1926 1925 1978 sui

228 2013 293 2085 ejus
306 2013 560 2068 machinationem
575 2029 673 2068 novus
689 2030 740 2069 rex
755 2014 919 2087 primatum
935 2016 1059 2072 consilio
1113 2014 1325 2088 proprietatem
1342 2017 1540 2087 superlatum
1555 2013 1847 2071 Gaudersheimense
1864 2013 1926 2070 terri·

228 2101 354 2158 diremit.
369 2101 474 2174 Sicque
490 2117 541 2157 rex
556 2107 714 2174 peragrata
729 2104 946 2176 compendioso
957 2105 1059 2161 itinere
1115 2104 1235 2170 lorium,
1251 2103 1424 2160 testimonio
1439 2108 1553 2176 septem
1568 2103 1795 2177 episcoporum,
1809 2105 1856 2178 qui
1869 2121 1925 2176 pre

230 2191 369 2254 Saxonia,
402 2191 657 2264 quadragesimali
692 2198 825 2266 tempore
851 2209 905 2267 per
934 2193 1060 2249 Thurin·
1115 2193 1226 2248 dictam
1242 2193 1412 2266 pactionem
1427 2193 1458 2248 in
1473 2192 1689 2250 Gendersheim
1704 2197 1733 2250 et
1748 2194 1896 2250 audierant
1906 2201 1926 2246 et

229 2280 319 2351 giam,
336 2280 554 2353 Franciamque
570 2283 669 2354 thou,
690 2283 901 2354 frankoniam]
916 2283 947 2339 in
960 2284 1061 2354 Baj0a-
1115 2282 1262 2350 videraut,
1276 2282 1420 2339 canonice
1435 2282 1571 2352 detinuit,
1592 2282 1703 2340 scilicet
1724 2285 1861 2339 Brunone
1881 2287 1925 2336 hu·

227 2371 304 2426 riam
319 2386 507 2443 progressae,
523 2372 728 2443 Reginesburg
742 2374 965 2446 (hemersburg)
990 2389 1061 2430 san·
1116 2371 1249 2441 gratensi
1264 2371 1472 2436 concionante,
1488 2370 1648 2427 Wernhero
1663 2371 1873 2442 argentinense
1886 2371 1923 2424 de-

229 2466 309 2517 ctum
321 2461 435 2517 Pascha
449 2461 613 2518 honorilice
629 2461 761 2530 feriavit;
786 2468 815 2520 et
825 2480 860 2520 ea
875 2468 976 2521 aestate
991 2480 1060 2537 par·
1116 2463 1263 2526 cernente,
1278 2458 1344 2531 ipso
1360 2474 1431 2515 vero
1445 2457 1679 2532 Metropolitano,
1691 2474 1767 2515 vere
1779 2459 1922 2526 invitare

229 2554 272 2612 tes
287 2550 441 2621 Dajoarim,
470 2549 594 2618 Sueviae,
619 2556 647 2607 et
671 2552 904 2608 Karentinorum
919 2569 989 2609 cum
1005 2553 1060 2609 cir·
1114 2547 1146 2603 bi
1162 2546 1211 2602 Dei
1224 2546 1327 2603 hanno
1342 2545 1521 2604 affirmante.
1549 2546 1583 2602 Hi
1604 2545 1685 2604 enim
1709 2554 1800 2605 erant
1816 2547 1919 2621 episcopi

230 2639 461 2710 cumjaceutium
473 2639 834 2711 provinciarumtcrminis
848 2641 1060 2713 pertransiens,
1116 2635 1168 2710 qui
1183 2634 1292 2691 seniori
1311 2641 1413 2692 nostro
1436 2652 1524 2692 suum
1548 2637 1767 2706 testimonium,
1789 2637 1866 2694 sicuti
1884 2652 1921 2692 au-

229 2726 364 2785 Natalem
376 2727 492 2784 Domini
509 2728 607 2784 Leodii
618 2727 788 2797 celebravit,
814 2731 853 2786 ad
878 2730 1060 2786 Puriilcatio-
1116 2724 1233 2781 dietant
1246 2729 1274 2780 el
1286 2724 1432 2793 viderant,
1447 2724 1650 2798 prebuerunt,
1666 2723 1697 2783 id
1717 2733 1763 2784 est
1776 2731 1866 2783 Bruno
1877 2730 1920 2779 tu·

230 2833 300 2874 nem
314 2833 383 2872 vero
398 2821 507 2872 sancte
523 2817 618 2874 haria
633 2823 773 2887 auguste
785 2820 912 2888 mausit;
925 2820 995 2876 inde
1008 2820 1062 2876 iter
1117 2813 1267 2885 guatensis
1282 2813 1451 2887 episcopus,
1468 2813 1656 2870 Everhardus
1670 2815 1861 2888 [Ebehardus]
1881 2815 1921 2868 Ba·

231 2922 320 2961 suum
334 2905 373 2961 ad
388 2910 487 2977 partes
502 2905 590 2961 italice
610 2905 739 2970 direxit;
760 2913 788 2963 et
811 2909 984 2981 proximum
1009 2913 1061 2966 Pa·
1116 2902 1329 2974 venhergensis
1354 2902 1740 2976 episcopus,ttcint1ardus
1765 2903 1923 2961 werciburh-

231 2993 304 3048 sehe
319 2992 455 3048 vecellis
468 3008 611 3066 prospere
627 2993 797 3065 celebravit,
810 3001 838 3054 et
851 2997 892 3053 tte
907 2998 1062 3068 contiguas
1076 3032 1097 3085 c
1119 2992 1217 3062 gensis
1233 2990 1490 3063 [wirzburgensis]
1501 2991 1671 3066 episcopus,
1682 2994 1864 3050 meinwercus
1871 2993 1923 3047 aar·

231 3082 467 3156 circumquaque
482 3083 619 3154 regiones
634 3084 756 3142 innovo
772 3087 853 3157 regio
867 3087 973 3145 decore
993 3089 1063 3145 visi·
1118 3080 1364 3138 lherbtllmlesssis
1380 3078 1654 3154 [Pederbornensis]
1670 3082 1835 3156 episeopus,
1857 3082 1922 3150 Sige-

231 3171 331 3234 tande,
349 3171 529 3244 peragravit.
553 3173 647 3229 'fertio
676 3190 797 3247 quoque
823 3192 878 3232 suo
903 3193 984 3234 anno
1006 3179 1063 3250 (45)
1117 3169 1220 3225 bertus
1235 3168 1394 3225 Missdensis
1407 3168 1577 3243 episcopus,
1603 3169 1805 3228 HildOWflrdtls
1823 3175 1873 3238 (5⁰)
1891 3167 1922 3224 Ci-

232 3259 343 3333 presul
357 3265 459 3317 noster
478 3263 605 3317 hontcm
633 3261 803 3334 speciosum
829 3264 860 3319 in
885 3264 1064 3322 occidentali
1113 3257 1393 3329 'zeusistcitizensist
1408 3257 1580 3332 episeopus,
1597 3257 1921 3328 Brunollersburssesssis·

231 3354 315 3424 parte
331 3349 456 3406 civitatis
470 3349 598 3406 incolere
626 3353 725 3424 coepit,
753 3369 844 3425 quem
868 3354 972 3426 quinto
995 3359 1064 3427 post
1153 3349 1197 3403 30·
1219 3345 1345 3403 Pulchra
1360 3347 1441 3404 enim
1454 3351 1518 3404 erat
1531 3346 1573 3404 ibi
1594 3351 1624 3404 el
1638 3347 1839 3406 rationabiliter
1854 3344 1922 3402 ordi·

232 3454 312 3506 anno
327 3439 410 3495 titulo
436 3455 471 3494 ac
496 3440 611 3495 nomini
635 3441 728 3496 sancti
748 3441 877 3498 ittauricii
892 3444 1003 3498 summi
1018 3443 1064 3499 suf
1117 3441 1188 3494 nata
1203 3442 1265 3494 tam
1279 3437 1388 3509 regalis
1411 3454 1506 3511 quant
1530 3443 1559 3495 et
1579 3439 1751 3513 episcopatis
1772 3436 1919 3492 occursio.

231 3527 350 3601 patroni
365 3527 482 3583 dicavit.
496 3527 658 3584 Ecclesiam
671 3529 759 3584 etiam
774 3529 933 3602 pulchram
946 3533 976 3588 in
993 3532 1063 3588 hol·
1117 3529 1192 3583 Nam
1207 3527 1239 3583 iu
1251 3526 1389 3583 orientali
1398 3530 1482 3601 parte
1498 3531 1566 3584 ante
1582 3528 1677 3597 altam,
1698 3523 1915 3596 archiepiscopus

231 3612 339 3668 thusen
355 3615 411 3684 (46)
426 3613 456 3668 in
473 3614 586 3670 honore
603 3615 696 3670 sancti
708 3617 856 3673 Benedicti
873 3616 1064 3675 ahbatismo-
1117 3615 1207 3670 aribo
1230 3631 1299 3672 cum
1324 3616 1386 3672 suis
1406 3617 1606 3689 suffraganeis
1627 3615 1770 3674 wernhero
1792 3610 1910 3682 Argenti·

231 3701 365 3759 nachicrc
380 3703 595 3758 conversationi
612 3708 715 3776 aptam
726 3705 883 3774 dedicavit,
896 3711 925 3762 et
939 3707 1064 3765 circum·
1116 3720 1219 3774 nense,
1229 3698 1918 3778 BrunoneAugustensc,heinwerchoi’atherhru

231 3807 354 3865 quaque
368 3808 422 3864 per
436 3791 577 3867 episcopii
594 3792 639 3848 sui
655 3793 815 3850 terminum
830 3794 970 3853 basilicas
985 3797 1063 3853 mul·
1117 3789 1921 3866 nense,EverhardoBevenberbense,lleginhardoher·

231 3885 276 3938 tas
289 3882 336 3937 vel
350 3880 415 3955 ipse
429 3881 561 3938 studiose
575 3882 743 3952 aedificavit,
760 3883 806 3938 vel
828 3884 866 3939 ah
887 3884 951 3941 aliis
971 3887 1062 3944 fideli·
1118 3883 1329 3954 ciburhgense‚
1349 3884 1528 3942 Godehardo
1544 3884 1836 3948 hildenesheimense,
1849 3882 1924 3936 hrau-

229 3970 288 4028 hus
304 3971 407 4028 Christi
423 3976 610 4028 constructas
626 3975 777 4042 gratanter
792 3975 852 4029 Deo
867 3977 1060 4033 consecravit.
1117 3974 1191 4046 thop
1208 3973 1464 4048 halverstadense,
1474 3975 1611 4047 Wiggero
1627 3973 1925 4046 herdense,llazeooue

266 4065 310 4116 28.
332 4063 373 4116 Eo
388 4066 521 4134 tempore
534 4061 694 4134 praedictus
707 4062 797 4118 Aribo
817 4063 1062 4140 archiepiscopus
1117 4062 1343 4119 Wormaciense
1351 4062 1531 4120 conseditln
1540 4063 1719 4121 occidentali
1726 4057 1926 4135 ramparteim·

230 4149 261 4203 in
276 4148 375 4203 natale
398 4151 492 4205 sancti
516 4149 644 4223 apostoli
670 4151 796 4207 Matthaei
825 4153 1063 4224 Sclimggenstad
1117 4156 1238 4226 perator
1248 4151 1394 4220 consedit,
1410 4156 1464 4208 eta
1477 4152 1588 4210 dextris
1600 4154 1667 4225 ejus
1681 4153 1848 4224 Bilegrimus
1865 4147 1925 4220 seu-

231 4235 287 4306 (47)
307 4236 467 4292 concilium
493 4238 631 4307 generale
658 4238 872 4312 episcoporum
902 4241 1063 4299 duodecim
1118 4240 1231 4312 grinus]
1248 4239 1376 4297 Coloniae
1391 4241 1645 4316 archiepiscopus,
1665 4259 1737 4300 cum
1752 4241 1807 4298 sibi
1820 4235 1926 4296 subditis

231 4323 401 4394 concivit,in
418 4341 478 4396 quo
494 4325 653 4398 praesulem
667 4333 802 4384 nostrum
816 4345 906 4402 super
921 4317 1063 4404 praedicto
1119 4328 1271 4398 Sigeberto
1282 4329 1442 4399 ltindense,
1472 4330 1609 4402 Sigifrido
1634 4329 1859 4403 ltimigardense
1877 4327 1929 4396 [hc

231 4413 511 4470 Gandershefmensi
523 4415 667 4470 territorio
682 4415 958 4488 publiceeonvenit,
969 4437 1063 4494 quam
1117 4417 1314 4490 hasteriensil,
1330 4420 1470 4476 Bennone
1485 4420 1672 4493 ‘trajectense
1683 4440 1690 4490 ;
1702 4437 1723 4478 a
1738 4419 1859 4477 sinistris
1868 4417 1931 4470 llutr

232 4507 330 4560 tamen
345 4502 495 4575 synodum
513 4503 695 4560 unanimitas
725 4505 850 4562 fratrum
874 4508 904 4563 in
929 4509 1063 4566 futurum
1118 4508 1212 4564 fridus
1220 4508 1519 4582 parthenopolitanus
1534 4509 1825 4582 [hagdeburgensis]
1839 4505 1931 4565 archie

231 4608 346 4648 annum
361 4592 647 4665 comperendinavit.
661 4597 720 4650 hex
737 4599 837 4651 autem
851 4598 949 4653 natale
964 4599 1063 4655 Domi·
1117 4597 1268 4672 piscopos,
1286 4613 1355 4654 cum
1375 4598 1436 4655 suis
1452 4598 1642 4657 Hildevvardo
1654 4599 1931 4669 cruzenschrunoce

230 4679 261 4738 ni
283 4679 393 4737 festum
420 4684 527 4753 iporeae
554 4683 611 4754 (ta)
633 4681 779 4751 initiavit;
806 4683 876 4740 inde
900 4685 939 4741 od
960 4685 1064 4744 limina
1117 4686 1350 4758 hersburgense,
1365 4687 1492 4745 Luizone
1508 4687 1760 4760 havelbergense,
1774 4685 1932 4748 Theoderico

267 4877 324 4946 (45)
345 4875 460 4959 hamb,
474 4877 564 4958 'repar‘
577 4879 626 4932 sui
640 4893 729 4958 oeno.
867 4875 879 4888 ‘
1117 4890 1163 4942 rat
1177 4885 1342 4954 Herbipolf.
1357 4889 1425 4944 tiss.
1442 4890 1544 4943 autem
1557 4887 1639 4944 varie
1653 4885 1784 4957 habent,
1805 4885 1931 4945 Imtrclis.

267 4947 323 5029 (46)
344 4951 446 5030 Diruto
462 4947 529 5031 licet
544 4953 737 5029 monasterro,
754 4964 866 5030 nomen
888 4949 972 5006 locus
997 4954 1064 5010 reti·
1116 4957 1287 5026 frutrtpolts
1303 4960 1330 5012 ei
1344 4959 1376 5013 in
1388 4959 1607 5028 Bripotthaud
1622 4957 1755 5016 dubium
1793 4961 1843 5016 uin
1856 4959 1931 5027 teger

231 5023 296 5100 nuit
310 5019 349 5074 ad
365 5019 516 5100 Visurgim
531 5017 815 5092 lluvmm,nndecrm
831 5022 945 5078 circiter
959 5024 1063 5081 millia·
1117 5029 1190 5084 dum
1205 5027 1413 5099 sitfmbripoti
1425 5029 1514 5085 unico
1529 5029 1733 5104 verh0‚qua1n
1747 5048 1784 5088 ur
1825 5032 1930 5087 mDror

230 5089 315 5145 ribus
330 5089 512 5171 Germanicis
526 5089 641 5147 distans
656 5107 674 5147 a
690 5091 804 5146 civitate
817 5092 1063 5152 hildesheimensi
1119 5115 1205 5154 verus
1219 5104 1305 5171 putat
1319 5115 1383 5156 esse
1397 5099 1515 5157 Verium
1531 5103 1667 5158 saxoniae
1689 5102 1845 5176 oppidum
1860 5121 1865 5164 ;
1888 5095 1930 5153 hel

231 5176 335 5216 versus
350 5160 545 5218 occidentem.
897 5173 899 5180 '
1116 5169 1225 5226 landus
1247 5175 1347 5227 autem
1373 5171 1478 5228 asserit
1500 5187 1565 5230 esse
1584 5173 1788 5246 hatisponam
1803 5167 1928 5230 celeberri-

266 5232 325 5302 (47)
340 5229 465 5313 Ι44144444
479 5238 523 5289 est
537 5234 753 5289 monasterium
780 5234 820 5291 ad
839 5239 967 5294 llloenum
989 5238 1064 5295 inter
1117 5257 1200 5297 mam
1213 5241 1330 5310 urbem,
1351 5243 1451 5316 aitque
1465 5243 1549 5316 apud
1563 5244 1703 5317 antiquos
1719 5249 1869 5302 Teutones
1881 5252 1930 5296 mr

231 5302 400 5359 Hanovram
415 5307 444 5359 et
457 5303 772 5387 aschaffemhurgum.
1116 5315 1223 5384 Regem
1239 5313 1367 5369 imhrem
1383 5314 1519 5371 indicari.
1535 5317 1645 5371 Verum
1658 5315 1727 5373 licet
1742 5318 1825 5373 hanc
1840 5321 1930 5388 alyne

267 5373 324 5500 ((8)
344 5375 458 5455 Iporca,
477 5390 530 5429 seu
552 5377 713 5457 hporedra,
736 5392 817 5456 nune
840 5383 940 5435 autern
970 5381 1061 5447 lvrea,
1117 5383 1229 5454 logiam
1246 5385 1396 5458 improbet
1409 5389 1509 5442 noster
1522 5385 1678 5460 adolphus
1691 5388 1846 5446 Dverham
1861 5388 1930 5442 inne

231 5459 267 5499 ur
291 5462 305 5500 s
333 5450 385 5526 est·
403 5446 583 5528 episcopalis
607 5462 636 5501 tu
661 5447 774 5529 finibus
800 5448 986 5506 Salassorum
1007 5455 1063 5508 sub
1120 5455 1154 5511 tis
1170 5455 1209 5510 ad
1225 5456 1319 5512 Vitam
1336 5458 1363 5513 S.
1379 5457 1542 5523 heinverci,
1556 5457 1761 5516 invectissime
1777 5467 1875 5516 tamen
1887 5467 1933 5528 pru

231 5516 385 5589 metrepclr
402 5518 575 5573 Taunnensr
591 5517 629 5573 ad
646 5520 768 5574 Durram
784 5519 919 5577 fluvium.
1117 5525 1170 5582 hat
1184 5528 1264 5582 hatis
1288 5543 1379 5584 onam
1395 5528 1504 5602 saepius
1519 5528 1712 5602 imbripolem
1723 5530 1842 5587 dictam
1854 5529 1931 5584 fuiss·-

155 5633 164 5650 ,
234 5587 447 5666 ‚tiathiram
461 5592 520 5668 'est
547 5592 694 5669 quantum
718 5591 766 5671 hic
780 5590 864 5673 locus
884 5593 1063 5666 scriptorum
1154 5598 1250 5670 (tols
1309 5614 1344 5656 eo
1357 5599 1547 5674 episcopatus
1559 5600 1708 5658 citizensis
1724 5602 1818 5660 sedes
1829 5598 1933 5660 hcobu

232 5669 353 5723 rngema
365 5660 489 5714 torserit.
505 5659 607 5713 Surrus
621 5674 652 5714 ru
671 5664 763 5717 vetcn
777 5661 905 5720 editione
920 5679 1063 5736 reposue-
1119 5683 1193 5738 gum
1202 5671 1349 5727 translata
1361 5676 1415 5727 est.
