3996 6178
30 143 74 197 nr
437 129 488 144 “’
628 135 804 202 srrsroun
824 141 866 201 er
883 139 1099 205 arrianam.
1543 123 1547 131 ’
1649 147 1719 210 tiss

23 265 196 332 nnvenient,
210 268 361 340 quatenus
375 269 497 325 auctore
510 269 570 325 ileo
579 272 660 327 recto
674 267 833 342 utrubique
849 272 872 326 tt
891 283 958 326 rum
968 275 997 326 et
1010 271 1186 329 elericorum
1200 271 1383 338 noshorum,
1396 267 1501 326 sedem
1515 272 1719 348 episcopalem

23 354 105 412 ossis
119 371 185 411 esse
198 355 391 428 conspicuus.
891 356 928 413 tle
943 358 1007 414 Ziza
1021 359 1052 415 iu
1066 361 1241 431 Nuemburg
1255 357 1417 417 hansterre
1440 359 1655 419 concessimus.
1679 369 1720 423 lta

42 447 142 516 ltaque
157 444 219 501 vita
233 447 285 500 tua
298 443 367 500 filiis
381 444 439 501 tuis
458 445 496 501 sit
509 445 614 516 regula
628 465 635 516 ;
655 446 686 503 ln
708 447 787 520 ipsa,
812 437 837 501 si
891 461 971 504 nunc
985 461 1107 522 quoque
1120 450 1172 507 tlbi
1186 448 1404 524 presenticum
1414 445 1553 504 clerotuo
1567 451 1597 504 et
1609 448 1722 520 dignio-

23 549 67 606 pra
76 531 220 589 tortitudo
234 532 292 588 illis
306 531 417 605 injecta
429 537 485 601 est,
501 535 642 606 dirigant,
667 536 697 592 in
712 552 748 592 ea
763 535 837 610 quid
890 537 973 593 ribus
985 537 1023 594 de
1035 539 1147 612 populo
1169 545 1198 597 et
1222 537 1336 595 nuntiis
1358 535 1494 612 praedicti
1517 535 1722 610 imperatoris,

23 622 156 679 mitantur
178 621 335 695 aspiciant,
363 621 394 680 in
424 623 490 697 ipsa
514 639 545 679 se
565 641 684 699 semper
697 625 837 682 conside·
890 629 919 682 et
934 626 1151 701 archiepiscopi
1173 627 1298 684 consilio
1322 625 1499 684 eorumdem
1524 624 1724 699 arehiepisco-

23 711 103 768 ando
119 711 287 786 proficiant,
312 716 346 769 ut
362 717 448 770 tuum
475 719 545 788 post
569 717 672 784 Deum,
701 714 838 772 videatur
889 731 1000 788 porum
1015 715 1723 791 etelerieorumuostrorumlectumprobamus,

23 817 74 859 sse
87 801 201 859 bonum
216 802 317 875 quoad
332 801 468 860 vixerint.
487 805 544 860 Cor
557 819 629 876 ergo
648 820 747 878 neque
770 819 838 878 pro·
890 808 996 860 ettam
1012 803 1064 861 tibi
1079 820 1172 878 quam
1188 804 1329 862 omnibus
1344 805 1568 863 successoribus
1584 805 1643 863 tuis
1658 821 1725 880 per·

23 907 96 966 pera
116 907 185 964 qum
206 891 409 965 temporaliter
432 891 639 960 blandiuntur,
666 910 764 968 neque
783 893 837 950 ad·
890 897 982 966 petua
996 893 1156 951 stabilitate
1171 893 1400 952 confirmamus.
1415 895 1501 961 Quod
1515 895 1597 953 enim
1616 913 1722 954 secun·

23 997 93 1037 'ersa
108 980 257 1052 dejiciant,
274 981 327 1037 sed
341 980 490 1056 quidquid
509 979 583 1039 illud
606 983 704 1053 laverit,
731 983 837 1040 virtute
890 982 965 1039 dum
980 997 1112 1041 canones
1127 997 1184 1057 pro
1197 983 1374 1041 necessitate
1388 999 1468 1057 saepe
1490 983 1604 1042 lactum
1629 986 1721 1044 fuisse

23 1071 155 1128 ›attentiae
169 1072 315 1128 vincatur.
889 1071 1028 1143 legimus,
1057 1073 1168 1130 nostris
1197 1087 1319 1146 quoque
1349 1071 1535 1145 temporibus
1564 1073 1629 1130 lieri
1658 1091 1722 1134 nou

44 1161 121 1216 lram
133 1159 247 1231 judicio
259 1159 387 1230 refrena,
402 1165 431 1218 et
444 1177 588 1219 mensura
607 1161 771 1236 disciplinae
795 1162 838 1219 sic
891 1161 1098 1234 prohibemus.
1113 1161 1263 1228 Quoniam
1275 1162 1365 1234 igitur
1376 1161 1532 1234 canonice,
1547 1165 1576 1218 et
1589 1177 1724 1220 commu-

22 1253 89 1305 ttere
103 1252 135 1304 ut
149 1252 178 1306 et
189 1248 294 1322 culpas
304 1248 406 1321 ferias,
425 1255 453 1308 et
476 1265 495 1308 a
516 1250 673 1308 dilectione
693 1267 839 1325 persona·
891 1249 922 1306 ni
936 1264 1086 1308 consensu
1098 1250 1237 1308 omnium
1252 1249 1292 1306 ad
1304 1266 1383 1324 quos
1399 1249 1554 1318 attinebat,
1570 1249 1651 1307 sedis
1665 1255 1722 1308 tue

23 1355 77 1394 *um
91 1354 166 1412 quas
180 1337 303 1409 corrigis
318 1355 380 1396 non
396 1339 529 1397 recedas.
557 1340 775 1398 Misericordem
799 1345 837 1412 te,
891 1339 1044 1397 translatio
1064 1340 1143 1398 lacta
1164 1344 1218 1410 est,
1242 1341 1358 1414 absque
1383 1339 1468 1396 omni
1490 1339 1724 1398 contradictione

23 1431 98 1482 irout
112 1427 204 1484 virtus
213 1428 336 1501 patitur,
351 1429 538 1503 pauperibus
554 1429 672 1500 exhibe,
687 1429 838 1504 oppressis
892 1430 1024 1488 universi
1036 1445 1226 1488 successores
1238 1431 1280 1486 tui
1293 1446 1311 1486 a
1326 1429 1566 1501 Nuentburgcusi
1582 1428 1673 1498 clero,
1696 1434 1725 1486 et

23 1515 144 1574 telensio
170 1523 222 1574 tua
250 1518 419 1585 subveniat,
441 1519 679 1594 opprimentibus
702 1517 839 1577 modesta
891 1519 1005 1594 populo
1023 1519 1182 1595 eligantur,
1198 1524 1288 1594 atque
1304 1520 1343 1577 ad
1356 1518 1498 1577 cumdem
1510 1517 1726 1590 titulumregu·

26 1606 151 1663 orrectio
165 1605 359 1665 contradicat.
376 1607 489 1666 Nullius
503 1607 610 1665 taciem
631 1614 735 1666 contra
751 1608 838 1680 justi-
853 1626 874 1684 g
892 1609 991 1666 lariter
1004 1615 1226 1679 consecrentur,
1243 1615 1272 1667 et
1294 1609 1603 1680 magdeburgensibus
1625 1609 1725 1666 archi-

23 1695 80 1752 iam
94 1695 233 1770 accipies,
248 1696 366 1753 nullum
379 1701 563 1771 querentem
575 1699 656 1771 justa
677 1698 837 1772 despicias.
893 1699 1052 1774 episcopis,
1067 1715 1199 1774 quorum
1214 1697 1370 1756 dioecesim
1385 1696 1539 1756 translatio
1552 1713 1615 1755 non
1641 1714 1726 1755 exee-

23 1785 150 1843 lustodia
165 1787 196 1843 in
217 1791 245 1843 te
260 1787 408 1860 equitetis
428 1787 561 1856 excellat,
587 1793 619 1845 ut
639 1803 695 1844 nec
716 1787 839 1844 divitem
893 1789 945 1860 dit,
960 1794 1062 1863 utpote
1075 1789 1312 1864 metropolitanis
1327 1788 1389 1845 suis
1404 1787 1486 1845 omui
1500 1787 1619 1861 pietatis
1633 1788 1727 1846 devo«

23 1875 142 1932 »atentia
156 1891 211 1932 sua
225 1874 340 1950 aliquid
353 1877 436 1950 apud
449 1893 505 1934 vos
520 1881 604 1934 extra
618 1877 700 1934 viam
714 1877 840 1934 suadeat
893 1879 972 1936 tione
985 1878 1043 1935 sint
1056 1877 1194 1951 subjecti.
1211 1881 1271 1935 lloc
1285 1892 1406 1952 quoque
1420 1877 1644 1935 communicato
1657 1893 1727 1936 cou-

23 1963 135 2021 stionis
149 1964 270 2035 audirc;
293 1981 348 2024 nec
371 1981 537 2040 pauperem
561 1967 598 2024 de
623 1983 654 2024 se
675 1983 731 2025 sua
750 1967 840 2024 faciat
893 1967 959 2025 cilio
987 1968 1085 2042 placet
1113 1968 1234 2038 addere,
1258 1967 1342 2043 quod
1363 1966 1494 2024 Ecclesia
1520 1966 1673 2025 Citiceusis
1691 1967 1726 2026 in

27 2054 163 2111 hmilitas
176 2055 347 2129 desperare,
363 2061 513 2129 quatenus
526 2060 585 2114 ilco
599 2057 758 2116 miseraute
773 2057 840 2115 talis
892 2059 1039 2115 honorem
1067 2057 1227 2115 beatorum
1253 2056 1459 2130 apostolorum
1484 2055 1560 2114 Petri
1588 2059 1617 2114 et
1643 2055 1727 2114 Pauli

23 2142 106 2198 ossis
121 2143 247 2200 existere
268 2144 390 2218 qualem
415 2161 501 2202 sacra
522 2144 609 2203 lectio
630 2147 774 2221 praecipit,
794 2147 840 2204 di·
893 2151 1069 2204 consecrata
1083 2161 1145 2205 non
1161 2145 1346 2204 omnimodis
1360 2145 1538 2218 negligatur,
1554 2145 1607 2202 sed
1618 2145 1649 2201 in
1659 2145 1728 2217 loeo

23 2245 103 2288 ens:
125 2232 248 2302 Oportet
269 2235 437 2306 epuropam
460 2236 752 2306 irreprehensibilem
770 2253 839 2294 esse.
894 2236 1070 2293 clericorum
1093 2236 1124 2292 in
1145 2234 1326 2308 'Nuemburg
1343 2233 1562 2293 transeuntium
1584 2233 1728 2292 monachi

23 2319 64 2375 ed
81 2319 114 2376 in
127 2320 173 2376 his
186 2321 329 2378 omuibus
345 2322 388 2379 uti
403 2322 562 2380 salubriter
583 2325 704 2399 poteris,
730 2326 754 2382 si
775 2341 842 2383 ma·
893 2325 942 2382 vel
955 2325 1092 2384 canonici
1107 2325 1335 2394 substituantur,
1350 2323 1403 2399 qui
1417 2323 1561 2394 integrius
1573 2323 1728 2398 stipendiis

23 2408 133 2466 istram
157 2409 333 2468 charitatem
352 2411 511 2482 habueris;
536 2429 630 2487 quem
655 2415 708 2488 qui
723 2418 842 2472 secutus
894 2415 1033 2488 eiusdem
1048 2414 1179 2472 ecclesiae
1193 2414 1267 2471 inibi
1282 2417 1342 2471 lieo
1357 2411 1499 2482 serviant,
1513 2417 1543 2470 et
1556 2413 1632 2470 sicut
1644 2412 1728 2486 pacis

23 2499 107 2569 uerit,
123 2515 141 2554 a
155 2503 236 2556 recto
248 2499 412 2574 aliquando
427 2503 545 2559 tramite
556 2503 752 2570 nonrecedit.
894 2505 947 2561 lilii
962 2504 1050 2562 matri
1066 2521 1126 2561 sure
1139 2502 1379 2575 Nuemburgeusi
1394 2502 1529 2560 Ecclesiae
1550 2502 1582 2559 in
1601 2501 1727 2560 Domino

41 2589 131 2657 Ecce,
146 2587 236 2646 irater
245 2589 431 2659 charissime,
445 2591 522 2650 inter
534 2592 629 2650 multa
641 2593 764 2650 ahaista
774 2598 844 2651 sunt
896 2610 1015 2668 semper
1028 2593 1135 2651 devote
1150 2592 1303 2650 obedient.
1321 2591 1430 2666 Siquis
1444 2596 1556 2659 autem,
1576 2591 1660 2666 quod
1674 2590 1730 2648 mi-

23 2676 181 2748 acerdotii,
197 2679 254 2736 ista
269 2685 339 2738 sunt
352 2679 444 2754 pallii,
471 2685 500 2739 et
519 2682 732 2756 praedictarum
755 2683 845 2741 virtu·
895 2683 977 2741 nime
998 2683 1159 2753 credimus,
1185 2681 1344 2740 temeraria
1367 2681 1602 2755 presumptione
1627 2683 1731 2738 contra

23 2783 71 2824 um
94 2783 181 2841 :quse
200 2767 226 2824 si
240 2769 372 2828 studiose
388 2772 560 2840 servaveris,
577 2772 661 2845 quod
673 2773 744 2831 loris
758 2789 844 2830 acce·
896 2773 954 2830 hoc
969 2777 1105 2830 nostrum
1118 2770 1317 2846 apostolicum
1332 2769 1521 2844 privilegium
1546 2769 1655 2838 venire,
1679 2771 1732 2827 aut

23 2858 91 2914 »isse
107 2857 282 2928 ostenderis,
309 2859 389 2916 intus
417 2860 556 2918 habebis.
585 2864 694 2920 Sancta
718 2864 843 2921 Trinitas
896 2864 927 2920 in
943 2863 1045 2937 aliquo
1060 2863 1206 2920 contraire
1219 2860 1457 2936 presumpserit,
1471 2875 1525 2917 seu
1537 2859 1664 2918 violator
1683 2873 1732 2916 ex·

23 2946 228 3002 raternitatem
255 2950 341 3005 tuam
367 2948 469 3020 gratie
495 2966 557 3006 sure
584 2951 768 3024 protectione
791 2951 880 3040 eir-c
899 2953 1012 3021 stiterit,
1043 2952 1118 3009 sciat
1140 2969 1182 3023 se,
1209 2951 1383 3009 auctoritate
1404 2949 1456 3007 llei
1476 2946 1691 3022 omnipotentis
1704 2951 1733 3006 et

23 3034 151 3104 umdet;
170 3039 260 3109 atque
274 3035 305 3092 in
320 3037 436 3095 timoris
457 3038 598 3096 salviam
612 3039 845 3112 nosdirigat,ut
899 3042 979 3100 beati
992 3041 1199 3116 apostolorum
1214 3039 1359 3115 principis
1374 3040 1459 3109 Petri,
1475 3055 1511 3096 ac
1535 3043 1639 3096 nostra
1661 3053 1733 3096 aaa·

23 3129 79 3181 ›ost
90 3125 156 3181 vitre
171 3126 263 3198 hujus
279 3127 522 3198 amaritudinem,
544 3129 584 3185 ad
599 3134 741 3186 aternam
757 3130 847 3188 simul
899 3131 1038 3189 thematis
1052 3130 1173 3188 vinculo
1188 3147 1253 3188 esse
1267 3129 1458 3202 innodatum,
1482 3133 1512 3185 et
1534 3143 1553 3185 a
1570 3141 1665 3200 regno
1681 3127 1734 3184 llei

23 3215 169 3271 >circuire
182 3214 374 3274 dulcedinem
387 3231 570 3275 mereamur.
900 3221 1044 3290 ahenum,
1060 3225 1150 3295 atque
1164 3235 1233 3276 cum
1247 3219 1326 3276 luda
1340 3218 1481 3276 traditore
1503 3216 1622 3274 Domini
1638 3214 1735 3272 nostri

47 3303 199 3378 Scriptum
213 3320 269 3378 per
280 3321 391 3364 manus
404 3306 497 3378 Sergii
516 3308 624 3366 notarii
637 3308 797 3379 regionarii
818 3313 848 3366 et
900 3314 968 3369 iesu
983 3310 1089 3369 Christi
1103 3309 1219 3367 socium
1233 3309 1369 3366 futurum
1383 3305 1511 3376 inferno,
1530 3303 1736 3363 excommuni·

23 3393 160 3451 eriniarii
174 3398 286 3453 sanctae
300 3398 442 3454 ltomanae
454 3395 602 3467 Ecclesia,
620 3413 724 3456 mense
735 3399 847 3457 lanua·
901 3399 1071 3474 rationique
1087 3399 1253 3474 subjaceat,
1275 3399 1372 3456 donec
1400 3397 1578 3470 resipiscens
1602 3392 1645 3452 ad
1668 3392 1737 3452 sati·

23 3482 507 3559 '5⁰›511d1050110quintadecima
902 3491 1078 3548 electionem
1102 3495 1131 3548 et
1152 3505 1319 3562 erumnam
1341 3485 1586 3545 emendationem
1607 3487 1736 3542 reverta·

399 3565 489 3634 rtis
900 3584 958 3638 tur.
985 3579 1040 3648 Qui
1069 3595 1140 3638 vero
1167 3595 1224 3636 suo
1250 3577 1359 3636 intuitu
1382 3581 1502 3635 citrator
1520 3581 1548 3634 ct
1561 3575 1736 3633 observator-

23 3667 149 3722 loennes
175 3664 249 3722 ΧΙΧ
265 3667 362 3725 sedem
386 3667 582 3738 episcopatem
610 3669 682 3726 Cice
704 3670 847 3727 Nrmbar-
901 3670 992 3742 huius
1005 3669 1099 3727 nostri
1118 3668 1277 3744 apostolici
1299 3667 1448 3742 privilegii
1471 3664 1623 3735 exstiterit,
1648 3664 1737 3724 bene·

46 3771 125 3828 pum
153 3757 334 3814 translatam
359 3763 469 3830 rogatu
495 3758 682 3816 Hildircardi
718 3760 849 3830 episcopi
901 3758 1040 3816 dictionis
1066 3758 1205 3830 gratiam,
1229 3757 1386 3830 vitamque
1410 3761 1565 3824 aeternam,
1589 3759 1618 3812 et
1635 3754 1739 3810 aeterni

48 3846 220 3915 confirma!-
901 3848 987 3916 regni
1015 3846 1127 3918 gaudia
1150 3863 1169 3904 a
1193 3847 1320 3903 Domino
1348 3844 1503 3918 percipere
1529 3845 1679 3899 mereatur
1706 3840 1738 3896 in

337 3933 436 4007 (Anno
451 3937 539 4010 toti).
904 3935 1013 3994 secula
1028 3935 1220 3993 saeculorum.
1235 3937 1342 3991 Amen.

142 4025 251 4098 [Mersa
268 4027 395 4095 Conni,
408 4029 483 4084 tom.
498 4029 563 4098 xttt,
579 4025 635 4084 col.
649 4027 722 4099 48η.
1290 4025 1343 4080 xx.

47 4114 175 4172 totenes
189 4115 363 4189 episcopus,
378 4131 483 4172 servus
496 4129 651 4172 servornm
667 4114 727 4185 bei,
741 4114 850 4173 dilecto
904 4115 1043 4187 Epistola
1055 4113 1182 4172 arcanis
1196 4111 1274 4169 XIX
1282 4126 1341 4183 pro
1360 4109 1542 4169 monasterio
1562 4107 1593 4166 S.
1610 4107 1737 4168 Joaoais

23 4217 44 4259 n
58 4205 177 4262 Christo
188 4203 250 4261 filio
264 4205 449 4263 lltnutvvnnoo
464 4209 575 4263 sancte
594 4204 850 4277 Nuemburgensis
1231 4203 1414 4273 Arpert'oco.

23 4293 319 4368 Ecclesiaeepiscopo,
332 4299 362 4352 et
376 4295 519 4352 omnibus
541 4294 767 4354 successoribus
791 4294 850 4352 tuis
1172 4293 1270 4365 (Anno
1296 4291 1469 4364 toti-toth).

23 4387 197 4457 serpetuam
209 4383 241 4440 in
254 4384 382 4441 Domino
399 4383 537 4441 salutem.
863 4353 886 4409 ⁰
913 4415 921 4424 ·
1025 4381 1141 4458 [Gallio
1152 4381 1341 4454 damtione,
1356 4384 1430 4438 tom.
1446 4383 1479 4450 tt,
1492 4395 1523 4454 p.
1539 4381 1615 4454 tao).

50 4473 201 4530 convenit
225 4473 391 4547 apostolico
414 4473 613 4531 moderamini
632 4473 683 4549 pia
708 4473 850 4545 religione
940 4475 1063 4529 loannes
1078 4471 1250 4546 episcopus,
1267 4485 1372 4528 servus
1388 4482 1547 4527 servorum
1570 4468 1631 4537 tici,
1654 4467 1739 4527 urbis

23 4559 191 4634 rotantibus
206 4560 355 4620 benevola
378 4563 589 4637 cooperatione
605 4561 788 4631 succurrere,
816 4577 851 4619 ec
906 4563 1008 4618 itomre
1021 4559 1151 4619 vicanus
1164 4555 1324 4618 beatorum
1336 4559 1412 4616 Petri
1436 4563 1465 4616 et
1485 4557 1568 4614 Pauli
1591 4557 1741 4630 apostolo

23 4651 212 4709 roscentium
230 4651 340 4709 animis
354 4651 446 4711 alacri
463 4651 623 4711 devotione
647 4652 793 4726 impertiri
807 4667 852 4710 as·
906 4666 985 4722 rum,
1001 4649 1144 4708 omnibus
1157 4649 1391 4725 archiepiscopis
1406 4652 1435 4705 et
1457 4645 1608 4721 episcopis
1630 4645 1740 4704 Gallia·

23 4757 156 4800 sensnm.
172 4743 214 4799 Ex
226 4741 285 4800 hoe
296 4741 378 4800 enim
398 4742 473 4800 lucri
487 4743 679 4818 potissimum
693 4741 853 4818 premium
906 4755 975 4798 rum
1000 4739 1191 4814 degentibus,
1218 4757 1288 4798 cum
1315 4735 1467 4796 Wrmrnno
1494 4734 1635 4807 religioso
1663 4735 1741 4791 duee

23 4847 33 4887 ι
48 4829 209 4888 conditore
222 4830 360 4888 omnium
373 4832 435 4888 Deo
459 4831 563 4906 procul
581 4831 679 4890 dubio
702 4847 854 4906 promere·
907 4830 1137 4904 Aqtdtanorum,
1153 4834 1181 4890 et
1195 4832 1341 4890 Gorrnroo
1362 4827 1471 4888 comite
1496 4823 1675 4896 Eugolismte
1701 4823 1743 4881 cia

23 4937 98 4988 nur,
116 4919 142 4976 si
156 4919 340 4978 venerabilia
352 4919 419 4978 loca
432 4926 601 4994 opportune
619 4921 757 4979 ordinata
771 4925 800 4978 et
814 4920 854 4978 ad
906 4919 1005 4976 vitatis
1020 4918 1220 4977 commoranti
1233 4936 1240 4986 ;
1266 4933 1322 4975 nec
1343 4931 1404 4972 non
1419 4918 1487 4971 Ena
1510 4911 1618 4970 comite
1644 4905 1742 4968 Petra·

23 5011 178 5066 neliorem
190 5025 309 5084 pervus
325 5009 434 5068 luerint
457 5014 567 5068 statum
591 5009 746 5084 perducta.
775 5009 855 5069 Sicut
908 5009 1016 5081 gerice
1044 5008 1128 5066 urhis
1156 5005 1286 5080 degenti,
1312 5004 1463 5078 simulque
1499 5001 1568 5059 filiis
1608 4998 1744 5071 lingonis

23 5116 104 5172 ergo,
122 5099 297 5158 charissime
308 5081 361 5169 liti,
375 5099 429 5157 tibi
444 5098 562 5156 absenti
575 5105 682 5170 rogatu
694 5099 747 5156 filii
758 5098 855 5158 nostri
908 5103 1006 5156 castro
1021 5097 1174 5155 leziniaco
1185 5093 1392 5153 habitantibus
1407 5111 1414 5166 ;
1434 5093 1565 5166 itemque
1588 5092 1741 5147 thnenuo

23 5187 267 5248 :hristianisstmt
282 5188 472 5264 imperatoris
488 5187 629 5260 conradi,
653 5192 682 5245 et
698 5187 857 5247 confratris
908 5187 946 5244 de
959 5185 1145 5257 Paterniaco,
1160 5188 1191 5241 et
1201 5183 1260 5241 alio
1273 5185 1424 5240 Winsrruo
1440 5182 1478 5239 dc
1489 5179 1674 5252 talamonte,
1686 5192 1742 5252 pa·

23 5279 116 5337 rostri
131 5279 272 5338 llunlredi
286 5278 549 5352 llagdehurgensis
563 5277 855 5352 archiepiscopinec
907 5276 977 5333 riter
1002 5287 1071 5332 curn
1090 5275 1241 5330 Wurrnuo
1266 5269 1440 5328 vicecomite
1466 5267 1529 5326 filio
1552 5266 1676 5326 Kalonis
1704 5265 1742 5324 de

23 5385 82 5426 ton
99 5367 219 5424 illorum
241 5368 294 5442 qui
313 5368 517 5426 hereditatem
538 5383 625 5426 suem
638 5366 770 5424 ecelesia
785 5383 855 5425 eon·
909 5361 1170 5434 castello-oniaco,
1196 5363 1331 5420 Aruerno
1360 5358 1397 5418 de
1421 5356 1599 5430 Talehurgo,
1615 5357 1742 5414 writer-

25 5457 165 5530 ulerunt,
183 5456 321 5515 videlicet
344 5456 509 5515 Hermanni
534 5455 728 5524 marchionis,
751 5458 857 5528 etger·
909 5470 947 5511 uo
955 5452 992 5511 de
1001 5452 1337 5526 surgeriisetltnsuruo,
1350 5445 1741 5524 omnibusquesenioribus,

23 5543 165 5605 nanisui
178 5545 349 5614 Elddhardi,
375 5550 402 5604 et
425 5544 557 5603 maxime
581 5561 637 5620 pro
663 5560 777 5617 magna
802 5546 858 5603 uti·
909 5543 1114 5604 minoribusve
1127 5541 1295 5618 aquitanie
1314 5540 1450 5620 partibus
1470 5536 1740 5610 commorantibus,

23 5638 104 5698 itate
120 5639 149 5695 et
162 5634 319 5699 securitate
333 5635 471 5696 Ecclesiae
484 5639 541 5698 tus
554 5633 679 5698 consilo
697 5634 855 5714 episcopo·
910 5633 1037 5697 sunem
1050 5632 1258 5698 beatissimam
1268 5645 1338 5692 curn
1347 5625 1740 5708 benedictionespostollca·
