3998 6182
581 137 582 142 ¹
667 113 812 176 CARUEN
826 117 873 178 AD
890 117 1078 182 accensuit
1092 122 1222 186 REGEH.

500 238 686 311 tlorporishic
702 239 813 310 vultus,
824 241 990 302 moderatio
1004 245 1097 308 nulla.

498 327 636 382 Versibus
651 328 765 398 exiguis
781 333 896 390 mutuus
912 333 1033 390 tentabo
1048 334 1192 394 dolorem.

499 416 614 488 Scripta
626 423 729 491 putent
744 418 875 478 celebres
890 437 958 496 quae
973 421 1093 482 mittunt
1108 427 1283 488 Crotoniatae
1299 431 1364 506 (lo).

499 508 630 579 Desuper
644 512 687 564 est
700 507 811 574 titulus,
828 509 876 566 lex
891 510 1112 586 antiquissima,
1126 516 1254 590 scriptus
1271 537 1278 588 ς

433 613 477 668 35.
498 615 674 687 Praecipiunt
687 616 717 674 vi
731 621 857 684 cogatur
870 618 955 690 quod
970 625 1076 693 sponte
1091 628 1238 694 negatur:

499 705 533 758 Ut
545 702 644 775 placet
654 704 791 777 imperio,
806 705 846 762 sic
862 722 894 764 se
907 708 1098 766 transformet
1112 715 1141 768 ct
1154 712 1239 776 ordo.

499 791 635 848 Rusticus
646 792 693 849 ille
706 794 800 867 piger,
814 793 958 854 deformis
972 801 1002 853 ct
1014 797 1146 871 undique
1162 800 1256 874 turpis
1269 801 1326 876 (ll)

498 880 625 940 Pulchra
640 898 709 942 cnm
725 882 852 953 gemmis
868 883 976 942 ditetur
991 885 1072 942 mille
1087 901 1208 946 corona·

498 971 575 1027 luris
590 970 729 1028 custodes
744 976 855 1044 coguut
869 977 988 1046 portare
1004 974 1138 1031 cucullas
1154 979 1222 1048 (lat,

434 1079 479 1132 40.
500 1078 597 1133 orent,
615 1076 767 1144 inclinent,
783 1081 910 1146 taceant,
923 1079 1083 1153 vultusque
1102 1087 1260 1155 reponant.

499 1165 575 1221 Nudi
589 1165 746 1239 pontifices
758 1171 892 1224 aratrum
907 1167 970 1224 sine
983 1167 1043 1226 fine
1057 1175 1221 1242 sequantur
1235 1171 1293 1244 (13)

499 1254 639 1309 Carmina
653 1270 723 1309 cunr
739 1254 858 1312 stimulo
871 1255 960 1327 primi
976 1258 1127 1316 cantando
1141 1260 1283 1332 montis.

499 1341 639 1398 Praesulis
654 1347 682 1399 ct
696 1342 722 1402 si
735 1342 809 1400 torte
823 1348 909 1402 vacet
921 1343 1006 1404 locus
1020 1346 1233 1410 intronizentur
1246 1351 1302 1424 (lt)

500 1434 635 1486 Pastores
650 1429 761 1502 ouum,
775 1435 885 1502 naurs,
900 1431 1073 1508 quicunque
1087 1434 1124 1493 sit
1136 1435 1195 1495 ille.

436 1541 480 1594 45.
500 1537 541 1593 Sit
554 1541 655 1594 tamen
670 1537 726 1594 hcc
740 1536 903 1611 prrcsubtili
917 1539 1032 1600 ratione
1049 1540 1231 1606 cauendum.

501 1625 603 1682 Nullus
618 1625 803 1700 episcopium
819 1625 921 1689 divine
935 1627 1000 1697 lego
1015 1629 1128 1700 peritus

501 1713 624 1780 Tendet,
639 1713 693 1770 sed
707 1713 800 1772 sacris
814 1715 971 1787 Scripturis
983 1721 1158 1788 evacuatus,

500 1805 534 1858 Et
548 1802 651 1860 studiis
662 1818 754 1876 pucnr
769 1819 823 1860 uec
840 1805 1047 1866 constrinxerit
1061 1821 1122 1867 nnc
1134 1806 1252 1868 dierum
1267 1809 1322 1884 (15)
1336 1828 1342 1882 ;

499 1891 698 1968 alphabetum
712 1891 820 1968 sapiat,
835 1892 929 1964 digito
944 1897 1060 1954 tantum
1075 1910 1234 1956 numerare
1250 1897 1317 1970 (10).

435 2002 479 2054 50.
499 1998 533 2052 111
544 2013 682 2070 proceres
697 2015 704 2065 ;
718 2003 918 2072 preceptores
931 1999 987 2065 hos
1002 2001 1135 2062 mundus
1150 2003 1255 2064 adoret
1268 2004 1335 2078 (lli.

498 2090 531 2144 Et
541 2088 626 2158 juvet
637 2092 669 2149 nt
684 2087 815 2147 celebres
830 2104 885 2148 nec
897 2104 983 2159 reges
997 2089 1192 2163 excipiantur.

497 2175 673 2249 Praecipiunt
687 2193 800 2244 coram,
817 2176 869 2234 scd
884 2177 962 2236 clam
975 2194 1043 2238 cunr
1059 2178 1165 2239 iraude
1177 2185 1343 2242 susurrant.

501 2264 612 2332 Regula
627 2265 651 2320 si
667 2264 782 2320 stabilis
796 2265 900 2324 divum
915 2267 1113 2340 permanserit
1127 2267 1184 2326 ista
1199 2269 1263 2342 (ta),

499 2353 670 2426 Disciplina,
686 2353 781 2424 vigor,
798 2353 901 2426 virtus,
917 2371 988 2415 mox
1003 2359 1032 2412 ct
1045 2355 1135 2414 decor
1149 2356 1248 2414 omnis

433 2467 477 2517 55.
499 2459 636 2516 Ecclesia
651 2460 739 2530 inger
753 2475 851 2532 pauco
865 2460 923 2520 sub
937 2465 1073 2534 tempore
1087 2466 1196 2532 verger.

418 2567 423 2574 ¹
498 2548 622 2606 Publica
636 2565 684 2606 ree
697 2564 766 2621 quas
781 2548 833 2612 dc,
849 2548 937 2621 plane
952 2550 1004 2620 eie,
1019 2549 1248 2628 duodenaque

499 2637 626 2707 Legibus
640 2637 792 2698 exstinctis
807 2637 837 2696 in
852 2653 926 2711 pecc
942 2639 1059 2712 sepulta
1072 2639 1207 2713 quiescet
1219 2641 1286 2714 (la).

500 2729 598 2782 Luxus
614 2730 644 2784 et
655 2726 797 2794 incestus,
815 2727 927 2788 lurtum
941 2733 1011 2786 tunc
1027 2727 1153 2790 crimina
1168 2728 1299 2791 stabunt.

499 2816 630 2879 Libertas
642 2815 846 2890 delinquendi,
863 2821 933 2874 tunc
945 2817 1072 2879 crimina
1085 2817 1207 2876 stabunt

434 2936 479 2989 00.
500 2930 705 2987 Excluduutur
715 2935 744 2987 ct
756 2931 785 2988 bi
799 2947 877 3003 quos
892 2931 955 2989 sola
970 2933 1092 2990 edentia
1108 2933 1198 2992 comit
1211 2933 1277 3006 (001,

499 3020 602 3076 Christi
618 3035 789 3087 conservos,
806 3024 835 3076 et
847 3035 926 3092 quos
939 3021 1086 3093 sapientia
1097 3022 1199 3090 nubit,

499 3113 533 3165 Et
543 3109 654 3181 quibus
668 3114 816 3182 apparent
829 3109 1045 3168 introductoria
1060 3125 1142 3168 sance

498 3197 653 3267 Doctrinae,
667 3213 735 3274 quac
750 3197 899 3271 depromit
914 3203 984 3272 post
997 3202 1080 3268 terga
1093 3197 1231 3256 cicatrix:

499 3289 596 3342 Saorae
610 3285 635 3344 si
649 3301 779 3356 magnus
793 3286 864 3346 fidei
877 3286 1004 3345 sumexit
1018 3303 1111 3358 error,

434 3406 478 3458 65.
499 3401 588 3456 Omni
600 3415 727 3456 censura
741 3405 905 3457 conventus
922 3401 982 3458 sint
995 3400 1094 3458 alieni.

497 3490 641 3545 Consulto
656 3490 734 3559 regis
748 3490 779 3546 hi
791 3490 993 3562 praecidantur
1005 3490 1044 3546 ab
1059 3490 1143 3548 omni
1158 3491 1223 3564 iric)

498 3578 643 3636 Omnibus
656 3578 783 3648 egressis
796 3579 962 3636 thalamum
978 3584 1047 3652 post
1057 3580 1134 3638 ostia
1148 3587 1268 3640 servent
1284 3583 1341 3656 (11)

499 3671 558 3724 lloc
573 3667 671 3724 solum
682 3667 770 3726 rutilo
785 3674 969 3742 praeceptum
984 3667 1122 3726 scribitur
1134 3686 1219 3740 auro,

498 3760 533 3813 Ut
544 3760 720 3828 procurator
731 3756 821 3826 regis,
838 3756 995 3814 mundana
1007 3757 1181 3816 ministrans
1196 3761 1265 3834 (22),

434 3876 478 3930 70.
499 3871 540 3927 Sit
547 3871 647 3943 piger,
663 3870 800 3941 ignavus,
816 3871 937 3930 modica
949 3871 1055 3929 virtute
1069 3872 1211 3944 repletus.

498 3959 550 4015 llic
563 3959 661 4016 abana
675 3963 766 4031 petat,
779 3964 893 4032 repetat
907 3975 963 4016 sua
977 3959 1020 4017 nil
1033 3960 1203 4028 tribuendo,

499 4050 533 4103 Et
541 4046 652 4119 jugiter
665 4051 789 4104 mancat
801 4047 914 4124 divisus
930 4052 1007 4104 sorte
1020 4047 1115 4118 jugali
1130 4048 1206 4120 (:3):

499 4136 534 4192 Ni
546 4134 624 4206 regis
638 4135 829 4210 hoeredipetre
844 4152 905 4192 non
921 4152 989 4214 spes
1004 4135 1060 4194 sibi
1073 4140 1189 4195 constet
1202 4136 1270 4208 (20).

500 4227 550 4280 Est
564 4223 688 4298 antiqua
698 4229 829 4300 petrum,
846 4226 967 4284 badunt
981 4241 1051 4282 cum
1065 4229 1158 4296 sucre,
1173 4223 1323 4296 voluntas,

434 4346 479 4398 75.
501 4343 536 4398 Ut
550 4339 634 4409 casti,
650 4339 742 4398 sobrii
756 4339 815 4398 sint
828 4341 967 4398 custodes
981 4340 1195 4400 thalamorum.

500 4431 555 4497 Qui
569 4430 663 4488 nosen
677 4430 800 4500 molere,
814 4430 878 4500 regi
893 4431 932 4488 sit
946 4430 1064 4488 charior
1076 4430 1144 4488 ille:

501 4519 623 4577 Caesaris
636 4518 682 4575 bis
696 4519 813 4590 majora
824 4519 911 4590 jubet
924 4519 1084 4594 descriptio
1099 4519 1195 4589 nocui
1209 4521 1267 4592 (05)

498 4606 597 4664 Devict
610 4605 658 4662 illc
671 4622 754 4662 sacer
766 4606 803 4662 de
819 4606 888 4664 sede
900 4607 1085 4664 monasticus
1098 4607 1173 4664 ordo
1186 4625 1193 4664 r

500 4699 611 4753 Uxores
625 4694 738 4752 ducant
752 4695 903 4769 pulchras,
918 4700 946 4754 ct
958 4695 1061 4773 praelia
1073 4699 1193 4754 tentent.

437 4816 481 4870 80.
501 4812 628 4870 Territus
643 4811 757 4882 edictis,
771 4812 922 4874 meditans
936 4829 999 4886 quo
1010 4813 1131 4870 tendere
1145 4829 1267 4887 possem

500 4902 648 4972 (Rectores
662 4917 763 4958 rerum
777 4901 875 4974 placet
888 4901 1033 4962 accersire
1046 4917 1186 4961 mearum
1201 4902 1285 4972 (00).)

501 4991 617 5058 Omnia,
635 4990 767 5060 siugrdtu
780 4995 882 5061 guttur
895 4991 1057 5064 quatiente,
1071 4989 1195 5056 revolvi,

501 5079 628 5150 Legibus
640 5096 656 5136 e
671 5079 773 5154 patriis
785 5079 911 5140 credens
925 5079 1049 5138 omnino
1061 5082 1187 5143 remota,

500 5169 603 5226 Priscis
616 5169 802 5244 temporibus
814 5169 886 5243 quia
900 5185 962 5230 non
976 5168 1079 5226 audita
1092 5166 1221 5234 fuerunt,

438 5289 482 5342 85.
503 5285 610 5343 Usibus
625 5287 756 5360 exceptis
769 5284 1014 5359 procuratoribus
1031 5282 1108 5356 aptis

502 5375 609 5433 Mittere
623 5379 797 5447 proponunt
811 5389 883 5430 mox
896 5373 1052 5446 explorare
1067 5370 1266 5441 magistrum:

501 5463 595 5521 Gallia
609 5462 665 5520 lert
678 5463 844 5520 monachos
857 5479 936 5535 qnos
948 5465 1070 5521 Petrum
1083 5458 1189 5532 regule
1201 5457 1303 5517 nutrit.
