4000 6170
163 187 217 246 stt
760 169 919 233 ROBERTI
938 165 1042 226 REGIS
1062 167 1286 228 ruhncouult.
1834 171 1893 224 nti

165 309 390 368 consecraretur
405 302 529 375 sanguis
540 301 660 361 Domini
674 299 767 358 nostri
780 300 851 355 Jesu
877 291 993 353 Christi.
1016 293 1040 349 l
1053 307 1072 349 a
1087 293 1201 350 cunctis
1216 296 1245 350 et
1257 309 1377 366 semper
1391 297 1520 352 amanis.
1531 292 1581 350 Die
1594 295 1697 350 autem
1711 291 1894 366 primoper·
1956 278 1957 352 l

163 401 306 459 iunxerat
319 413 351 453 se
367 398 449 452 tanto
471 393 669 468 pontiflcirex
686 393 784 448 mente
805 385 922 446 humili,
946 381 999 456 qui
1051 380 1128 438 fecta
1142 382 1349 440 benedictione
1363 381 1500 450 mirabili,
1515 387 1603 458 pater
1623 383 1712 439 tantus
1727 380 1829 438 factus
1857 379 1895 438 de
1957 376 1958 432 l

166 502 298 562 superno
317 489 414 542 tactus
426 498 530 540 amore
555 481 624 540 fecit
637 482 668 538 in
683 480 749 556 ipso
777 479 883 534 sancto
906 471 999 529 calice
1051 468 1123 538 illio,
1138 471 1309 530 exsultabat
1327 471 1439 543 gaudio
1463 471 1622 530 immenso.
1643 469 1825 528 admonitio
1840 485 1895 544 pa·
1958 476 1959 538 l

164 580 307 652 patenam
319 571 359 630 ad
370 569 594 629 conficiendum
608 570 639 628 in
647 586 683 627 ea
697 583 806 642 corpus
820 563 999 634 Redempto
1052 558 1104 616 tris
1118 559 1213 617 codic
1229 560 1295 618 talis
1311 561 1390 618 facta
1404 561 1491 618 estin
1505 561 1567 618 tilio
1581 560 1665 618 bono
1680 577 1688 616 ε
1706 583 1722 610 u
1737 559 1824 628 tude,
1841 558 1895 660 fili,
1959 574 1960 616 l

163 659 515 734 rismundi‚utessetei
534 659 630 716 crucis
647 656 836 730 signaculum
859 651 889 708 in
913 648 999 706 auxi·
1054 648 1897 750 sempersismemortlei,quitebodieparticipemsm
1960 674 1961 704 t

163 753 240 810 lium
255 755 284 809 et
299 753 406 808 sancte
417 748 521 823 passio
535 763 608 806 vera
626 745 736 804 animes
766 741 924 814 carnisque
950 753 998 796 re·
1053 737 1122 794 fecit
1136 737 1231 809 regni,
1246 742 1279 795 ut
1292 738 1440 812 aequitatis
1454 738 1613 811 etjustitiae
1626 738 1660 795 in
1674 736 1793 796 semitis
1812 735 1896 794 dele·
1961 773 1962 810 5

165 840 309 915 demptio.
326 837 525 896 Nihilominus
539 841 568 894 et
581 837 730 894 domnum
743 829 1000 902 Odolricumepis-
1053 827 1150 884 cteris.
1163 828 1259 896 Quod,
1270 844 1382 902 quaeso,
1392 829 1531 886 attribuat
1541 827 1702 886 mihllieus
1711 833 1745 884 ut
1758 817 1895 896 videam,
1962 872 1963 882 ,

165 945 278 1004 capum
292 927 324 984 in
337 925 515 984 sacerdotali
526 925 704 981 vestimento
718 921 759 978 sic
782 916 949 982 honoravit,
967 919 1001 974 ut
1053 918 1082 972 et
1097 915 1148 972 tihi
1164 920 1197 973 ut
1208 916 1301 973 facias
1311 917 1400 990 juxta
1414 915 1439 990 e]
1446 931 1480 974 us
1492 915 1693 986 voluntatem,
1708 933 1780 990 quae
1794 917 1897 973 omni·

167 1023 270 1076 astam
283 1016 313 1072 in
329 1014 476 1072 sacrificio
488 1013 607 1069 Domini
635 1011 844 1069 circumtectus
864 1023 901 1064 ex
916 1004 1000 1062 omni
1052 1003 1112 1061 bus
1128 1003 1368 1063 desiderantibus
1381 1021 1449 1062 eam
1460 1021 1578 1080 sempor
1589 1006 1688 1064 adest.
1703 1029 1718 1056 u
1733 1006 1817 1062 lnter
1831 1005 1897 1063 haee

166 1110 252 1182 parte
268 1118 342 1161 auro
371 1107 400 1160 et
426 1116 562 1176 purpura
587 1099 748 1156 videretur.
777 1094 935 1154 Urceolum
963 1108 1001 1150 ex
1053 1091 1160 1150 festiva
1173 1092 1319 1152 solemnia
1329 1095 1456 1168 quidam
1471 1094 1660 1167 clericorum,
1672 1111 1790 1152 vesano
1803 1095 1898 1152 corde

167 1191 308 1252 onichino
322 1190 448 1260 factum,
462 1188 546 1262 quod
562 1189 790 1262 comparaverat
815 1199 868 1240 rex
891 1181 1001 1238 ditissi-
1055 1182 1217 1240 meditatus
1231 1182 1687 1258 perversa,acceleratperticere
1697 1199 1744 1241 ea.
1754 1183 1898 1258 Speciem

167 1297 235 1339 mus
249 1278 345 1354 pretio
360 1294 395 1334 nx
410 1277 567 1344 librarum,
583 1276 691 1333 iterum
701 1273 758 1349 ipsi
770 1276 880 1329 sancta
899 1270 1001 1329 Crucis
1054 1271 1134 1328 cervi
1149 1287 1186 1330 en
1199 1276 1324 1344 argento
1338 1289 1423 1329 mero
1437 1272 1505 1330 facti
1523 1273 1569 1330 vir
1584 1272 1636 1330 liei
1649 1273 1769 1330 habens
1785 1273 1819 1330 in
1835 1275 1897 1330 the·

166 1371 234 1427 loco
248 1365 373 1424 contulit
387 1364 479 1423 simul
490 1364 628 1422 eumalio
643 1367 784 1435 argenteo
795 1365 823 1418 et
832 1358 999 1433 manipulo.
1054 1360 1152 1417 sauris
1167 1361 1229 1418 suis
1243 1377 1279 1418 eo
1304 1361 1509 1419 delectabatur
1523 1361 1713 1419 solemnibus
1727 1361 1823 1420 lestis.
1840 1364 1898 1419 Ac·

167 1456 252 1516 Dedit
266 1455 357 1513 etiam
373 1458 401 1511 et
424 1453 515 1528 pallia
530 1453 586 1510 tria
600 1453 730 1528 pretiosa
743 1451 775 1508 in
788 1454 896 1508 ornatu
911 1448 1002 1505 eccle·
1054 1452 1176 1519 ceperat
1189 1447 1247 1505 hoc
1259 1463 1371 1505 munus
1387 1465 1405 1506 a
1420 1449 1496 1506 duce
1511 1452 1757 1506 Narmannorum
1769 1444 1898 1506 Richar-

167 1545 230 1618 sire,
246 1560 301 1618 pro
316 1559 372 1600 oua
398 1557 585 1616 suorumque
612 1540 744 1597 filiorum
767 1539 871 1606 salute,
886 1543 914 1595 et
942 1536 1001 1595 alia
1055 1535 1096 1592 do
1106 1535 1146 1593 ad
1155 1552 1229 1593 usus
1243 1513 1656 1612 humanosquodbenignus
1670 1537 1898 1608 ore,benignus

167 1633 264 1692 multo
277 1649 345 1708 quac
360 1647 423 1689 non
435 1636 562 1704 possunt
576 1630 672 1687 littera
694 1628 791 1685 notari
803 1644 859 1685 nac
873 1641 1001 1684 numero
1016 1644 1037 1701 g
1055 1624 1156 1694 corde,
1171 1624 1303 1697 benigno
1317 1641 1380 1684 non
1394 1625 1506 1684 distulit
1516 1627 1651 1684 conferre
1666 1629 1812 1684 lieo.Erat
1824 1628 1899 1684 huic

167 1720 394 1796 comprehendi.
411 1717 677 1777 Sanctorumenim
693 1733 820 1791 corpora
833 1719 1002 1788 martyrum
1055 1719 1234 1772 ornamento
1249 1714 1412 1788 adjunctus
1427 1715 1559 1790 scyphus
1574 1732 1716 1786 corneus,
1735 1732 1800 1790 quo
1815 1716 1901 1774 defe-

167 1813 367 1888 pretiosorum
380 1808 530 1866 saviniani
547 1812 576 1865 et
588 1807 765 1876 potentiani,
772 1807 824 1880 qui
839 1804 921 1880 passi
932 1808 1004 1862 sunt
1056 1801 1178 1860 rebatur
1187 1802 1294 1862 vinum
1318 1803 1357 1862 ed
1372 1803 1584 1862 celebrandum
1605 1804 1800 1863 sacrificium.
1830 1809 1900 1862 llaec

168 1899 354 1958 acerrimein
369 1898 536 1955 senonensi
559 1896 643 1965 urbe,
658 1913 742 1964 auro,
758 1887 903 1968 'argenta
920 1910 1003 1966 gem-
1056 1892 1207 1966 aspiciens
1219 1892 1345 1967 quidam
1360 1893 1481 1967 pestifer
1491 1899 1521 1952 et
1533 1910 1668 1968 nequam
1691 1895 1833 1967 clericus,
1848 1911 1898 1952 ar·

167 1989 226 2046 mis
240 1988 281 2046 ita
295 1985 411 2043 vestivit
425 1986 500 2042 utin
514 1985 561 2042 his
576 1985 771 2042 delectaretur
798 1983 898 2041 omnis
913 1999 1002 2039 mun·
1056 1983 1135 2056 ripit,
1151 1982 1254 2054 caligis
1274 1985 1419 2055 recondit,
1448 1984 1507 2042 buc
1530 1983 1662 2059 illucque
1685 1977 1802 2042 vadens
1832 2001 1900 2042 non

168 2076 236 2147 due,
253 2075 373 2151 quosin
389 2074 472 2132 terris
487 2090 540 2132 rex
568 2073 829 2142 honorificaverat,
854 2072 944 2130 laude
959 2071 1002 2128 di·
1055 2069 1171 2128 invenit
1197 2071 1244 2128 cai
1273 2089 1309 2130 aa
1327 2067 1497 2130 venditione
1524 2073 1738 2145 contribueret,
1753 2075 1801 2132 vel
1815 2091 1900 2150 qno-

168 2167 245 2239 gnis.
259 2169 403 2223 Pratcrm
417 2163 496 2221 Patri
510 2163 668 2220 Benedicto
683 2168 713 2220 et
726 2163 799 2230 suis,
815 2163 864 2220 cui
884 2177 1003 2234 semper
1056 2160 1149 2218 morlo
1164 2156 1246 2218 illam
1262 2161 1394 2236 speciem
1414 2163 1492 2220 cervi
1518 2162 1672 2221 destruere
1684 2168 1797 2238 posset
1824 2168 1900 2224 Cre·

168 2257 236 2315 totis
248 2256 417 2314 adheserat
431 2252 613 2328 praecordiis,
638 2268 694 2327 pro
710 2268 765 2309 sua
777 2252 808 2309 in
822 2256 883 2309 tota
895 2249 1003 2308 mundi
1056 2243 1192 2307 tiendum
1205 2254 1249 2308 est
1263 2251 1376 2308 cunctis
1404 2251 1496 2325 capii
1515 2252 1594 2323 regis
1623 2259 1740 2311 servata
1765 2255 1899 2327 meritis,

166 2343 323 2402 latitudine
338 2342 509 2401 admirabili
522 2340 792 2415 vita,piscatoriam
807 2339 935 2412 ligeritti
947 2339 1003 2396 tlu-
1056 2339 1109 2413 qui
1120 2344 1181 2397 toto
1196 2341 1285 2398 corde
1301 2344 1363 2398 arat
1377 2342 1438 2399 Deo
1452 2341 1557 2398 tidelis.
1575 2345 1651 2400 Nem
1670 2343 1755 2402 tertia
1767 2343 1900 2402 sabbati

166 2433 258 2490 minis
281 2431 516 2503 benignissimus
540 2430 683 2500 attribuit,
703 2430 818 2504 scripto
828 2427 961 2486 firmavit
973 2432 1004 2487 et
1055 2428 1087 2485 in
1102 2430 1233 2486 oratorio
1248 2429 1349 2488 Turris
1364 2430 1460 2488 Caroli
1479 2430 1655 2506 colloquens
1670 2445 1740 2491 cum
1754 2435 1899 2516 qtlodant

167 2539 206 2580 ex
220 2522 268 2580 his
282 2521 324 2578 nil
337 2521 419 2579 aliud
429 2536 522 2595 quam
538 2519 760 2577 intercessionis
770 2518 849 2576 illius
862 2517 1003 2592 quesivit
1056 2516 1257 2575 familiaritate
1269 2517 1401 2592 perlecta
1427 2518 1482 2604 sibi
1496 2521 1670 2592 conjuncto,
1694 2527 1762 2580 ecce
1778 2519 1829 2579 fur
1844 2537 1898 2580 ve·

167 2611 321 2682 suffragia.
331 2611 388 2668 Sed
398 2615 427 2668 et
439 2608 864 2685 preceptumdcimmunitata
876 2607 1003 2665 Floriaci
1056 2607 1143 2664 niens
1156 2613 1225 2665 ante
1240 2605 1332 2665 altare
1347 2624 1379 2664 se
1395 2600 1528 2676 collocat,
1545 2626 1650 2683 preces
1669 2611 1789 2668 inutiles
1804 2628 1898 2686 spar-

165 2700 236 2768 loci,
253 2715 306 2757 seu
319 2699 356 2756 de
371 2700 417 2757 bis
432 2716 500 2774 quae
515 2699 690 2757 monasterii
704 2703 879 2773 competunt
892 2697 1003 2756 utilita·
1056 2694 1099 2768 git
1113 2701 1141 2754 et
1154 2696 1246 2769 longa
1260 2698 1440 2771 protrahens
1455 2698 1594 2772 suspiria,
1607 2700 1778 2772 facistergio
1789 2701 1897 2759 altaris

167 2789 259 2858 tibus,
276 2788 451 2847 auctoritate
476 2789 559 2861 regia
572 2789 705 2846 firmavit
727 2792 757 2845 et
771 2787 866 2860 sigillo
894 2803 949 2846 suo
970 2793 1005 2846 ut
1056 2785 1174 2861 prolixo
1188 2787 1292 2861 operit,
1307 2787 1397 2844 simul
1412 2805 1481 2845 cum
1496 2789 1625 2863 scypho,
1650 2793 1680 2847 et
1693 2791 1735 2848 stc
1748 2805 1897 2849 veraculi:

166 2878 269 2936 bonus
287 2881 315 2934 et
328 2877 447 2951 sapiens
462 2877 626 2949 insignivit.
642 2878 674 2934 ln
689 2877 874 2935 ornamentis
889 2877 1002 2952 quippe
1055 2873 1114 2930 dus
1126 2874 1208 2943 abiit,
1224 2875 1360 2932 nesciens
1374 2876 1465 2933 miser
1478 2891 1609 2950 quorum
1623 2869 1702 2935 oculi
1717 2891 1809 2953 super
1821 2893 1896 2938 eum

167 2964 377 3023 ecclesiasticis
392 2967 510 3022 Patrem
538 2964 730 3022 Benedictum
754 2966 918 3030 honorans,
940 2982 1002 3040 quo
1017 2999 1039 3058 c
1055 2967 1141 3021 erant
1154 2963 1255 3021 defixi.
1272 2965 1644 3040 Cessansrexacolloquio
1656 2968 1787 3026 vaditad
1800 2969 1896 3027 altare

168 3069 205 3112 eo
217 3069 321 3110 amore
350 3052 484 3110 dilexerit
511 3053 752 3111 manifestissime
772 3055 898 3130 aparuit.
928 3059 1003 3112 Nam
1056 3053 1133 3127 pede
1148 3052 1207 3110 levi
1216 3070 1286 3110 cum
1300 3055 1400 3112 amico
1414 3071 1495 3126 vero,
1510 3061 1540 3112 et
1554 3073 1611 3114 sua
1630 3057 1784 3131 accipiens
1796 3060 1897 3116 reddit

170 3142 264 3200 altare
280 3145 391 3199 sanctae
403 3141 456 3198 liei
470 3142 620 3214 genitricis
634 3143 729 3200 llarise
743 3143 835 3218 pallio
853 3141 1005 3218 pretiosis·
1056 3142 1142 3199 laetus
1157 3143 1305 3216 ministro,
1319 3143 1516 3202 interminans
1541 3145 1623 3202 socio
1651 3159 1700 3216 ne,
1716 3146 1795 3204 dum
1809 3141 1895 3205 advi-

170 3230 247 3288 simo
260 3235 330 3304 post
342 3230 456 3302 ignem,
471 3232 524 3305 qtri
539 3231 593 3288 fuit
607 3231 757 3290 immensa
785 3233 879 3290 nostri
908 3233 1004 3291 sancti
1056 3235 1148 3301 verat,
1163 3248 1275 3290 nomen
1285 3233 1350 3306 ejus
1365 3227 1474 3291 siacum
1488 3232 1689 3292 innotesceret
1697 3241 1728 3293 et
1736 3242 1820 3294 huto
1830 3237 1894 3296 vtro

102 3377 105 3382 ,
167 3317 227 3376 1οοί
240 3318 408 3390 calamitas,
425 3319 579 3392 cooperuit
592 3321 876 3394 ettbymiamaterio
892 3337 1004 3395 usque·
1056 3322 1272 3381 verecundiam
1286 3323 1405 3382 faceret.
1740 3405 1744 3414 ι
1796 3407 1799 3416 ¹

169 3422 293 3482 quaque
308 3406 381 3464 satis
393 3407 534 3476 mirabili,
545 3423 621 3465 auro
635 3413 664 3465 et
675 3410 802 3480 gemmis
817 3410 894 3467 bene
908 3410 1004 3467 eleva·
1092 3414 1200 3470 Verum
1215 3413 1287 3488 quia
1299 3415 1426 3489 opponit
1450 3425 1481 3473 sc
1495 3411 1604 3474 nostre
1631 3417 1803 3478 narrationi
1821 3432 1893 3497 quo

168 3498 200 3552 to
213 3493 389 3563 insublimi,
404 3495 486 3551 hunc
501 3500 638 3553 sanctum
662 3497 853 3556 devotissime
865 3498 1004 3557 nohilita-
1057 3502 1199 3560 rumdam
1213 3510 1362 3578 perverse
1372 3506 1480 3564 mentis
1497 3507 1631 3580 intentio,
1644 3510 1699 3584 qui
1718 3527 1814 3569 omne
1841 3512 1893 3570 bo-

169 3581 223 3637 vit.
236 3582 306 3637 lirat
319 3581 401 3638 enim
416 3583 445 3639 et
456 3581 515 3638 hoo
537 3583 664 3657 adplene
680 3587 861 3643 conveniens
876 3586 1004 3661 thymia·
1058 3607 1132 3648 num
1146 3593 1230 3666 quod
1244 3593 1303 3668 ipsi
1317 3602 1471 3669 nequeunt
1486 3597 1605 3671 assequi
1630 3598 1698 3656 aliis
1715 3600 1853 3659 invidere
1867 3606 1893 3659 et

169 3667 332 3725 materiam
348 3667 500 3725 thuribulo
512 3686 604 3728 aureo
620 3687 638 3728 a
661 3673 804 3731 Gauzllno
828 3674 938 3733 abbate
951 3675 1006 3734 mi·
1058 3680 1250 3753 malignitatis
1264 3683 1419 3752 calcaneo,
1432 3691 1521 3759 prout
1530 3692 1667 3761 possunt,
1682 3705 1826 3763 premere
1835 3707 1894 3750 uon

169 3754 313 3814 rabilium
336 3756 447 3814 factore
461 3762 590 3831 patrato,
615 3761 701 3834 cujus
726 3779 804 3836 opus
826 3763 1006 3837 splendescit
1058 3770 1249 3843 erubescunt,
1274 3773 1397 3848 quique,
1412 3776 1435 3831 si
1451 3776 1524 3850 quid
1551 3792 1692 3835 excessus
1717 3780 1893 3840 humanitus

170 3859 233 3919 praa
245 3844 389 3902 omnibus
404 3861 473 3919 que
487 3846 619 3905 vidimus
629 3849 686 3924 ipsi
699 3852 752 3924 qui
761 3853 826 3910 hec
834 3853 1004 3926 scribimus,
1058 3860 1228 3919 admissum
1242 3867 1298 3932 est,
1314 3879 1350 3920 eo
1365 3869 1473 3922 cuncta
1485 3865 1557 3924 boul
1581 3865 1681 3942 operis
1702 3869 1894 3929 succedentia

169 3932 203 3990 in
217 3931 350 3990 Floriaco
364 3933 440 3991 loco.
463 3935 678 3995 Monasterium
703 3941 731 3997 S.
747 3940 880 3998 cassiani
893 3942 1007 4000 confes·
1059 3950 1196 4021 germina
1222 3947 1330 4010 canino
1345 3949 1432 4012 dente
1458 3953 1608 4015 oblatrant
1632 3958 1789 4028 suffocari,
1816 3957 1894 4020 hunc

172 4022 248 4080 soris
265 4021 378 4080 summi
392 4023 424 4080 in
439 4025 542 4083 lledua
556 4026 683 4093 civitate,
694 4043 761 4101 que
774 4033 804 4088 et
814 4031 1005 4122 augustodu·
1059 4039 1285 4098 sanctissimum
1296 4042 1394 4099 virum
1410 4044 1540 4102 lacerare
1552 4061 1614 4103 non
1626 4047 1894 4120 pertimescentest

171 4125 242 4182 ans,
256 4111 351 4168 nimia
362 4113 496 4171 dirunrm
509 4120 657 4175 vetustata
671 4133 782 4176 anovo
808 4120 964 4180 aedificavit
977 4127 1006 4180 et
1059 4131 1134 4200 Non,
1148 4130 1298 4206 inquiunt,
1314 4132 1379 4190 haec
1400 4151 1466 4209 quae
1483 4137 1600 4210 prolata
1621 4135 1693 4196 subt
1710 4138 1795 4198 bona
1806 4137 1845 4198 de
1859 4149 1894 4198 eo

171 4197 205 4255 in
214 4213 251 4256 eo
263 4199 314 4256 liei
324 4199 479 4260 ministros
487 4203 639 4264 collocans
648 4207 815 4283 abhatiam,
823 4210 900 4268 sicut
908 4211 1004 4285 prius,
1059 4233 1152 4292 opera
1164 4219 1205 4277 ad
1231 4221 1358 4278 salutem
1381 4221 1459 4280 illius
1486 4223 1662 4298 provenient
1685 4227 1803 4296 animae,
1818 4245 1895 4301 quos

172 4288 350 4358 construxit,
366 4290 507 4365 praebens
529 4301 667 4370 sumptus
681 4298 728 4355 his
740 4298 794 4373 qui
819 4299 932 4358 ibidem
945 4303 1006 4360 lieo
1059 4306 1143 4365 niam
1161 4324 1224 4380 non
1243 4309 1397 4369 exhorruit
1422 4313 1538 4371 facinus
1559 4316 1755 4389 copulationis
1769 4315 1889 4384 illicite,

172 4373 365 4433 desemhmt.
381 4377 442 4435 lloc
457 4379 485 4436 si
499 4381 643 4458 studium,
655 4385 721 4442 haec
735 4387 800 4459 ejus
814 4403 934 4462 semper
952 4389 1008 4448 fuit
1060 4397 1135 4455 dum
1149 4405 1346 4458 commatrem
1367 4405 1396 4458 et
1410 4401 1465 4459 sibi
1481 4399 1749 4476 consanguinitatis
1769 4401 1894 4462 vinculo

171 4462 309 4539 inopere
320 4466 372 4524 liei
386 4467 535 4527 voluntas.
1060 4499 1172 4544 nexam
1184 4487 1270 4546 duxit
1284 4505 1419 4549 uxorem.
1446 4493 1580 4559 Quorum
1603 4493 1896 4553 irrationabilitatem

1060 4571 1160 4649 placet
1172 4577 1299 4634 evidenti
1321 4583 1431 4636 sanctae
1457 4581 1615 4656 Scripnirva
1642 4583 1756 4644 indicio
1770 4585 1896 4643 convin-

208 4641 323 4702 Palatio
337 4647 514 4722 compendii
525 4650 675 4710 damnum
690 4654 799 4713 accidit
812 4657 876 4728 regi
888 4658 919 4715 in
929 4657 1008 4718 hirto
1062 4681 1138 4724 cere.
1154 4666 1222 4738 Sed,
1237 4682 1276 4724 na
1304 4667 1378 4725 forta
1403 4669 1546 4744 loquendi
1564 4674 1755 4746 proclament
1780 4677 1897 4735 aditum

173 4731 279 4790 nobili.
296 4735 430 4793 instabat
442 4741 514 4796 tunc
526 4739 591 4798 dies
600 4744 797 4818 Pentecostes‚
812 4747 1008 4822 quospiritus
1062 4755 1119 4812 sibi
1130 4755 1298 4829 intercludi,
1315 4756 1387 4815 dent
1401 4759 1489 4816 nohis
1502 4761 1634 4836 aliquem
1649 4763 1713 4822 sine
1728 4765 1897 4842 prolapsio

173 4824 298 4878 sanctus
314 4823 434 4896 replens
449 4828 567 4885 animas
577 4831 704 4890 mundat
714 4833 848 4893 fidelium
863 4836 966 4907 corda,
976 4842 1008 4896 ut
1061 4861 1099 4902 ne
1112 4844 1230 4903 dedicti.
1246 4846 1316 4911 Quis
1326 4862 1397 4904 vero
1412 4854 1531 4907 castum
1546 4867 1578 4908 se
1591 4852 1703 4910 babere
1717 4871 1772 4912 cor
1786 4855 1897 4930 gloria-

171 4907 396 4983 placeantPatri
409 4916 438 4971 et
452 4915 533 4986 lilio,
549 4919 925 5000 quibuseequalisspirinis
941 4943 1008 4985 san-
1061 4934 1250 4993 bituricum
1262 4951 1317 4992 nec
1343 4936 1432 4994 unius
1461 4938 1520 4996 «liei
1542 4940 1641 4999 infans
1668 4945 1808 5003 mundus
1831 4961 1897 5004 esse

172 4997 211 5054 oti
220 5000 329 5074 portio.
341 5002 449 5061 volens
465 5004 516 5064 illo
527 5007 575 5066 die
588 5012 674 5083 pater
684 5027 736 5069 rex
751 5013 898 5085 gloriosus
911 5015 1007 5075 fllium
1063 5023 1220 5098 Scriptura
1233 5025 1404 5084 testimonio
1418 5029 1632 5104 comprobetur
1645 5033 1659 5090 i
1684 5033 1845 5108 Siquidem
1858 5031 1897 5093 ob

173 5102 264 5146 snum
274 5095 403 5152 statuere
414 5094 445 5152 in
458 5111 572 5170 regem,
587 5101 711 5160 nomine
724 5104 893 5178 lingonem,
935 5111 1008 5165 stre·
1061 5110 1200 5170 inertiam
1215 5114 1427 5190 desipientium
1452 5121 1713 5195 comprimendam
1728 5123 1797 5182 haec
1816 5122 1896 5182 dixe-

171 5175 326 5236 amnne
337 5180 499 5243 nobilitatis
513 5187 669 5260 juvenem,
685 5206 740 5266 pro
754 5193 904 5253 immensa
913 5200 1008 5270 patus
1060 5199 1128 5268 rim,
1144 5217 1205 5261 non
1216 5207 1250 5260 ut
1262 5203 1318 5262 viri
1332 5204 1409 5263 ultro
1423 5208 1724 5286 poenltentisculpam
1732 5213 1895 5272 occidtem.

172 5266 203 5318 et
214 5262 268 5321 filii
282 5266 427 5342 bonitate,
443 5289 512 5347 quae
527 5281 591 5336 erat
612 5279 768 5351 divulgata
782 5286 843 5340 toto
859 5288 1007 5343 terrarum
1061 5288 1142 5346 Sicut
1155 5291 1236 5349 enim
1251 5297 1372 5350 sanctus
1383 5296 1488 5368 David,
1499 5296 1565 5368 lege
1584 5297 1800 5372 prohibibitus,
1813 5297 1897 5360 Beth·

171 5350 256 5422 orbe,
270 5355 492 5421 adfaciendum
502 5382 573 5423 eum
581 5367 743 5429 festinabat
753 5373 852 5430 omnis
861 5375 1005 5450 mundus,
1061 5377 1151 5434 sabee
1164 5387 1269 5437 contra
1282 5381 1326 5439 fas
1354 5385 1526 5458 concupivit
1551 5389 1580 5443 et
1591 5389 1701 5462 rapuit,
1723 5389 1766 5447 ita
1785 5395 1816 5448 et
1828 5391 1895 5462 istc,

171 5441 245 5516 quia
258 5442 464 5508 delectabatur
479 5452 509 5510 in
525 5455 644 5514 talibus.
676 5459 739 5517 Fuit
751 5461 830 5518 enim
843 5462 892 5520 hic
906 5462 1006 5521 honus
1059 5473 1164 5527 contra
1178 5486 1270 5528 merea
1281 5471 1352 5530 fidei
1363 5473 1434 5545 jura
1447 5490 1552 5549 agens,
1567 5477 1724 5550 prefatam
1735 5481 1895 5538 mulierem

168 5529 290 5602 iuvenis
304 5538 559 5599 excellentissimae
574 5547 741 5620 probitatis,
753 5567 859 5609 omnes
874 5552 1005 5626 comple·
1059 5557 1172 5615 nefarie
1188 5559 1244 5617 sibi
1263 5562 1415 5636 copulavit
1427 5579 1563 5623 uxorem.
1593 5567 1636 5624 llli
1661 5584 1723 5626 non
1736 5569 1838 5628 solum
1850 5587 1896 5627 sa·

170 5623 264 5693 cans,
278 5639 387 5685 omnes
399 5627 537 5702 diligens,
552 5635 670 5694 nullum
685 5639 865 5713 despiciens,
875 5639 1001 5706 dilectus
1059 5643 1096 5707 tis
1109 5647 1163 5706 fuit
1175 5649 1206 5705 in
1221 5649 1379 5709 mulierem
1400 5669 1554 5729 peccasse,
1582 5656 1636 5716 sed
1647 5658 1752 5721 molita
1773 5660 1831 5717 viri
1845 5661 1893 5717 in·
