3996 6186
172 139 225 192 727
662 137 815 194 DUDONlS
834 135 963 192 DECANl
985 135 1012 191 S.
1035 135 1188 200 QUlNTlNl
1208 139 1400 196 VlllOldAND.
1845 135 1900 186 728

264 259 401 318 Pluribus
416 260 535 317 sibimet
549 261 637 331 eliget
650 278 755 330 unam,
1019 263 1043 315 A
1375 275 1567 317 srosrrorus.

263 352 395 420 iungens
410 348 573 420 connubio,
587 349 708 417 loedere,
720 353 819 423 paeto,
1059 371 1073 398 α
1093 349 1156 406 Heu
1173 351 1179 406 t
1193 351 1266 425 quid
1282 351 1381 407 adhuc
1392 349 1464 406 luris
1479 348 1651 416 ardescens,
1678 363 1700 404 o
1732 343 1900 418 arnulphe,

264 441 420 511 Quamque
435 443 575 508 vergente
590 445 724 512 tempore
740 438 848 510 dignus
1557 437 1637 510 [odio
1650 433 1870 510 perfidiaque,

264 531 407 586 Nascetur
421 529 516 584 haeres
536 528 677 598 germinis
690 527 770 584 almi.
1058 527 1177 584 invidias
1185 528 1313 585 nimium
1328 527 1455 586 afflictus
1471 526 1556 583 taedis
1570 532 1599 583 et
1610 526 1752 582 laniatus
1769 522 1785 578 ‘t

132 611 137 618 ’
211 619 286 672 Cum
302 621 402 673 autem
424 622 513 674 tantas
540 618 701 674 nobilitatis
727 616 864 688 conjugis
890 614 1005 671 decenti
1058 615 1162 673 Desine
1178 617 1276 674 moliri
1290 622 1393 674 contra
1409 632 1552 690 superum
1568 614 1709 688 velleque
1724 627 1828 687 posse

177 707 376 777 gratularetur
391 707 550 774 consortio,
572 708 783 780 britonicaeque
796 713 885 779 atque
900 706 1004 762 North·
1058 706 1225 761 pervacuus
1239 705 1367 762 nimium
1382 705 1469 764 labor
1493 710 1549 770 est,
1572 720 1664 778 quem
1692 716 1788 758 nune
1816 695 1902 754 corde

177 796 324 853 mannicae
336 797 439 870 patria
454 797 584 871 populos
599 802 749 854 serenaret
760 798 827 870 jure
842 795 1004 864 salutifero,
1685 790 1866 863 [retractas.

177 888 267 957 atque
282 901 336 957 per
350 887 443 942 totam
456 901 533 958 pene
561 886 716 942 Frarrciam
743 884 1006 957 burgundiamque
1058 884 1122 937 h'on
1137 883 1263 955 capitur,
1275 898 1368 956 quem
1383 880 1488 938 desua
1500 881 1551 938 Dei
1560 880 1666 951 sancit,
1690 875 1837 952 protegit
1863 878 1900 930 at·

178 973 292 1028 salubri
305 974 428 1030 consilio
444 975 615 1046 repentinas
630 975 848 1046 insurgentium
858 972 1006 1029 malorum
1786 967 1870 1038 [que-

178 1061 396 1118 commotiones
411 1069 615 1134 compesceret
629 1063 728 1133 dignae
743 1061 898 1135 potestatis
912 1060 1007 1117 domi·
1061 1063 1137 1118 Nam
1145 1063 1255 1134 justus,
1271 1061 1399 1135 probuS,
1419 1061 1577 1130 innocuus,
1607 1063 1748 1126 sanctus,
1776 1054 1902 1130 percele-

179 1151 251 1218 nio‚;
283 1151 407 1223 quidam
434 1157 555 1224 satrapa
581 1153 703 1208 nomine
729 1153 899 1218 Tetboldus‚
924 1151 1008 1207 dives
1727 1146 1871 1220 [brisque

179 1253 284 1312 opum,
299 1239 487 1314 militumque
503 1240 786 1311 sufficientissimus,
799 1240 1008 1298 novercalibus
1061 1239 1200 1310 Marchio,
1217 1240 1430 1314 patriciusque,
1452 1254 1565 1310 comas,
1592 1237 1654 1294 dux
1677 1233 1858 1294 Richardus
1877 1237 1902 1288 et

179 1326 273 1398 furiis,
290 1327 412 1400 zeloque
427 1332 456 1383 et
470 1328 539 1384 odio
560 1346 732 1399 succensus,
763 1330 853 1404 coepit
875 1327 1008 1385 insidiari
1742 1322 1869 1398 [almus

180 1415 206 1471 ei
223 1415 324 1472 multis
339 1416 637 1487 subsannationibus,
652 1419 802 1492 rixarique
816 1422 1008 1489 cortracum,
1062 1423 1190 1490 Aggerre
1204 1417 1383 1491 quadrifidae
1398 1421 1516 1476 mactus
1530 1415 1649 1473 virtutis
1660 1414 1816 1484 rutilanti,

180 1507 209 1560 et
224 1519 400 1576 oppugnare
426 1506 581 1562 incassum
607 1513 716 1564 terram
740 1509 817 1580 ejus.
843 1510 1009 1563 Decerncns
1062 1507 1181 1563 Plebem
1192 1500 1386 1564 commissam
1403 1507 1532 1564 subimet
1546 1510 1632 1579 pater
1644 1509 1679 1562 ut
1693 1504 1832 1573 corriget
1854 1516 1900 1558 au·

181 1597 282 1649 autem
297 1610 328 1648 se
342 1593 417 1650 nihil
428 1601 530 1652 eontra
545 1611 615 1650 eum
627 1595 782 1669 proficere,
793 1595 944 1670 proiectus
967 1595 1011 1649 est
1026 1614 1047 1668 g
1782 1593 1867 1663 [gens

181 1681 221 1738 ad
236 1680 417 1752 Gerbergam
431 1683 556 1754 regiam,
568 1683 724 1756 filiumque
740 1685 804 1757 ejus
828 1687 1009 1740 Francorum
1063 1689 1205 1758 Protegat,
1221 1685 1425 1757 auxiliabitur,
1438 1690 1468 1742 et
1482 1684 1617 1752 salvabit,
1630 1681 1815 1740 refovebit.»

180 1786 283 1841 regem
297 1771 468 1827 Lotharium
484 1778 704 1829 commorantes
729 1773 873 1829 Lauduno
897 1775 1008 1827 monte.
1100 1799 1114 1826 «
1129 1776 1157 1833 Si
1172 1776 1318 1832 universae
1330 1775 1461 1832 Francia
1473 1779 1501 1832 et
1512 1772 1690 1845 Burgundise
1700 1771 1830 1828 militari
1843 1785 1898 1825 ma·

182 1858 238 1924 uui
252 1858 353 1914 multis
367 1861 627 1932 prosecutionibus
643 1862 732 1935 coepit
758 1877 809 1917 eos
835 1876 951 1931 urgere,
980 1865 1013 1916 ut
1064 1881 1106 1921 nu
1119 1864 1220 1933 ascita,
1232 1864 1382 1938 proiectus
1392 1864 1480 1920 luerit
1491 1880 1544 1920 rex
1557 1861 1718 1919 Lotharius
1732 1864 1806 1916 tuus
1822 1859 1897 1914 filius

183 1946 360 2020 decipiendo
373 1948 558 2021 deponerent
570 1966 639 2006 eum
655 1955 737 2007 tanto
765 1951 888 2006 honore.
918 1953 1011 2004 Verre·
1065 1953 1104 2010 ad
1119 1953 1183 2025 ejus
1197 1951 1287 2008 urbes
1303 1951 1530 2019 munitissimas,
1548 1951 1595 2006 ille
1620 1949 1646 2005 si
1659 1947 1807 2006 maluerit
1821 1946 1896 2002 rcsis

183 2053 283 2110 noque
294 2037 395 2094 livoris
409 2038 546 2111 inlectus,
563 2039 681 2097 dicebat
693 2041 756 2112 regi
769 2045 796 2096 et
822 2040 910 2096 matri
923 2039 1010 2109 ejus:
1065 2047 1129 2100 tens
1144 2041 1299 2097 dimicabit
1309 2046 1413 2097 contra
1427 2057 1506 2096 eum.
1527 2039 1555 2100 Si
1580 2054 1653 2107 non,
1676 2041 1846 2110 componet
1867 2049 1894 2088 se

185 2149 198 2176 α
212 2127 316 2184 lllirum
330 2126 445 2185 mibiet
468 2129 610 2185 omnibus
643 2146 696 2185 cur
720 2133 809 2186 tantae
833 2126 1011 2199 arrogantiae
1066 2131 1287 2188 infirmissimis
1307 2129 1524 2187 munitionibus
1550 2128 1777 2186 tutissimarum
1802 2115 1894 2181 civita-

183 2232 285 2273 comes
298 2216 718 2276 Richardusllortmannicum
734 2219 947 2290 Britonumque
971 2222 1012 2273 te·
1064 2225 1138 2277 tum.
1155 2220 1287 2293 Denique
1302 2219 1483 2290 conglobato
1498 2217 1738 2275 christicolarum
1766 2229 1894 2289 pagano

184 2322 259 2362 nens
270 2321 398 2376 regnum
413 2308 541 2380 quietus,
556 2325 645 2382 super
656 2313 783 2367 Francos
791 2312 1012 2383 praesumptuo-
1064 2327 1193 2384 rumque
1208 2309 1348 2379 exercitu,
1365 2309 1556 2383 depopulans
1570 2312 1678 2364 cuncta
1704 2304 1892 2377 aggredietur

185 2410 218 2450 sa
241 2396 403 2453 temeritate
427 2398 523 2454 elatus
550 2399 736 2473 principatur
763 2403 926 2456 contumax
949 2413 1011 2471 prae
1065 2401 1156 2457 urbes
1172 2415 1253 2468 suas,
1271 2403 1298 2455 et
1314 2399 1339 2455 si
1353 2400 1427 2456 torte
1442 2399 1620 2472 ceperiteas,
1631 2400 1818 2452 Francorum
1830 2396 1891 2450 Bur-

184 2484 337 2541 omnibus.
351 2489 409 2544 Nec
423 2490 493 2557 Deo,
509 2505 564 2546 nec
577 2489 629 2546 ulli
654 2489 769 2561 militat,
796 2488 957 2546 famulatur
985 2491 1013 2544 et
1065 2489 1312 2562 gundionumque
1327 2487 1436 2544 tenebit
1450 2503 1571 2543 securus
1589 2501 1692 2557 regna.
1710 2481 1884 2540 Prudentius

185 2574 273 2632 servit
290 2591 413 2644 ,verum
428 2577 459 2632 in
475 2594 536 2634 suar
549 2577 954 2654 praesumptionisiactantia,
969 2577 1013 2632 in·
1068 2577 1349 2652 congruensiusque
1358 2582 1402 2634 cst
1411 2593 1481 2633 cum
1491 2575 1561 2633 dolo
1571 2575 1761 2648 aliquatenus
1770 2585 1889 2628 cumea·

184 2664 329 2721 reverenti
344 2665 446 2722 animo
458 2667 607 2741 cordeque
621 2669 763 2726 infrunito
782 2667 914 2724 confidit.
939 2670 1013 2723 Nos·
1065 2683 1147 2742 pere,
1158 2683 1251 2740 quam
1264 2666 1472 2722 monarchiam
1487 2665 1551 2737 ejus
1565 2665 1732 2731 devastare,
1744 2660 1886 2732 urbesque

184 2758 298 2810 trorum
321 2770 473 2827 quemque
495 2757 692 2829 parvipendit,
719 2759 959 2829 Francorumque
982 2760 1014 2812 ut
1068 2757 1225 2824 obsidere,
1241 2756 1313 2828 quia
1327 2755 1401 2811 nihil
1414 2755 1605 2830 proficiemus
1619 2753 1651 2809 in
1662 2753 1720 2808 hac
1735 2747 1886 2822 expeditio

184 2858 237 2897 rex
251 2841 362 2896 ditione
378 2841 509 2914 superba
522 2844 695 2900 dominatur
709 2844 827 2914 etregit.
839 2845 931 2916 liuius
944 2861 1013 2902 con·
1067 2863 1115 2903 ne.
1131 2843 1357 2901 animadvertet
1367 2843 1446 2900 enim
1456 2841 1646 2917 propositum
1658 2836 1815 2897 voluntatis
1824 2851 1885 2891 nos-

185 2928 250 2984 silio
264 2932 428 2984 tractantur
441 2935 549 2987 cuncta
566 2948 634 3005 quea
660 2933 852 3002 Francigcnis
879 2938 949 2990 sunt
971 2935 1015 2991 in·
1031 2968 1051 3025 C
1068 2942 1118 2994 trse
1132 2935 1236 3008 sicque
1251 2934 1367 2990 cautius
1381 2933 1512 2990 tuebitur
1526 2949 1566 2989 se.
1583 2935 1701 3000 Verum,
1724 2928 1800 2986 mitta
1810 2925 1882 2996 lega-

185 3015 357 3072 commoda.
373 3020 437 3073 Non
451 3023 498 3074 est
512 3019 553 3076 tui
567 3036 622 3077 nec
635 3021 728 3077 nostri
743 3021 866 3078 honoris
888 3027 921 3079 ut
948 3023 1014 3080 talis
1068 3031 1132 3084 turn
1148 3025 1187 3082 ad
1198 3027 1381 3081 Brumoncm
1402 3023 1610 3081 coloniensem
1637 3019 1877 3091 archiepiscopum

187 3119 288 3161 comes
313 3103 485 3162 dominetur
499 3108 601 3166 nostri.
618 3108 751 3166 Dedecus
766 3111 879 3185 quippe
907 3117 951 3169 est
974 3112 1015 3169 tui
1068 3117 1190 3173 tratrem
1204 3119 1300 3182 tuum,
1313 3114 1536 3170 Lothariensem
1553 3111 1661 3167 scilicet
1671 3109 1768 3164 ducem
1781 3099 1876 3177 praci-

184 3193 302 3266 imperii
315 3195 388 3268 quia
399 3197 661 3266 Burgundionibus
685 3199 822 3273 imperat,
850 3202 1015 3275 Aquitanos
1068 3222 1174 3280 puum,
1187 3209 1219 3260 ut
1228 3203 1328 3260 veniat
1343 3202 1381 3258 ad
1398 3208 1425 3258 te
1437 3206 1560 3275 propter
1579 3200 1665 3271 hujus
1679 3193 1778 3252 erroris
1790 3204 1875 3259 nego-

185 3282 284 3352 arguit
295 3287 324 3340 et
337 3282 482 3356 increpat,
499 3285 628 3343 britones
648 3292 676 3344 et
701 3289 922 3346 Northmannos
941 3281 1017 3360 regit
1069 3296 1155 3365 tium,
1171 3289 1360 3366 decipiatque
1376 3291 1502 3363 alicujus
1521 3287 1687 3346 caliditatis
1709 3282 1879 3359 sophismate

185 3375 214 3427 et
228 3370 386 3440 gubernat,
400 3372 598 3431 Flandrenses
612 3376 745 3433 minatur
762 3382 790 3433 et
803 3377 948 3450 devastat,
961 3379 1015 3434 Da·
1071 3385 1252 3441 gichardum
1265 3387 1353 3440 tantae
1370 3381 1505 3439 elationis
1533 3380 1660 3436 virum.»
1689 3375 1764 3432 illico
1788 3369 1882 3439 regina

186 3475 237 3516 cos
252 3464 280 3517 et
296 3461 517 3531 Lotharienses,
534 3465 701 3536 quinetiam
716 3468 849 3524 Saxones
865 3467 921 3523 sibi
947 3483 1016 3523 con·
1069 3475 1159 3531 mittit
1173 3475 1212 3530 ad
1226 3477 1405 3544 Brunonem,
1422 3477 1451 3528 et
1465 3486 1587 3527 omnem
1602 3469 1693 3540 hujus
1714 3457 1881 3535 deceptionis

185 3549 275 3605 nectit
289 3553 318 3605 ct
330 3550 476 3608 conciliat.
493 3553 579 3623 Angli
589 3570 711 3628 quoque
725 3555 750 3610 ei
763 3555 935 3612 obedienter
948 3555 1016 3612 sub·
1070 3563 1228 3620 mandavit
1240 3561 1458 3619 seriem.}3runo
1469 3575 1541 3616 vcro
1554 3557 1638 3632 petiit
1647 3554 1799 3614 Franciam
1806 3549 1882 3614 illico,

186 3637 309 3705 duntur,
321 3638 399 3695 Scoti
410 3642 438 3695 et
451 3639 668 3715 llibernesejus
678 3643 845 3716 patrocinio
859 3648 1013 3716 reguntur.
1068 3651 1252 3724 veniensque
1260 3649 1506 3708 virmandensem
1514 3644 1726 3722 pagum,misit
1734 3637 1883 3717 quemdam

187 3726 329 3783 Omnium
340 3727 452 3803 quippe
465 3745 629 3802 regnorum
641 3749 747 3790 omnes
762 3739 864 3803 gentes
878 3733 905 3790 ei
920 3734 1016 3790 tarsu-
1070 3740 1247 3814 episcopum
1263 3739 1315 3813 qui
1330 3739 1441 3796 diceret
1452 3735 1600 3793 Richardo
1612 3735 1643 3790 in
1662 3733 1733 3790 dolo
1749 3751 1756 3788 :
1772 3755 1784 3782 ιι
1798 3731 1884 3784 urano

186 3812 288 3871 lantur
298 3819 326 3872 et
340 3815 495 3889 obediunt,
506 3835 562 3875 nec
577 3825 621 3876 est
635 3819 691 3876 nisi
710 3825 743 3878 tu
762 3826 853 3895 queat
880 3822 1016 3878 resistere
1071 3828 1255 3888 Coloniensis
1270 3826 1473 3901 archipresul,
1488 3825 1556 3884 licet
1571 3823 1724 3896 indignus
1754 3818 1805 3878 tibi
1826 3813 1886 3872 fide·

188 3903 370 3978 superbienti
392 3907 550 3965 temeritati
576 3908 641 3980 ejus
668 3909 857 3984 militumque
881 3928 1016 3968 suorum.
1069 3917 1144 3974 lium
1155 3917 1327 3974 orationum
1342 3932 1463 3972 munus.
1481 3913 1629 3981 Quoniam
1652 3910 1778 3986 quidem
1800 3907 1886 3962 noster

187 3994 278 4064 Magis
293 3995 449 4068 somogia,
466 4013 618 4071 supraque
631 3999 703 4055 satis
716 3999 888 4071 ingruenter
903 4001 1019 4058 consor·
1073 4004 1259 4063 seniorbena
1281 4005 1360 4062 norit
1385 4003 1467 4078 quod
1491 4001 1681 4072 evangelicus
1708 4011 1807 4054 sermo
1829 3990 1887 4048 refe·

187 4086 267 4138 tatur
278 4088 307 4139 et
320 4085 515 4158 praevalescit,
530 4103 585 4144 neo
600 4089 749 4146 multiflua
761 4089 888 4148 militum
912 4107 1020 4162 conge·
1071 4094 1166 4152 rando
1178 4094 1258 4164 dicit;
1275 4097 1364 4152 Beati
1373 4094 1505 4165 pacifici,
1521 4091 1663 4164 quoniam
1674 4089 1734 4159 stit
1747 4088 1803 4144 Dei
1815 4095 1887 4141 vora·

189 4169 231 4225 rie
254 4171 410 4228 confidens
435 4175 589 4248 resipiscit.
619 4178 690 4236 Vide
728 4195 765 4236 ne
799 4197 926 4252 regnum
967 4181 1019 4238 tibi
1073 4185 1196 4242 buntur.
1212 4183 1323 4241 ideirco
1338 4183 1448 4240 obnixe
1461 4185 1599 4254 precatur
1615 4183 1645 4234 ut
1673 4176 1776 4234 venias
1802 4175 1888 4230 contu

189 4259 411 4317 hereditarium
421 4269 545 4320 conetur
557 4282 648 4338 super
660 4272 687 4325 te
700 4269 853 4341 invadere,
869 4274 956 4344 teque
978 4270 1018 4328 ab
1073 4291 1143 4331 eum
1159 4273 1352 4330 ambianensi
1366 4288 1446 4346 pago
1461 4270 1604 4326 velocius.
1621 4266 1743 4324 Audivit
1757 4267 1834 4322 enim
1853 4273 1889 4314 er·

189 4345 240 4403 illo
264 4349 461 4408 exterminare
491 4358 520 4409 et
559 4356 726 4412 extrudere.
755 4359 783 4416 Si
804 4361 887 4433 quod
910 4361 1018 4433 injuste
1073 4380 1155 4421 rores
1165 4363 1383 4435 insurgentium
1398 4363 1428 4419 in
1441 4367 1467 4416 te
1477 4361 1621 4426 rixarum,
1645 4361 1769 4429 vultque
1791 4345 1890 4410 ardeuil

190 4441 271 4494 tenet
298 4441 422 4508 teneres,
451 4441 554 4500 omnia
577 4458 671 4515 regna
699 4445 752 4502 tibi
773 4448 926 4506 vindicare
954 4449 1019 4524 qui·
1075 4451 1377 4510 animoobamorem
1393 4455 1479 4507 tuum
1499 4449 1603 4504 sedare
1632 4451 1764 4502 tumores
1789 4453 1889 4498 earum·

190 4543 248 4584 res·
263 4551 277 4578 >¹
299 4528 411 4586 Harum
438 4531 551 4606 quippe
578 4533 730 4594 fallacium
759 4538 924 4612 ambagum
948 4541 1020 4598 ollo-
1036 4537 1058 4590 D
1073 4547 1110 4600 Te
1123 4546 1152 4599 et
1166 4557 1268 4613 regem
1283 4545 1525 4614 nepotemsuum
1550 4531 1746 4594 inextricabili
1768 4527 1892 4588 concilia·

190 4617 263 4692 quio
278 4618 391 4688 audim,
408 4619 564 4680 subintulit
575 4623 717 4683 Tetboldo
745 4628 850 4699 regina
877 4630 966 4687 tristis
993 4636 1022 4688 et
1073 4631 1248 4700 hitioedcre,
1262 4635 1290 4687 te
1305 4634 1335 4686 et
1355 4627 1548 4698 Tetboldum,
1574 4629 1758 4696 ceterosque
1781 4618 1891 4677 malive

191 4711 365 4765 commota:
383 4711 454 4766 ‹Tu
470 4713 564 4770 nostri
580 4714 683 4770 secreti
712 4717 859 4788 conscius,
887 4719 1023 4775 secretio-
1072 4722 1118 4778 los
1131 4719 1302 4795 pacificabit
1321 4719 1445 4792 dempta
1458 4715 1600 4790 pestilera
1614 4714 1777 4771 voluntate.
1800 4705 1893 4767 Omnia

190 4796 291 4870 risque
315 4798 431 4855 consilii
455 4798 535 4858 fidus
559 4804 735 4862 secretarius
762 4810 790 4863 et
813 4807 1020 4878 consiliarius;
1074 4827 1168 4882 regna
1181 4809 1300 4884 nepotis
1314 4808 1435 4865 ditionis
1448 4811 1538 4863 recta
1562 4803 1657 4861 ambit
1678 4801 1744 4873 lege
1770 4807 1893 4856 coercere

191 4886 231 4944 da
245 4889 333 4946 nobis
346 4891 505 4948 consilium
528 4909 619 4966 super
635 4895 682 4951 his
711 4895 812 4953 rebus.
840 4897 952 4954 Nullius
976 4899 1022 4970 ju·
1074 4907 1103 4959 et
1117 4915 1265 4967 serenare,
1281 4914 1430 4972 omneque
1444 4895 1578 4968 jurgium
1593 4893 1763 4965 discerpere
1785 4894 1815 4946 et
1837 4899 1894 4942 con·

193 4977 323 5035 vaminis
336 4979 443 5038 virtute
452 4981 574 5056 suffulti,
586 4983 643 5040 nisi
657 4983 718 5058 Dei,
730 5001 890 5058 precamur
904 4992 937 5044 ut
960 5004 1023 5045 mo-
1076 4990 1193 5048 sulcare
1218 4987 1373 5045 Desiderat
1399 4987 1478 5043 enim
1504 4999 1611 5041 omnes
1639 4971 1894 5038 connecteretur

190 5070 240 5122 tus
250 5066 358 5139 pietate
374 5069 405 5127 in
433 5071 491 5128 boc
518 5075 650 5144 negotio,
677 5074 838 5133 clementer
864 5093 1022 5136 succurras
1076 5078 1149 5136 litati
1165 5077 1211 5135 sui
1230 5077 1358 5150 nepotis,
1381 5075 1483 5148 sicque
1511 5071 1623 5129 sedatis
1654 5069 1788 5127 rixarum
1818 5059 1894 5121 turbi-

192 5153 292 5210 nobis.
305 5160 485 5216 aversamur
497 5161 620 5236 indique
636 5180 733 5236 secus,
748 5170 776 5222 et
783 5167 1021 5242 comprimimur,
1076 5167 1176 5236 nibus,
1192 5170 1341 5240 pactaque
1352 5165 1391 5222 ab
1408 5163 1551 5221 omnibus
1566 5177 1651 5236 pace,
1668 5159 1708 5216 ad
1732 5173 1789 5214 sue
1812 5164 1894 5226 regra

191 5245 221 5299 et
234 5256 387 5316 nusquam
401 5249 464 5304 tuta
478 5249 553 5306 fides
568 5253 724 5326 reperitur.
742 5276 756 5304 »
771 5255 932 5312 'letholdus
951 5274 1022 5315 vero
1078 5258 1137 5315 di.»
1147 5261 1228 5314 'lunc
1254 5256 1418 5313 Richardus
1445 5252 1579 5310 marchio
1603 5247 1836 5320 benignissimus
1858 5237 1895 5296 his

192 5345 295 5386 comes
310 5331 434 5404 cupiens
449 5337 574 5409 perdere
599 5341 669 5398 dolo
694 5345 812 5415 penitus
841 5345 1022 5402 Richardum
1078 5346 1192 5404 dolosis
1207 5345 1349 5402 affatibus
1365 5344 1520 5417 deceptus,
1537 5340 1626 5412 erepit
1641 5339 1682 5394 ire
1710 5339 1815 5391 eontra
1835 5335 1893 5388 Bru-

192 5423 281 5476 tantae
295 5421 451 5495 probitatis
463 5427 633 5504 patricium,
651 5432 807 5491 subintulit
832 5433 942 5506 reginas
965 5436 1023 5496 hoc
1077 5451 1190 5492 nonem
1207 5450 1276 5491 cunr
1287 5433 1348 5490 suis
1361 5429 1510 5488 fidentius,
1536 5431 1670 5500 Cumque
1696 5424 1815 5483 adesset
1827 5429 1894 5514 pago

191 5510 360 5572 consilium.
1080 5513 1894 5594 Delr'acensissrunoqueAmblancnsi,drequadenotat·

1081 5617 1187 5690 patum
1199 5616 1263 5670 erat
1276 5627 1328 5670 eos
1341 5609 1430 5686 simiai
1443 5605 1583 5698 colloqui,
1596 5605 1742 5668 venerunt
1769 5601 1809 5660 ed
1833 5607 1893 5654 eum
