3996 6186
134 209 185 266 027
609 207 763 265 bunonis
782 207 914 263 bsanl
934 208 962 262 S.
983 205 1149 273 QUINTINI
1167 205 1362 266 ultonem.
1786 209 1840 272 628

132 332 222 391 Malas
235 336 263 388 et
276 332 366 388 frenis
380 330 512 387 consutis
527 331 697 404 stringeque
712 331 849 387 habenis.
1014 331 1048 386 Ni
1059 331 1222 403 opitulante
1239 335 1308 402 lieo,
1322 334 1374 406 qui
1386 334 1453 405 iure
1467 335 1631 408 triumphat
1645 337 1684 394 ab
1697 338 1767 409 alto,

135 421 181 479 Sic
194 421 304 492 poteris
317 419 418 475 forsan
432 435 593 492 peragrare
604 421 684 476 dam
699 419 893 482 luculentam,
1013 420 1160 492 'resteque
1176 421 1316 486 Quintino
1331 423 1362 479 ni
1376 421 1575 480 intercedente
1589 425 1688 492 besto,

134 510 211 578 Quin
226 523 374 582 erresque,
389 525 470 580 ruas,
486 510 657 578 otl'endaris,
675 525 850 582 pereasque,
1012 513 1107 581 Atque
1123 509 1198 582 ipso,
1216 511 1264 566 cui
1278 526 1358 568 nnnc
1382 515 1519 569 canimus
1532 527 1600 587 quse
1615 515 1705 584 gessit
1719 521 1839 574 armis.

657 981 871 1099 tisun
927 980 1316 1106 SECUNDUS.
1391 1097 1392 1100 ,

434 1405 723 1494 Plaustris
766 1403 1010 1492 HEROICO
1067 1406 1256 1494 Merrae
1304 1410 1543 1496 libertast

775 1610 833 1666 Cui
850 1609 1014 1680 sartjcctam
1034 1608 1199 1670 filciacum.

876 1765 1081 1782 *-

136 1923 240 1980 Priscis
252 1923 350 1980 insula
365 1929 474 1991 ereata,
488 1928 603 1980 vocata.
623 1966 630 1979 .
648 1966 653 1979 .
673 1963 679 1978 .
695 1926 785 1989 extat,
980 1920 1005 1972 A
1054 1921 1134 1986 Quos
1147 1922 1332 1982 diatessaron
1348 1930 1375 1981 et
1387 1925 1526 1999 diapente
1541 1927 1629 1992 favet,

172 2011 303 2082 Pinguis,
320 2013 464 2082 agrifelix,
478 2012 562 2069 dives
577 2027 740 2085 opumque,
757 2010 858 2065 laum:
1017 2009 1246 2084 Cornrnistisque
1261 2014 1337 2070 tonis
1352 2031 1429 2088 quos
1442 2015 1566 2072 dissona
1580 2015 1682 2072 limate
1696 2015 1828 2074 formant

137 2101 265 2173 Gurgitis
279 2103 418 2158 immensi
429 2101 523 2157 limbo
536 2101 695 2174 praciucta
711 2098 843 2173 perenni,
1054 2101 1197 2172 Erpensis
1213 2103 1283 2159 artis
1299 2105 1470 2176 disparibus
1484 2107 1628 2160 numeris.

173 2191 273 2249 Marcis
286 2191 439 2259 munifica,
454 2191 567 2248 foenore
578 2190 759 2263 multiplicis.
1017 2190 1124 2262 Sexqui
1141 2197 1246 2248 octava
1263 2198 1367 2250 tonum
1380 2195 1525 2267 quoniam
1538 2195 1692 2269 proportio
1705 2195 1827 2264 claudit,

137 2280 237 2336 Plures
251 2284 320 2336 sunt
332 2284 437 2354 portus
452 2281 521 2336 hine
536 2280 608 2336 inde
621 2279 805 2345 altrinsecus,
822 2281 911 2349 atque
1055 2282 1086 2334 Et
1100 2279 1285 2338 diatessaron
1301 2299 1361 2355 pax
1376 2285 1491 2357 epitrita
1505 2285 1586 2355 ligat.

173 2369 299 2426 Muneris
310 2374 339 2426 et
349 2369 424 2425 rarii
436 2368 565 2425 navibus
579 2368 723 2441 impliciti.
811 2399 816 2408 ·
1018 2370 1051 2424 Et
1063 2369 1202 2442 diapente
1217 2372 1347 2428 melodia
1361 2374 1415 2431 rite
1428 2374 1546 2430 emiolia
1561 2375 1665 2442 sancit,

138 2459 208 2522 Quae
222 2459 324 2529 genuit
338 2458 482 2514 Dedalum
498 2458 607 2514 multas
620 2458 659 2514 ad
673 2457 763 2514 laude
774 2455 915 2534 peritum,
1052 2457 1174 2516 Servata
1188 2459 1253 2532 lege
1267 2461 1338 2518 artis
1353 2463 1555 2519 arithmeticas.

176 2550 271 2622 Supra
285 2549 368 2622 quod
383 2549 454 2605 satis
469 2553 513 2604 est
527 2548 641 2605 artibus
655 2553 744 2620 atque
757 2546 861 2602 scium.
1018 2549 1051 2602 Et
1063 2547 1260 2616 diatessaron,
1275 2551 1426 2623 diapente,
1442 2551 1531 2608 simul
1545 2551 1692 2625 diapason

140 2637 195 2704 Qui
209 2638 326 2709 fugiens
340 2639 496 2712 quondam
510 2638 633 2696 ldinoeia
646 2637 759 2694 moenia
773 2652 841 2692 cera
1055 2638 1173 2694 Sancite
1188 2639 1281 2712 duplo
1297 2640 1455 2712 perficiunt
1467 2657 1603 2698 numero.

174 2727 258 2785 Nenit
272 2733 341 2786 actu
356 2729 420 2786 alas
434 2729 559 2785 mirifico
576 2729 694 2785 sibimet
1020 2725 1154 2799 Triplicis
1169 2732 1198 2783 et
1212 2728 1316 2784 formae
1330 2729 1478 2801 diapason
1493 2735 1522 2785 et
1535 2729 1684 2802 diapente,

138 2818 319 2892 Praepetibus
334 2818 441 2892 pennis
456 2835 587 2875 vacuum
602 2833 671 2875 aera
684 2833 773 2890 posse
787 2816 881 2873 meari
1055 2815 1160 2888 Bisque
1175 2816 1324 2890 diapason
1338 2819 1509 2892 quadrupla
1522 2818 1696 2875 consolidat.

174 2907 241 2979 lpse
255 2912 347 2974 ratus,
364 2911 426 2963 tuto
441 2908 605 2964 consimilis
618 2907 741 2963 volucri.
882 2973 888 2988 ι
925 2931 930 2943 .
1019 2907 1083 2959 icor
1098 2919 1177 2960 nunc
1197 2905 1296 2960 nimiis
1311 2906 1488 2962 rancoribus
1503 2911 1592 2980 atque
1604 2921 1767 2980 repungor,

139 2996 273 3052 Atlscivit
287 2995 391 3052 levitas
406 2998 545 3053 comitem
560 2997 718 3053 temeraria
733 2999 849 3064 natum,
1056 2995 1088 3048 Et
1102 2993 1237 3049 stimulor
1249 2994 1397 3066 pavitans,
1414 2995 1649 3069 concutitiorque
1664 3001 1806 3052 nameus.

175 3085 390 3158 incautumque
405 3084 478 3142 levis
492 3085 616 3157 foederis
627 3090 717 3158 atque
733 3085 841 3157 operis.
1020 3082 1079 3137 lla!
1098 3098 1135 3137 ne
1151 3085 1177 3138 ta
1193 3083 1336 3154 subigant
1350 3085 1508 3142 temeraria
1521 3085 1636 3140 ludicra
1653 3085 1743 3156 vulgi,

138 3173 231 3248 Inque
244 3174 322 3232 latus
337 3175 427 3232 subiit
438 3177 545 3249 pennis
560 3177 661 3233 Icarus
679 3175 773 3249 patris
788 3173 861 3230 actis
1056 3170 1099 3226 Ha
1112 3171 1118 3225 t
1133 3185 1170 3226 ne
1186 3171 1368 3244 praecipitem
1384 3171 1511 3228 fulmina
1524 3173 1707 3230 concutiant.

173 3265 315 3322 Patrizara
330 3266 433 3323 volens
447 3266 539 3338 aliger
552 3264 729 3338 intrepidus.
981 3263 1001 3316 B
1019 3261 1125 3314 Erutus
1138 3258 1253 3315 insidiis
1267 3276 1328 3332 quo
1343 3260 1441 3332 possis
1452 3262 1519 3332 jure
1534 3261 1619 3329 tueri,

136 3351 265 3411 Dedulus
280 3355 319 3412 ad
334 3355 447 3425 gelidas
459 3360 544 3429 pater
556 3355 684 3428 impiger
703 3353 800 3409 evolat
813 3353 928 3422 Arctos,
1056 3351 1127 3404 Ecce
1144 3349 1263 3406 salubre
1276 3349 1329 3406 tibi
1342 3351 1443 3423 accipe
1458 3351 1626 3408 eonsilium.-

173 3439 383 3512 Telluremque
395 3440 456 3495 suis
469 3439 564 3510 attigit
577 3439 625 3494 hic
639 3437 776 3511 pedibus.
1020 3437 1209 3510 Propositum
1224 3439 1322 3495 cordis
1338 3440 1465 3496 Domino
1480 3441 1599 3497 comitto
1614 3441 1740 3508 muana,

138 3527 291 3584 calcidicis
303 3529 426 3584 taudem
442 3544 532 3600 super
545 3527 657 3584 adstitit
672 3526 791 3582 arcibus
805 3525 879 3598 ipse,
1057 3525 1180 3582 Ludicra
1193 3525 1356 3598 disperdat,
1373 3527 1492 3599 fulgura
1506 3528 1655 3585 discutiat.

173 3615 287 3671 Dentris
300 3616 459 3686 frigoribus
472 3630 585 3685 gnarus
600 3615 712 3671 habere
728 3614 864 3670 modum.
1019 3614 1162 3671 auaitum
1177 3615 1290 3671 sensim
1305 3621 1432 3689 pontum
1446 3623 1472 3672 te
1487 3617 1634 3690 provehat
1648 3617 1728 3673 ultra

137 3703 241 3761 Nobila
254 3703 414 3760 delubrum
429 3703 543 3760 Phoebo
558 3704 728 3776 statuitque,
744 3703 864 3774 dicavit,
1055 3703 1194 3760 Flaminis
1209 3705 1343 3762 almifluo
1356 3707 1424 3763 alite
1439 3705 1577 3778 septiflui.
1666 3693 1669 3699 ’

173 3793 275 3851 Exsuit
288 3794 336 3850 hic
351 3792 414 3851 alas
431 3809 563 3866 moxque
579 3793 756 3850 salutiferas.
1019 3795 1115 3866 Atque
1131 3794 1195 3850 solo
1211 3799 1300 3851 temet
1315 3795 1401 3852 sistat
1413 3795 1519 3868 pingui
1533 3799 1560 3852 et
1576 3795 1692 3866 carcub,

137 3883 264 3941 liedulea
278 3883 396 3940 soboles
412 3883 512 3939 miuus
524 3883 639 3953 integer
654 3898 722 3938 arce
737 3882 839 3955 pericli
1056 3881 1163 3937 Evulso
1178 3899 1301 3939 nemore
1316 3882 1427 3938 fruticis
1441 3887 1470 3939 et
1484 3879 1583 3940 silicis.

173 3973 292 4032 Venturi
306 3974 444 4030 incautus
461 3972 566 4029 celsior
581 3977 671 4045 atque
684 3985 801 4028 means.
1020 3970 1237 4044 ithetoricoque
1253 3976 1337 4029 tuum
1353 3972 1505 4028 foecundet
1518 3978 1638 4030 nectare
1653 3988 1779 4028 sensum

138 4063 268 4122 elimatis
281 4064 392 4137 impuri
407 4063 498 4120 subiit
510 4063 578 4136 plus
593 4062 688 4118 ardua
698 4061 789 4132 justo,
1054 4060 1209 4116 Armorioo
1224 4060 1334 4133 pariter
1348 4060 1463 4117 debriet
1475 4066 1505 4117 et
1514 4061 1649 4119 modulo.

172 4147 246 4207 Cera
259 4164 330 4207 mox
343 4151 457 4224 liquida
470 4165 571 4225 penna
585 4151 682 4207 soluta
698 4154 808 4206 manet.
1020 4147 1173 4221 ricquisita
1187 4147 1254 4205 aliia
1267 4149 1380 4222 plectro
1394 4165 1462 4206 eum
1478 4149 1589 4208 fidibus
1603 4150 1644 4206 ita

137 4237 310 4308 cognomen
326 4238 433 4310 pelago
448 4239 531 4295 dedit
544 4239 652 4296 obrius
668 4239 768 4294 icarus
783 4238 857 4312 ipse,
1054 4237 1226 4294 Ymnizante
1239 4237 1334 4294 melos
1350 4237 1477 4310 psallere
1493 4255 1567 4295 voce
1581 4255 1686 4312 queas.

173 4327 291 4398 Gurgite
304 4326 439 4383 famosus
454 4327 580 4383 obrutus
595 4327 754 4383 undisono.
1021 4327 1143 4383 {alticio
1158 4327 1243 4384 caecis
1259 4327 1358 4395 oculo,
1374 4327 1500 4397 claudis,
1513 4328 1694 4401 baculoque,

137 4407 206 4472 Haee
220 4420 247 4471 te
261 4418 399 4471 monstra
414 4420 527 4489 petunt,
541 4419 570 4472 et
583 4415 687 4472 fabula
702 4415 824 4487 contigit
837 4417 893 4474 ista
1054 4415 1190 4472 Ecclesiae
1204 4416 1314 4487 decori,
1329 4418 1576 4492 pauperibusque
1590 4417 1667 4474 cibo.

172 4503 304 4561 Ludicris
318 4504 420 4560 saunis
432 4503 625 4578 ridiculisque
640 4503 702 4561 tibi.
1018 4505 1149 4579 orphani
1165 4510 1193 4561 ct
1205 4505 1310 4573 exulis,
1324 4511 1370 4561 ast
1382 4506 1491 4580 inopis,
1507 4506 1666 4580 viduaeque
1678 4504 1819 4576 vagantis

135 4592 282 4650 Praaduois
296 4593 427 4667 incoepto
440 4593 572 4650 Rollonis
588 4593 715 4664 grandia
728 4593 807 4651 faeta
981 4605 1001 4662 c
1051 4596 1175 4650 Summo
1191 4594 1280 4650 tutori
1293 4594 1405 4651 ordinis
1420 4600 1511 4669 atque
1526 4596 1611 4652 sacri.

171 4679 379 4757 fiscorumque
391 4683 479 4740 simul
492 4683 660 4756 pubetenus
672 4685 829 4756 juvenum.
1016 4684 1080 4740 Huc
1093 4684 1169 4757 peda
1180 4699 1310 4740 arenoso
1324 4700 1502 4758 quanquam
1517 4685 1692 4742 devenimus
1707 4699 1816 4758 usque,

134 4767 241 4829 Infima
254 4773 402 4830 terrarum
416 4772 533 4846 linquit,
549 4771 638 4828 nimis
653 4773 749 4828 ardua
764 4778 898 4845 captans,
1053 4776 1143 4830 Coeno
1157 4776 1186 4828 et
1200 4789 1303 4843 gressu
1315 4772 1487 4848 difficilique
1500 4774 1558 4831 ria.

170 4859 280 4918 Dedalo
295 4861 441 4934 quoniam
456 4862 548 4934 ocior,
565 4863 617 4917 aut
630 4861 723 4917 Icaro.
1019 4861 1142 4918 Ulterius
1157 4867 1291 4917 nostrum
1308 4878 1455 4919 conamur
1465 4863 1585 4920 undere
1598 4876 1746 4934 gressum,

134 4951 211 5006 Itum
226 4949 301 5006 ooelo
316 4949 457 5007 stolidum
470 4954 560 5007 temet
574 4949 752 5023 protendere
765 4965 881 5022 pennas
1052 4949 1109 5006 Sed
1124 4965 1179 5006 nos
1193 4947 1318 5006 dilaniat
1330 4950 1461 5006 materiae
1474 4953 1603 5008 novitas.

169 5039 297 5109 Contigit
310 5039 493 5096 immensum
508 5039 605 5095 ardua
620 5038 768 5095 materies.
1016 5042 1081 5097 Non
1093 5039 1160 5112 opis
1174 5039 1215 5095 ire
1228 5038 1361 5112 quidem,
1378 5045 1540 5113 nostroque
1555 5039 1689 5096 insistere
1703 5045 1814 5113 coepto,

132 5125 250 5182 Viribus
263 5126 485 5184 incrementatis
500 5126 523 5182 si
537 5141 626 5198 posse
639 5125 751 5196 fuisset,
1051 5129 1164 5201 Nempe
1179 5127 1307 5196 fatigatis
1320 5127 1452 5199 pondere
1467 5127 1629 5203 praevideo.

168 5211 272 5269 cordis
287 5217 386 5271 mente
401 5216 453 5286 tui,
468 5219 500 5272 ut
512 5215 565 5273 tibi
580 5215 655 5272 velle
669 5219 781 5272 manet.
1015 5220 1211 5289 Praemagnus
1225 5222 1269 5273 est
1282 5217 1370 5273 nohis
1384 5218 1395 5240 '
1409 5217 1555 5276 dimittere
1575 5218 1702 5290 fascem,

132 5299 303 5374 Multiplices
317 5303 437 5376 species
446 5305 471 5361 si
486 5305 593 5361 scisses
607 5304 817 5374 armonicales,
1051 5306 1211 5364 Garrulitas
1223 5305 1288 5377 erit,
1303 5312 1332 5363 et
1345 5306 1504 5364 ridiculum
1516 5308 1653 5366 nimium.

169 5389 292 5448 Servant
305 5389 463 5450 discrimen
479 5409 547 5467 quae
563 5394 657 5451 tribus
672 5394 702 5450 in
717 5394 862 5464 gradibus
1014 5395 1180 5453 formicare
1195 5395 1299 5452 valens
1315 5395 1455 5453 informia
1470 5401 1578 5454 cuncta
1591 5399 1738 5471 potenter,

130 5475 292 5536 Duleicano
308 5479 407 5536 sonitu
419 5481 566 5554 quivisses
578 5481 654 5538 inter
666 5481 780 5539 colores
1049 5487 1192 5557 Donaque
1205 5485 1388 5542 distribuens
1400 5484 1529 5542 nectaris
1542 5485 1667 5542 uranici.

166 5568 292 5624 Psallere
306 5569 457 5642 praecipue
472 5571 610 5628 cantibus
625 5572 795 5628 armonicis.
1012 5574 1136 5650 Spiritus
1151 5573 1239 5643 alme,
1255 5575 1331 5642 veni,
1346 5575 1430 5632 nasei
1443 5575 1496 5650 qui
1511 5575 1602 5632 verba
1614 5575 1731 5646 dedisti,

131 5656 311 5714 Oetomedos
325 5657 423 5732 quivis
437 5658 582 5718 laurentes
601 5660 632 5718 in
647 5660 829 5719 tabacordis.
1046 5664 1156 5722 Sensus
1169 5664 1301 5724 accende
1315 5665 1468 5726 vivificans
1482 5664 1614 5726 hebetas.
