3990 6184
196 109 263 192 iaia

811 99 1057 166 Gouescuatltt
1077 103 1280 172 SEQUENTIAE

1840 122 1901 176 111
1975 83 1976 96 ¹

193 230 240 287 his
252 246 319 303 nos,
335 235 368 288 ut
381 247 437 305 par
451 234 505 300 est,
522 230 869 306 obtemperanteS,juxta
882 244 1022 290 normam
1041 227 1180 300 usionis,
1192 247 1273 290 nunc
1302 235 1433 308 supremi
1460 241 1528 293 ante
1553 235 1686 296 tribunal
1714 239 1900 314 imperatoris

191 320 311 392 justitiae
325 319 521 395 pernoscatis,

388 405 401 430 ⁶
598 410 630 467 ΙΙ.

191 505 241 560 Ad
252 505 286 560 G.
294 497 600 570 archipresbyterum,
609 499 777 570 arridetur,
787 501 1018 571 Frisineensem,

226 596 259 648 ut
274 587 407 648 11111111
421 587 586 645 liebertum
602 589 666 645 loco
678 594 794 646 moueat
806 595 835 646 et
843 589 982 660 deponet.

225 682 246 751 †
262 677 367 738 Christi
381 676 573 734 solummodo
589 677 686 748 gratia
700 676 740 733 ad
754 676 812 734 hoe
824 675 950 734 collatus
965 679 1019 734 lto·

188 768 311 842 miniec,
327 765 410 841 quod
436 769 552 839 praeest,
578 764 649 824 ovili
672 769 772 822 custos
798 765 968 838 deputatus,
995 766 1018 822 G

188 859 365 931 dignitatem
378 855 638 930 archipresbyterii
646 871 699 928 per
707 855 1018 913 summamdecoranti

188 947 376 1023 sapientiam,
393 945 482 1003 totius
496 943 663 1001 devotionis
676 943 892 1002 excellentiam.

222 1043 397 1096 Nostrorum
412 1033 555 1092 relatione
570 1032 705 1090 fidelium
722 1034 863 1106 cognovit
878 1038 1015 1092 nostrum

187 1127 327 1185 clericum
341 1125 438 1182 Raher
447 1127 554 1180 vestrm
565 1122 720 1180 subditum
736 1123 824 1195 leod„
840 1128 941 1182 noster
955 1123 1014 1182 ele-

186 1217 264 1274 rious
290 1213 440 1285 subditus]
468 1211 688 1283 gubernationi,
716 1213 913 1270 commissum
948 1229 1014 1286 gre-

185 1323 265 1380 gem,
281 1320 372 1380 quem
385 1319 441 1378 par
450 1301 506 1359 fuit
519 1306 644 1375 paterno
668 1317 770 1359 amore
785 1308 947 1376 pascareet
959 1319 1014 1377 po-

185 1401 258 1469 tare,
272 1395 387 1469 lupina,
403 1391 487 1467 quod
505 1408 567 1449 non
591 1391 683 1458 timet,
711 1393 873 1472 rapacitate
898 1393 1013 1466 disper-

185 1503 254 1560 gere
267 1502 302 1543 ac
316 1484 458 1542 lacerare.
473 1485 538 1550 Quo
548 1482 585 1539 de
600 1498 632 1538 re
646 1481 916 1554 vestramefflagito
924 1483 1013 1540 dilec-

1075 319 1180 378 munia
1208 322 1285 394 gerit
1312 324 1474 382 adversum
1485 341 1542 382 nos
1556 325 1697 384 delatoris
1711 333 1805 403 atque
1819 347 1900 387 acen

1074 409 1189 467 satoris.
1207 412 1380 470 Commissa
1396 419 1495 472 111111
1510 414 1568 471 sibi
1581 415 1678 489 plebis
1697 433 1796 491 quam
1819 418 1900 476 dam-

1071 511 1180 555 nosam
1196 504 1293 558 111111
1308 502 1530 574 negligentiam,
1551 519 1608 577 par
1626 509 1670 561 est
1689 521 1744 579 per
1766 513 1900 564 vestram

1072 584 1210 657 indagari
1224 589 1412 663 sapientiam,
1430 607 1467 647 ne
1480 591 1615 666 aliquam
1643 593 1808 662 animant
1830 595 1900 652 dici-

1072 677 1129 745 tur,
1145 682 1242 735 vestra
1256 695 1292 735 ex
1305 679 1362 736 hoc
1375 679 1482 737 subeat
1495 681 1526 737 in
1537 680 1636 738 futuro
1645 683 1773 757 periculi
1787 687 1902 756 magni

1070 763 1221 823 licentiam
1236 768 1307 841 (sic),
1320 769 1393 843 quia
1407 785 1469 827 non
1495 770 1593 828 solum
1617 771 1659 828 rei
1679 777 1750 830 sunt
1779 774 1833 848 qui
1860 776 1901 830 ia-

1070 855 1161 926 ciunt,
1178 855 1231 913 sed
1241 857 1293 931 qui
1303 856 1481 916 facientibus
1495 859 1697 918 consentiunt.
1720 863 1811 930 Quod
1833 881 1901 922 aero

1070 961 1162 1002 uxore
1179 962 1235 1003 sua
1249 947 1348 1004 adhuc
1366 948 1480 1005 vivente
1493 949 1583 1006 aliam
1595 949 1691 1024 duxit,
1707 958 1862 1025 quantum
1872 955 1900 1011 in

1069 1035 1128 1091 hoe
1138 1035 1286 1110 populum
1303 1036 1360 1094 sibi
1374 1037 1520 1095 creditum
1535 1038 1690 1112 destruxit,
1708 1047 1816 1100 nostra
1835 1044 1900 1102 licet

1069 1125 1228 1199 superhoo
1242 1125 1388 1183 intimatio
1411 1131 1531 1200 taceret,
1561 1134 1666 1186 vestrae
1694 1133 1800 1188 111111
1830 1149 1900 1206 prn-

1068 1214 1176 1272 dcntiae
1201 1215 1232 1271 id
1260 1217 1460 1289 perscrutanti
1496 1216 1578 1274 haud
1609 1222 1723 1276 lateret.
1753 1221 1899 1288 Quamiis

1067 1310 1204 1362 nostrum
1219 1322 1255 1362 ex
1265 1305 1373 1364 eodem
1387 1307 1561 1364 coenobium
1574 1307 1725 1382 permulta
1754 1311 1900 1367 sustineat

1067 1394 1245 1468 temporalia
1259 1395 1445 1465 detrimenta,
1463 1401 1564 1453 nmen
1585 1397 1650 1454 hae
1676 1399 1785 1456 omnia
1818 1407 1900 1474 post-

1066 1488 1212 1556 ponentes
1227 1484 1374 1540 aeternalis
1387 1484 1456 1558 plus
1469 1485 1608 1543 timemus
1631 1487 1813 1545 calamitatis
1826 1505 1900 1562 aug-

184 1577 297 1635 tionem
311 1592 366 1650 per
379 1567 514 1634 amorem
527 1572 676 1644 divinum,
692 1577 781 1646 atque
793 1577 915 1647 propter
944 1590 1013 1632 san-
1032 1583 1053 1638 Β
1066 1577 1178 1630 menta.
1195 1573 1309 1640 Quade
1323 1589 1354 1630 re
1379 1590 1563 1648 magnopere
1588 1575 1772 1649 flagitmus,
1801 1585 1900 1636 vetra

184 1671 265 1724 ctum
280 1664 446 1733 Quirinum,
460 1677 590 1719 necnon
618 1661 657 1718 ob
681 1665 818 1719 nostrum
848 1661 1011 1732 secudum,
1068 1661 1110 1720 uti
1122 1662 1242 1720 almitas
1272 1667 1374 1720 nostro
1403 1662 1553 1720 desiderio
1568 1665 1739 1739 opituletur,
1767 1668 1899 1725 coelen»

183 1760 332 1830 quatenus
345 1757 480 1811 vestrum
505 1751 568 1807 sine
597 1750 739 1808 dilatime
764 1751 900 1810 statuatis
922 1751 1013 1826 placi·
1066 1755 1215 1826 quatenus
1230 1767 1248 1808 a
1261 1751 1469 1824 serepudiatae
1482 1752 1593 1824 dignus
1608 1770 1765 1812 successor
1789 1757 1896 1814 subro

182 1850 257 1915 tum,
272 1845 305 1901 in
323 1859 385 1917 quo
399 1843 465 1915 eius
481 1840 607 1897 crimina
636 1839 838 1898 examinando
861 1841 949 1913 iuxta
973 1841 1013 1898 le-
1065 1843 1160 1912 getur.

181 1950 250 2005 gem
259 1929 493 1998 Christianitatis,
509 1945 544 1986 ac
559 1927 699 1985 eumdem
716 1927 754 1985 de
764 1928 935 1986 commissa
950 1929 1011 2002 ple·
1457 1932 1500 1987 lV.

179 2023 227 2080 bis
242 2021 386 2094 regimine
401 2017 569 2093 deponatis.
587 2017 645 2076 Sed
659 2033 696 2075 ne
712 2017 929 2075 Christianismi
943 2035 1011 2077 mos
1063 2019 1113 2076 Ad
1140 2020 1274 2077 eurndem
1301 2021 1337 2076 de
1362 2021 1462 2078 eodem
1487 2022 1607 2092 cferim,
1627 2039 1715 2094 quem
1755 2027 1894 2096 queritur

178 2113 252 2170 inibi
267 2109 390 2185 aliquod
404 2108 523 2166 interim
542 2106 641 2182 capiat
667 2105 890 2176 detrimentum,
914 2123 1008 2181 posco
1098 2108 1184 2164 nulio
1197 2109 1283 2164 modo
1295 2111 1465 2182 acquivisse
1476 2110 1517 2166 ad
1530 2111 1681 2168 meliorem
1701 2114 1826 2185 [negem
1851 2131 1893 2171 ne

178 2207 211 2259 ut
224 2206 328 2260 nostro
342 2199 460 2268 clerico,
476 2195 564 2256 vobis
587 2196 730 2268 contiguo
758 2195 916 2254 ecclesiam
937 2212 1007 2253 enm
1097 2197 1214 2256 ducere.
1559 2275 1561 2282 γ
1607 2273 1611 2282 .

178 2292 320 2349 omnibus
335 2289 427 2346 rebus
442 2287 480 2345 ad
496 2302 564 2346 eam
574 2285 792 2361 pertinentibus
804 2285 1006 2356 committatis,
1096 2289 1122 2340 A
1135 2291 1234 2343 vestra
1248 2286 1423 2361 accipiendo
1439 2287 1642 2346 dominatione
1654 2289 1892 2360 lieentiam,cum

178 2380 282 2455 quoad
296 2381 366 2439 viva
379 2393 453 2436 voce
466 2381 586 2434 nosmet
604 2375 815 2451 compellando
839 2375 1006 2447 legitimum
1060 2378 1198 2432 nostrum
1212 2375 1319 2432 vellem
1335 2376 1476 2434 clericum
1490 2377 1596 2449 Raher,
1608 2378 1696 2450 juxta
1711 2382 1890 2439 eanonicam

176 2471 246 2528 huic
258 2468 378 2542 negotio
391 2469 484 2525 finem
499 2466 671 2541 imponatis.
681 2470 744 2524 Non
759 2465 839 2523 enim
854 2464 953 2522 solum
963 2465 1006 2522 rei
1059 2462 1205 2522 discuiem
1216 2465 1454 2542 congruentiam,
1463 2467 1629 2541 sepraebuit
1640 2468 1789 2526 rebellem
1803 2477 1889 2544 atque

176 2563 245 2616 sunt
256 2557 309 2633 qui
322 2557 446 2625 iaciunt,
461 2555 513 2612 sed
526 2553 578 2628 qui
592 2553 710 2610 facienti
729 2553 928 2611 consentiunt.
959 2552 1004 2611 ob
1058 2557 1260 2624 arrogantem,
1281 2553 1420 2626 quamvis
1434 2571 1482 2610 me
1497 2559 1622 2628 paterno
1639 2556 1764 2614 sentiret
1788 2574 1888 2616 amore

175 2650 232 2706 hoc
247 2647 454 2714 criminosum,
474 2647 597 2719 propter
616 2643 753 2714 ejusdem
777 2641 1002 2714 offendiculum,
1058 2640 1115 2698 sibi
1130 2641 1334 2699 auxiliantem.
1343 2645 1417 2700 Nam
1423 2643 1653 2715 jurejurandoei
1666 2647 1813 2706 omnium
1824 2665 1887 2722 qaia

175 2738 282 2796 animae
297 2751 436 2792 veremur
451 2733 551 2790 subire
579 2731 758 2805 perieulum.
774 2731 918 2798 Quamvis
931 2745 1002 2787 vero
1057 2733 1162 2788 contra
1175 2747 1225 2787 me
1239 2729 1299 2787 ullo
1314 2730 1407 2788 modo
1419 2732 1519 2802 gessit,
1528 2733 1654 2807 promisi
1663 2735 1885 2808 imprmitatem,

173 2841 300 2883 munera
334 2825 490 2882 obcecant
528 2821 632 2878 oculos
671 2820 862 2894 sapientium,
901 2824 1002 2877 tamen
1056 2819 1204 2876 duntaxat
1213 2819 1412 2877 Christianam
1436 2825 1540 2878 eontra
1569 2821 1747 2894 religionem
1768 2841 1887 2900 suscep

172 2915 212 2970 ab
224 2915 282 2970 hoe
294 2913 412 2970 nullum
424 2917 487 2968 tam
506 2909 690 2984 acceptabile
715 2909 900 2982 impenditur
913 2908 1002 2967 nobis
1022 2937 1043 2992 ὓ
1057 2911 1118 2966 1111
1134 2909 1282 2965 desereret
1294 2907 1489 2981 iniquitatem.
1506 2911 1615 2967 Verum
1624 2927 1718 2985 super
1730 2913 1779 2970 his
1794 2930 1886 2988 quau-

171 3001 364 3074 lamulitium,
392 3016 447 3075 pro
474 3015 535 3076 quo
560 2997 688 3056 velimus
712 2997 857 3056 infernale
886 2998 1001 3057 solvere
1056 2997 1162 3070 taejus
1184 2997 1341 3054 exstitisset
1359 2997 1534 3071 pertinacia,
1565 2999 1763 3074 praesentium
1789 3009 1884 3060 sectm

172 3091 364 3167 supplicium.
1052 3085 1259 3158 litterarum,si
1267 3086 1388 3159 jubetis,
1397 3089 1558 3162 utpotequi
1568 3095 1673 3147 nostro
1684 3091 1821 3150 interfuit
1829 3093 1884 3150 eol-

558 3185 603 3238 111.
1051 3176 1166 3250 loquio,
1179 3175 1293 3250 pandet
1319 3177 1475 3236 veritatem
1502 3178 1618 3252 absque
1646 3179 1780 3250 11111111,
1812 3183 1883 3278 quia

400 3271 450 3328 Ad
463 3271 597 3329 eumdem
608 3269 645 3327 de
654 3270 764 3326 eodem
1051 3267 1181 3320 vestram
1195 3276 1301 3318 vereor
1312 3260 1559 3334 grandaevitatem
1583 3263 1759 3338 inquietare,
1775 3267 1801 3322 si
1816 3267 1880 3339 ejus

204 3364 356 3429 Quantum
374 3361 462 3420 nobis
489 3359 653 3418 facietenus
679 3356 786 3428 ingerit
813 3356 995 3414 confusionis
1050 3350 1260 3408 controversiae
1287 3350 1392 3408 studeo
1421 3351 1567 3424 ambages
1589 3353 1746 3412 scribendo
1772 3361 1878 3413 restrae

167 3451 320 3518 ruborem,
337 3455 453 3509 tantum
466 3449 564 3507 cordis
578 3463 689 3505 arcana
701 3447 857 3520 patiuntur
885 3462 994 3504 msere
1049 3440 1218 3514 paternitati
1232 3440 1399 3498 enucleare.
1421 3445 1452 3498 ln
1466 3442 1590 3516 prelato
1606 3441 1869 3516 quidemnegotio,

166 3558 231 3600 rem
244 3540 327 3614 quod
341 3556 396 3614 pro
412 3539 503 3596 talire
517 3537 621 3594 litteris
636 3540 746 3592 nostra
758 3534 916 3605 legationis
932 3540 994 3592 tam
1048 3529 1193 3604 quoniam
1208 3533 1339 3586 vestrum
1354 3529 1456 3588 abnuo
1469 3531 1605 3589 clericum
1616 3529 1771 3604 praeterire
1793 3547 1866 3604 par-

165 3631 336 3705 irequentor
347 3627 591 3702 tranquillitatem
603 3625 769 3698 inquietare
783 3629 888 3681 vestra
901 3640 994 3695 cogor
1047 3618 1100 3676 tim
1114 3634 1169 3676 vos
1182 3617 1212 3674 id
1227 3634 1289 3676 non
1301 3620 1427 3692 nescire,
1443 3625 1476 3677 ut
1489 3637 1514 3676 si
1506 3619 1689 3678 'exorbitans
1703 3619 1802 3677 noluit
1820 3637 1869 3678 re-

165 3719 390 3779 dominationis.
410 3721 486 3776 Nam
501 3719 611 3774 nostra
626 3713 751 3772 clericus
779 3713 910 3783 ditionis,
940 3715 992 3788 qui
1046 3709 1109 3766 dire
1120 3707 1160 3766 ad
1170 3707 1249 3766 viam
1256 3708 1377 3781 justitia
1393 3727 1463 3766 eum
1472 3709 1604 3780 lenitate,
1620 3709 1725 3768 saltem
1747 3714 1875 3782 cogatur

165 3826 373 3885 sepenumero
387 3807 474 3867 nobis
490 3805 612 3878 ingessit
622 3803 797 3878 scrupulum
816 3804 990 3862 nonnullius
1045 3799 1213 3873 asperitate·
1231 3799 1276 3855 Ad
1290 3799 1354 3856 hoee
1367 3798 1469 3856 scitote
1484 3815 1532 3857 me
1545 3799 1697 3857 humiliter
1710 3797 1874 3872 efflagitare

163 3899 347 3971 offensionis,
363 3913 466 3956 verum
483 3911 601 3970 semper
628 3893 762 3951 munitus
786 3896 891 3950 vestrae
916 3893 990 3951 asilo
1044 3887 1393 3964 quatenuseeclesiama
1415 3903 1446 3945 se
1472 3889 1623 3946 desertam
1650 3889 1758 3946 clerieo
1782 3907 1874 3965 quem

162 3988 355 4058 defensionis,
366 3987 440 4044 nihil
452 3999 706 4060 unquampassus
729 3986 774 4039 est
801 3981 989 4040 animadver-
1043 3977 1130 4036 vobis
1144 3977 1240 4050 dirigo
1251 3977 1417 4050 dignemini
1431 3979 1577 4037 tradendo
1592 3979 1821 4038 commendare.

159 4179 1862 4231 ψ

848 4353 922 4396 ANNO
941 4351 1035 4396 nolim
1055 4353 1175 4394 mxu.

344 4527 1036 4674 eunuseuliiu
1095 4525 1682 4707 1111111111.

739 4789 866 4854 (binius,
883 4785 1028 4842 Tbesaur.
1043 4784 1177 4856 11111111.
1193 4786 1226 4854 ll,
1246 4790 1273 4841 3.

900 4971 1096 4984 ἡ

549 5104 569 5156 1.
749 5079 752 5086 Α
1064 5103 1091 5154 t.
1105 5097 1190 5164 Quod
1203 5097 1277 5155 dixit
1287 5101 1317 5154 ct
1329 5096 1407 5166 fecit,
1423 5097 1547 5155 saulum
1558 5102 1591 5156 ut
1602 5097 1722 5169 suevit,
1732 5099 1868 5157 Paulum

251 5197 287 5252 11
300 5193 499 5251 contusione
513 5189 613 5246 sancti
626 5189 719 5245 Pauli
730 5188 869 5258 apostoli.
1027 5189 1056 5242 et
1071 5186 1181 5244 statuit.

184 5290 207 5343 l.
224 5284 300 5342 [insit
313 5280 457 5339 Dominus
472 5296 480 5335 t
497 5282 538 5335 Ex
560 5278 657 5334 Basan
668 5281 840 5333 convertam
851 5291 973 5333 eonver-
1062 5278 1087 5330 3.
1104 5276 1157 5330 Per
1173 5274 1301 5330 Verbum
1314 5291 1403 5332 suum
1414 5275 1616 5341 incarnatum,
1630 5276 1779 5347 perquod
1792 5276 1866 5334 lecit

144 5377 252 5435 tamin
267 5371 453 5448 profundum
468 5368 570 5426 maris.
1025 5367 1054 5419 et
1068 5363 1187 5420 saecula.

178 5508 967 5638 1111111111111111111111111111111111αξηιινιι
1023 5505 1858 5582 tumueiturnd.nmseatemadmtperprcpaecm

141 5595 175 5649 13
179 5534 738 5666 ,quodvaticiniuminconvcrsiones.
765 5583 805 5638 Pa
864 5551 967 5653 imple
1008 5579 1143 5637 Deum:
1161 5579 1225 5650 lieo
1240 5585 1413 5638 conectam
1425 5580 1557 5637 Paulum
1573 5579 1764 5650 culturare,¹
1751 5599 1774 5639 a.
1786 5583 1860 5640 eda
