3984 6182
176 127 224 180 car
785 77 936 178 aenean
956 114 1057 174 naurs
1077 116 1290 176 raauconun
1838 121 1900 177 sss

174 247 274 316 uibus,
291 247 321 306 in
335 247 448 304 honore
465 247 493 303 S.
505 242 636 316 llaglorii
650 227 749 302 dicata
768 259 836 301 cum
854 247 931 300 terra
945 240 1002 297 sibi
1016 242 1046 313 it
1061 255 1130 297 cum
1141 241 1269 300 normali
1278 241 1393 300 honora
1408 240 1608 300 custodiendo
1623 243 1727 298 tractet
1739 239 1904 316 simulque

175 337 334 412 adjacenti,
348 336 378 392 in
391 350 453 408 qua
465 333 601 407 ipsorum
614 332 768 407 sepultura
781 337 825 390 est
840 331 1004 389 monacho·
1060 333 1092 387 ut
1106 330 1206 388 nullus
1231 332 1479 407 metropolitanus
1500 335 1554 389 ant
1569 330 1676 405 aliquis
1696 347 1770 388 suus
1792 331 1905 403 subie-

174 444 252 485 rum.
267 425 392 484 Clausus
420 423 510 480 aliam
535 422 631 481 viuere
655 423 742 495 juxta
769 422 890 481 saveias
921 419 1005 490 situs,
1059 425 1135 495 ctus,
1150 421 1240 479 etiam
1254 423 1389 496 pontifex
1404 420 1579 495 parisiacus,
1601 437 1695 478 causa
1705 421 1841 495 alicujus
1853 439 1907 479 or·

174 531 266 588 quem
284 512 367 569 dedit
395 511 473 569 dive
499 511 653 569 memoria
682 511 769 582 tingo
795 527 871 568 avus
894 511 1005 581 noster,
1058 509 1220 568 dinationis
1234 511 1303 568 illuc
1318 510 1434 583 ingredi
1447 515 1621 586 prasumat,
1635 510 1693 568 nisi
1706 517 1904 569 vocatusve-

172 601 380 676 aequivocique
392 600 487 658 nostri
503 599 633 659 ilotbarti
652 601 731 672 regis
746 599 835 656 lilius.
851 599 923 655 Item
936 613 1007 670 pars
1059 599 1136 656 nerii
1149 605 1200 657 aul
1215 601 1255 658 ad
1266 605 1403 658 sanctam
1411 600 1536 658 missam
1552 599 1776 672 celebrandam,
1790 605 1848 658 aut
1860 601 1903 658 ad

173 697 258 748 wne
267 691 356 762 juxta
368 691 685 764 Mentem-martyrum
697 707 789 763 quam
806 705 907 747 comes
918 687 1008 745 Fulco
1059 688 1202 746 ecclesias
1226 689 1460 758 consecrandas,
1477 695 1530 747 aut
1546 689 1586 748 ad
1599 689 1830 748 benedictiones
1843 691 1905 748 cle·

171 779 264 837 dedit.
275 783 390 837 Parvus
405 779 498 836 etiam
509 779 617 837 alodus
626 796 718 852 quem
729 777 1008 836 tribuitWillelmus
1059 778 1189 835 ricornm
1204 778 1370 850 iaciendas,
1386 784 1415 836 et
1428 778 1511 853 quod
1525 779 1660 837 debitum
1677 795 1826 836 excusare
1836 795 1903 836 non

169 869 257 941 juxta
279 867 422 925 eumdem
438 867 512 924 situs
526 867 764 940 suprascriptum
788 869 1007 922 montannos
1059 867 1158 940 debet,
1181 869 1233 942 qni
1248 873 1373 927 vocatus
1398 869 1496 926 luerit.
1520 871 1555 925 Et
1574 869 1720 943 quoniam
1743 870 1903 943 peregrini

172 974 235 1015 non
260 961 288 1014 et
315 956 423 1014 alodus
451 955 481 1012 in
509 956 652 1013 comitatu
679 955 801 1024 llellico,
826 955 878 1030 qui
900 954 1008 1011 dicitur
1060 961 1150 1031 atque
1164 957 1306 1030 aliegcnae
1317 974 1383 1016 esse
1398 963 1564 1016 noscuntur
1573 957 1713 1029 benigne,
1728 957 1905 1016 misericor-

174 1046 301 1106 Grandis
315 1049 456 1120 Campus,
473 1049 502 1103 et
516 1044 666 1120 praedium
679 1045 763 1119 quod
777 1043 885 1101 dicitnr
897 1043 1006 1101 alodus
1059 1046 1135 1102 diter
1150 1063 1185 1104 ac
1199 1047 1248 1120 pia
1259 1047 1384 1104 almisat
1394 1046 1548 1104 catholicis
1558 1047 1628 1104 viris
1643 1063 1765 1121 semper
1774 1049 1903 1106 tractan'

173 1139 204 1194 in
219 1135 362 1194 comitatu
375 1135 567 1194 parisiacensi
583 1151 668 1192 secus
683 1134 900 1192 rontiniaeum.
910 1133 968 1192 Sed
979 1137 1009 1190 et
1060 1151 1095 1192 ac
1107 1136 1239 1192 contueri
1249 1135 1381 1194 debeant
1391 1153 1448 1210 pro
1462 1136 1606 1209 Christos
1615 1153 1676 1211 quo
1688 1141 1717 1194 et
1726 1153 1783 1194 nos
1796 1139 1903 1195 cuncti

174 1224 306 1284 ecclesiae
320 1225 351 1282 in
367 1224 552 1282 pinciacensi
567 1224 710 1283 comitatu
726 1243 732 1282 :
748 1224 848 1299 prima
861 1224 892 1280 in
907 1227 1007 1298 potes·
1060 1224 1287 1296 peregrinamur
1309 1225 1340 1283 in
1355 1225 1480 1282 mundo.
1506 1225 1697 1282 Decrevimns
1724 1225 1819 1284 etiam
1846 1243 1903 1301 per

174 1319 233 1371 tete
255 1313 404 1374 lindriaco
419 1313 450 1370 in
472 1313 588 1370 honore
609 1315 637 1370 S.
654 1313 785 1387 Dionysii
805 1312 915 1380 dicate,
937 1327 1007 1368 cum
1060 1314 1154 1370 nostri
1168 1315 1376 1372 auctoritatem
1389 1314 1531 1389 praecepti
1546 1319 1579 1372 ui
1591 1331 1680 1372 nemo
1696 1319 1789 1389 super
1817 1316 1901 1392 ipsos

174 1402 290 1477 capella
302 1403 333 1461 in
346 1402 466 1460 Maroilo
479 1403 535 1460 sita
545 1403 576 1459 in
588 1405 616 1462 S.
626 1402 737 1460 llartini
747 1403 860 1459 honore
871 1401 1006 1458 fundata.
1061 1417 1163 1459 servos
1174 1403 1224 1461 liei
1232 1408 1410 1478 potestatem
1420 1403 1812 1478 exerceat,autquempiam
1823 1407 1901 1463 inter

174 1492 239 1550 Alia
252 1493 285 1548 in
299 1491 445 1549 vernoilio
457 1491 584 1549 ecclesia
605 1493 632 1549 S.
651 1492 802 1564 Stephano
816 1491 964 1559 dedicati,
980 1493 1009 1546 et
1062 1507 1114 1548 eos
1126 1498 1230 1549 contra
1253 1493 1439 1550 voluntatem
1460 1494 1596 1568 ipsorum
1616 1494 1773 1568 imponere
1796 1500 1899 1552 tentet

173 1581 205 1638 in
225 1581 332 1638 eadem
346 1580 418 1638 villa
432 1580 549 1655 capella
564 1581 593 1637 S.
610 1580 721 1637 Hilario
733 1585 916 1637 consecrata.
926 1579 1010 1636 [leni-
1026 1605 1046 1659 B
1064 1581 1120 1639 Sed
1134 1581 1165 1638 in
1179 1599 1284 1640 eorum
1299 1582 1489 1657 dipositione‚
1506 1583 1694 1641 ordinatione
1708 1589 1738 1642 et
1753 1583 1900 1643 electione

175 1686 234 1745 que
249 1675 278 1727 et
292 1668 448 1727 ecclesiola
463 1669 572 1727 invilla
585 1687 653 1744 quas
668 1670 776 1726 dicitur
790 1669 884 1727 sancti
898 1668 1009 1726 Leoda-
1062 1671 1142 1728 intus
1154 1676 1182 1729 et
1196 1672 1267 1729 ioris
1275 1673 1379 1730 omnia
1389 1673 1563 1740 consistant,
1570 1678 1720 1748 quatenus
1728 1691 1838 1732 servos
1850 1676 1900 1733 liei

176 1759 260 1831 garli,
275 1759 307 1816 in
330 1759 417 1831 cujus
433 1764 461 1816 et
476 1759 598 1816 nomine
613 1759 771 1817 benedicta
786 1763 913 1816 constat.
937 1759 1010 1816 Sunt
1062 1759 1114 1835 qui
1128 1760 1200 1818 inibi
1218 1764 1277 1818 lieo
1293 1761 1488 1830 famulantur,
1506 1776 1562 1835 pro
1585 1761 1674 1820 nobis
1689 1768 1720 1820 et
1737 1764 1899 1822 stabilitate

176 1847 267 1904 etiam
280 1847 379 1903 mansi
391 1864 420 1903 ιιι
435 1863 512 1921 quos
523 1847 755 1904 tenuitllicullus
770 1847 802 1904 in
816 1846 963 1904 beneficio
973 1863 1009 1903 ex
1062 1849 1151 1906 totius
1163 1850 1279 1921 regnia
1295 1854 1353 1908 Deo
1367 1850 1456 1908 nobis
1471 1851 1616 1920 concessi,
1630 1867 1747 1925 proquo
1762 1854 1898 1911 remedio

176 1935 349 2008 supradicta
361 1939 506 2008 potestate
518 1935 646 1992 liadreia
656 1935 686 1992 in
698 1935 852 2009 episcopio
863 1936 1010 1993 Parisiaco
1062 1939 1233 1997 animarum
1249 1955 1354 1998 eornm
1368 1941 1420 2014 qni
1434 1957 1490 2016 pro
1501 1957 1604 1998 amore
1615 1942 1666 1998 Dei
1680 1946 1708 1999 et
1721 1946 1898 2001 sanctornm

176 2023 367 2081 etcomitatn.
382 2023 513 2080 Ecclesia
530 2025 558 2081 S.
574 2025 669 2082 tiarire
690 2025 805 2082 nomini
825 2023 1011 2082 sanctificata
1062 2027 1136 2085 inibi
1152 2045 1207 2086 sua
1233 2029 1381 2087 tradidere
1403 2030 1540 2100 donaria,
1568 2047 1819 2106 eorumquoque
1847 2033 1898 2107 qui

87 2177 90 2184 ,
176 2116 206 2168 et
223 2110 254 2167 in
269 2111 376 2167 eodem
398 2112 542 2168 comitatu
564 2111 595 2168 in
619 2117 766 2187 potestate
786 2113 890 2179 isiaca,
907 2113 1010 2169 vinea·
1062 2116 1169 2174 suturis
1184 2118 1369 2193 temporibus
1382 2119 1481 2177 daturi
1496 2120 1711 2194 suntprtemia,
1723 2119 1827 2178 luceat
1840 2126 1898 2179 tuta

176 2217 245 2257 rum
259 2203 350 2273 atque
376 2204 532 2274 pratorum
546 2218 607 2273 xix,
624 2216 728 2278 arpen.
747 2201 842 2259 Etiam
865 2201 1011 2260 invenus
1063 2209 1153 2278 atque
1175 2206 1326 2278 condigne
1341 2209 1468 2266 Domino
1494 2224 1598 2282 preces
1613 2209 1748 2278 tundere,
1777 2215 1807 2268 et
1820 2210 1897 2268 hanc

175 2305 206 2358 v,
229 2303 332 2362 arpen.
357 2288 461 2346 vineae.
487 2289 520 2344 ln
542 2293 688 2364 potestate
708 2305 831 2364 quoque
857 2289 1010 2347 cataronis
1064 2295 1281 2370 anctoritatem,
1297 2301 1330 2354 ut
1344 2297 1459 2355 firmior
1476 2298 1506 2354 in
1528 2299 1580 2356 Dei
1601 2300 1723 2356 nomine
1738 2298 1897 2373 habeatur,

176 2393 302 2434 mansus
315 2393 325 2433 1
339 2377 460 2436 arabilis
475 2382 560 2435 terra
584 2379 1010 2448 cumvinesrumreounditate
1063 2384 1203 2443 fidelibus
1229 2401 1351 2460 quoque
1376 2391 1488 2444 sanctas
1514 2386 1565 2444 Dei
1593 2387 1730 2444 Ecclesia
1745 2393 1776 2446 et
1790 2389 1898 2446 nosuis

175 2465 208 2523 in
232 2465 377 2540 predicto
398 2466 488 2524 etiam
512 2466 657 2525 comitatu
677 2467 708 2524 in
721 2465 793 2526 villa
814 2483 884 2542 quse
902 2466 1011 2524 dicitur
1065 2473 1235 2546 diligentius
1261 2480 1463 2546 conservetur,
1490 2492 1586 2534 manu
1599 2476 1723 2551 propria
1746 2477 1898 2536 subterfir-

176 2555 319 2613 nonaum
340 2570 466 2612 mansus
485 2572 495 2611 1
516 2556 736 2614 arabilisterrre
761 2573 831 2615 cum
853 2557 1010 2614 vinearum
1065 2563 1226 2629 movimus.
1254 2569 1283 2621 et
1307 2565 1411 2622 annuli
1436 2565 1533 2623 nostri
1557 2565 1758 2640 impressione
1788 2567 1897 2639 signan'

176 2643 321 2700 ubertma.
353 2648 383 2700 tn
404 2643 512 2702 eodem
535 2661 658 2719 quoqne
674 2645 819 2703 territorio
841 2661 933 2719 supra
950 2644 1010 2701 ilu-
1062 2653 1220 2725 jussimus.

175 2727 260 2785 vium
274 2728 405 2798 Vigenna
420 2729 580 2786 dimidium
601 2729 788 2802 maisnilum,
807 2730 891 2804 quod
903 2729 1011 2787 dicitnr
1284 2743 1380 2799 Locus
1398 2744 1674 2814 ‚nomi-ammam,

176 2816 354 2874 llnrcinctus
369 2833 439 2872 cum
454 2821 609 2890 pratorum
625 2819 722 2893 copia.
739 2820 760 2874 E
775 2817 913 2893 proximo
937 2833 1011 2892 quo·
1100 2831 1257 2904 notgerius
1271 2831 1468 2890 macellarius
1487 2832 1614 2907 scripsit,

176 2920 235 2978 que
244 2904 416 2962 maisnilum
429 2904 568 2974 alterum,
579 2907 663 2980 quod
672 2906 780 2964 dicitur
791 2907 886 2965 Sienis
895 2907 1009 2980 villere,
1598 2922 1694 2979 Luem
1706 2923 1816 2994 gavini,

176 3007 246 3049 cum
262 2991 378 3065 capella
389 2991 463 3050 inibi
474 2993 504 3051 in
519 2995 634 3052 honore
645 2997 674 3053 S.
684 2996 838 3054 Genovefa
852 2996 1009 3055 aedificata.
1026 2957 1047 3014 ο
1464 3029 1497 3086 v·

179 3085 212 3138 ¹⁰
227 3080 432 3182 Quinem
451 3085 1011 3188 ‘Imque⁰9mit⁸t¹341⁰d¹i⁵qUi.di⁰i'
1065 3130 1187 3188 notati
1207 3132 1285 3203 reqis
1297 3133 1491 3204 privilegiam
1508 3149 1563 3204 pro
1574 3135 1756 3192 monasterio
1769 3135 1898 3193 micam·

177 3173 225 3228 tur
246 3169 416 3228 Gillrmocns
443 3187 513 3229 cum
537 3173 678 3231 omnibus
704 3175 761 3232 srbr
789 3175 1008 3248 adjacentibus.
1101 3204 1195 3260 „m
1219 3234 1254 3244 ,
1268 3205 1494 3262 palpationem
1509 3207 1725 3263 monachorum
1746 3205 1899 3264 meam

176 3259 378 3320 Hol'endinum
399 3277 522 3336 quoque
537 3280 633 3320 unum
656 3265 785 3322 Parisios
799 3265 831 3322 in
854 3266 946 3324 fluvio
960 3268 1011 3324 Se·
1101 3275 1292 3333 aflictordo
1305 3276 1410 3332 comita
1422 3276 1539 3347 factam
1559 3283 1586 3334 et
1607 3277 1783 3336 dorrotioms
1807 3279 1896 3336 eidem

176 3365 295 3424 quana.
319 3353 392 3408 ltem
410 3350 442 3407 in
454 3353 600 3410 comitatu
619 3353 827 3413 aurelianensi
841 3356 966 3413 ecclesia
980 3355 1011 3412 in
1103 3345 1166 3403 l⁰0⁰
1180 3346 1219 3403 αὖ
1234 3361 1266 3403 ⁶⁰
1278 3347 1380 3418 [⁰⁶²OE
1395 3349 1565 3420 0⁰²²fimt02·

176 3437 688 3513 villaqueadiciturtiimminiacns.
1376 3436 1476 3509 (ΑιῃΙο
1497 3437 1589 3510 ¹0⁰⁶)-

1208 3523 1347 3596 interm,
1363 3526 1478 3585 annot.
1490 3527 1602 3585 Bened.
1620 3529 1664 3600 lv,
1681 3526 1747 3599 lesi.

213 3615 281 3670 lieo
295 3615 399 3673 omnia
417 3616 600 3704 supradicta,
622 3618 670 3676 vel
690 3635 759 3696 quse
774 3620 917 3694 deinceps
931 3638 950 3679 a
964 3637 1012 3679 ca·
1101 3633 1134 3686 ln
1148 3630 1271 3688 nomine
1290 3638 1401 3691 sanem
1424 3638 1453 3690 et
1474 3633 1639 3692 individuas
1651 3629 1803 3702 trinitatis,
1817 3634 1892 3690 llor-

178 3699 296 3758 tlrolicis
323 3701 395 3759 viris
423 3703 522 3762 eidem
550 3705 659 3764 collata
683 3707 792 3765 luerint
816 3709 948 3766 acclesiae
971 3709 1012 3766 ob
1065 3733 1169 3776 innius
1183 3718 1285 3778 divina
1304 3721 1420 3779 iuvante
1431 3721 1589 3780 clementia
1601 3739 1662 3782 rex.

179 3805 315 3848 amorem
339 3791 390 3849 Dei
411 3796 441 3850 at
459 3795 658 3854 reverentiam
680 3797 817 3870 ipsorum
839 3802 1013 3858 sanctorum
1101 3806 1249 3873 Quoniam
1265 3809 1342 3867 inter
1367 3826 1528 3868 numerum
1551 3811 1671 3869 illorum
1686 3815 1899 3886 computamur

179 3879 395 3938 confirmamus
410 3885 584 3942 anctoritate
599 3890 712 3956 nostra,
728 3891 878 3960 qnatenus
893 3904 1013 3963 semper
1065 3895 1118 3970 qui
1129 3895 1222 3968 regali
1237 3901 1395 3955 censentur
1405 3899 1539 3971 nomine,
1555 3900 1579 3956 si
1595 3899 1626 3956 in
1648 3899 1792 3958 omnibus
1807 3900 1899 3974 hujus

178 3969 236 4027 snb
251 3969 429 4043 plenissima
452 3972 627 4031 defensione
651 3978 680 4031 et
703 3975 874 4033 emunitatis
889 3976 1013 4035 tuitione
1065 3985 1196 4044 nominis
1220 3984 1354 4044 officium
1381 3988 1486 4046 devote
1515 3991 1687 4064 nequimus,
1721 3990 1900 4064 adimplere,

179 4058 375 4117 corroborata
387 4067 598 4134 permaneant,
610 4061 653 4120 iia
664 4062 801 4121 videlicet
816 4068 848 4121 ut
857 4065 958 4123 nullus
973 4067 1013 4124 ab
1065 4075 1158 4133 nimis
1183 4075 1312 4150 impium
1334 4081 1379 4134 esi
1402 4078 1505 4136 omnis
1523 4079 1714 4137 inefficaciter
1737 4080 1899 4153 praeterire.

178 4146 249 4203 hinss
265 4146 305 4203 ad
327 4163 437 4205 ⁰⁸¹1⁸⁸⁵
462 4151 636 4221 ⁰¹18⁰ssd882
661 4155 713 4210 aut
733 4151 818 4210 freda
843 4153 1014 4212 velil'ibulss
1067 4164 1150 4222 Unde
1171 4165 1400 4240 Fiscamnensis,
1427 4184 1522 4243 qnam
1546 4168 1690 4226 orationis
1709 4169 1810 4240 matis
1834 4169 1900 4226 risi·

179 4234 337 4305 exigenda,
363 4241 416 4293 aut
437 4239 609 4298 mansiones
631 4239 679 4298 vel
698 4249 822 4315 paratas
848 4242 1012 4314 iaciendas,
1066 4254 1208 4324 terimus,
1221 4256 1336 4328 justam
1357 4256 1489 4314 ecclesiae
1513 4274 1648 4328 causam,
1674 4275 1739 4333 qua
1761 4257 1898 4334 interpel-

179 4321 227 4380 vel
241 4321 433 4396 fidejussores
458 4327 617 4400 tollendos,
642 4333 695 4388 aut
716 4332 857 4389 homines
876 4333 1014 4405 ejusdem
1029 4311 1050 4367 Β
1066 4342 1175 4417 tamur,
1191 4348 1220 4402 ot
1240 4345 1370 4416 benigne
1392 4347 1574 4422 suscipimus
1595 4353 1624 4406 et
1638 4352 1791 4420 gratanter
1803 4348 1897 4405 adim·

180 4411 397 4512 ecclesiastem
411 4413 559 4486 ingenuos
569 4434 663 4492 quam
676 4435 788 4492 servos,
799 4438 889 4497 super
903 4427 1014 4480 terram
1066 4433 1196 4507 plenius.
1223 4437 1332 4492 Notum
1354 4435 1391 4493 sit
1409 4436 1499 4508 igitur
1521 4437 1722 4512 presentibus
1747 4443 1776 4496 et
1794 4437 1900 4496 tuturis

178 4515 316 4574 ipsorum
327 4510 553 4565 commanentes
571 4508 681 4581 injusta
699 4509 933 4585 distringendos,
958 4529 1014 4570 nec
1066 4523 1150 4597 qnod
1171 4524 1222 4598 pia
1237 4541 1343 4582 sumus
1358 4526 1500 4600 petitione
1515 4527 1700 4586 dilectissimi
1715 4528 1816 4586 tidelis
1834 4545 1902 4587 nos

180 4589 257 4648 ullas
268 4591 483 4652 redhibitiones
493 4601 545 4654 aut
552 4596 669 4656 illicitas
677 4601 854 4658 occasiones
862 4602 1014 4676 requiran-
1068 4607 1105 4669 iri
1115 4613 1255 4672 Richardi
1269 4615 1387 4673 comitis
1398 4617 1523 4688 exorati,
1536 4622 1570 4675 ut
1582 4635 1630 4676 res
1644 4634 1722 4694 quas
1737 4619 1811 4677 huic
1825 4619 1902 4688 loco,

180 4678 247 4748 das,
260 4682 372 4738 nornis
387 4687 415 4741 et
429 4683 536 4743 futuris
550 4688 738 4761 temporibus
758 4689 874 4763 ingredi
892 4691 1014 4765 audeat,
1066 4701 1098 4760 iu
1127 4702 1242 4761 honore
1268 4703 1432 4763 individuus
1461 4712 1572 4765 sanein
1595 4707 1743 4766 Trinitatis
1769 4709 1903 4767 consub-

180 4769 227 4825 vel
249 4785 285 4828 aa
299 4787 368 4845 ques
387 4789 480 4848 supra
500 4781 669 4835 memorata
684 4783 755 4836 sunt
768 4779 885 4852 exigere
900 4795 1014 4854 praesu·
1068 4792 1212 4850 stantialis
1227 4794 1331 4864 Patris,
1354 4799 1382 4852 et
1398 4795 1469 4865 rilii,
1484 4801 1514 4854 et
1535 4797 1660 4871 Spiritus
1685 4799 1780 4856 sancti
1797 4813 1902 4856 conse·

180 4863 254 4917 mat.
271 4860 329 4920 Sed
349 4861 436 4921 boeot
450 4863 554 4922 abbati
578 4867 702 4942 suisque
730 4870 953 4927 successoribus
967 4887 1015 4928 rcs
1068 4885 1160 4950 eruto,
1176 4882 1306 4954 tradidit,
1328 4889 1356 4941 et
1370 4900 1425 4959 por
1441 4885 1551 4944 elrartae
1569 4891 1783 4945 testamentum
1799 4887 1902 4944 firma-

182 4951 316 5024 praedicti
334 4956 508 5014 monasterii
530 4956 587 5014 sub
602 4959 773 5018 emunitatis
791 4965 901 5018 nostrae
916 4961 1016 5019 defen·
1067 4971 1119 5041 vit,
1143 4987 1199 5029 nos
1213 4987 1335 5047 quoque
1362 4979 1465 5032 nostro
1483 4981 1633 5050 praecepto
1657 4975 1901 5034 corroboramus·

181 5038 298 5096 donem
312 5041 413 5115 quieto
436 5044 541 5103 ordine
556 5047 711 5121 possidere
726 5049 765 5106 ad
787 5051 934 5124 stipendia
949 5069 1015 5110 mo·
1069 5061 1160 5132 cnjus
1180 5075 1283 5135 preces
1306 5062 1520 5121 delectabiliter
1538 5065 1656 5122 auditas
1683 5065 1761 5123 sicut
1785 5066 1904 5139 iustum

179 5129 1015 5216 nachorumibidemDeoiamnlantium,pereunibusqna
1068 5152 1122 5218 est,
1138 5150 1327 5224 suscepimus
1341 5155 1404 5210 tam
1423 5151 1548 5210 libenter
1565 5152 1748 5228 implendas,
1764 5155 1810 5212 Pii
1822 5156 1904 5212 anim

180 5215 319 5288 proficiat
330 5222 516 5294 temporibus
527 5223 557 5281 in
570 5227 753 5297 augmentis.
767 5229 910 5287 Volumus
924 5233 1015 5290 etiam
1068 5231 1175 5314 prioris
1207 5239 1346 5298 Richardi
1376 5241 1501 5299 intentio
1533 5241 1572 5300 ad
1601 5243 1659 5301 hoc
1686 5244 1769 5303 hnuc
1801 5246 1904 5302 locum

180 5307 214 5404 ut
228 5306 366 5364 omnium
387 5310 601 5388 episcoporum
625 5332 661 5373 ac
676 5317 820 5375 comitum
843 5325 1015 5380 nostrorum
1068 5327 1245 5400 construxit,
1272 5333 1305 5385 ut
1319 5331 1538 5390 monachorum
1553 5333 1628 5390 ordo
1656 5334 1699 5392 ibi
1725 5334 1784 5392 sub
1800 5334 1905 5406 regula

181 5409 212 5450 rn
232 5392 290 5452 hoc
304 5399 466 5458 concordet
485 5417 639 5477 assensus,
654 5410 687 5463 ut
700 5406 781 5464 idem
795 5408 879 5467 locus
895 5427 1015 5486 semper
1068 5415 1164 5472 sancti
1184 5416 1331 5474 Benedicti
1355 5419 1477 5487 viveret,
1502 5425 1531 5478 et
1559 5423 1610 5479 Dei
1638 5422 1782 5480 laudibus
1808 5425 1905 5479 inser·

181 5482 323 5582 abbatem
348 5487 461 5546 habeat
479 5508 516 5550 ex
541 5495 665 5570 propria
693 5500 934 5574 congregatione,
962 5502 1014 5571 qui
1067 5504 1152 5562 viret.
1169 5505 1255 5572 Quod
1277 5507 1459 5566 desiderium
1484 5511 1629 5585 quoniam
1653 5516 1750 5570 morte
1772 5513 1905 5570 interve-

180 5585 279 5646 rpsam
302 5591 405 5638 casam
433 5580 484 5639 liei
507 5585 535 5641 et
553 5584 721 5644 monachos
735 5586 849 5648 ibidem
869 5589 1012 5662 degentes
1069 5593 1169 5652 niente
1183 5593 1348 5670 adimplere
1361 5613 1423 5656 non
1436 5599 1542 5673 poterit,
1553 5599 1905 5675 priusfiliusiiiebardns
