3998 6176
88 179 136 234 nx
465 211 467 216 .
534 163 909 227 reserarususvaas
931 151 1353 228 remunerarem.
1744 183 1798 237 aaa

85 300 201 356 benum
211 295 375 365 instruitur,
390 293 565 352 institutoris
581 292 626 349 sui
641 290 762 352 monitis
776 303 912 348 reveren·
931 287 956 342 Α
971 287 1114 346 cumdato
1128 294 1229 348 autem
1242 294 1327 349 Petro
1339 291 1518 352 vestimento
1533 311 1599 366 suo,
1612 299 1714 355 Petrus
1731 316 1800 375 post

86 393 127 445 ter
141 385 279 444 obaudit.
296 385 380 444 Unde
395 389 464 458 post
489 387 674 458 praeceptum
698 379 796 452 angeli
815 377 917 436 obedi·
970 377 1112 449 angelum
1127 379 1219 450 vadit,
1232 398 1300 438 eum
1316 398 1480 441 conversus
1495 390 1636 458 peccator
1650 388 1691 446 sic
1712 391 1797 448 vesti·

85 477 166 534 enda
179 474 257 532 Petri
271 473 465 546 subinfertur,
475 488 545 529 eum
559 470 666 528 dicitur
682 487 689 525 :
711 472 751 526 Et
768 469 840 539 feeit
863 468 915 525 sie.
970 467 1026 536 giis
1039 472 1149 525 sancta
1171 471 1393 542 predicationis
1420 472 1554 546 inheret,
1578 480 1608 533 et
1634 477 1673 534 ab
1696 477 1799 538 itinere

83 567 128 624 ad
144 581 255 622 vocem
269 563 350 621 enim
364 559 676 637 praecipientisangeli
689 562 792 616 Petrus
816 557 857 614 sic
877 555 919 613 ia·
968 556 1088 629 iustitiae
1111 555 1195 615 nullo
1217 557 1392 618 diverticulo
1427 562 1603 622 uausitoriar
1627 565 1799 625 intentionis

83 657 131 723 eit,
150 671 224 712 cum
238 653 358 710 auditor
371 650 560 728 praedicatori
575 666 631 707 suo
655 653 738 708 tenta
762 647 918 706 devotione
971 647 1108 706 abstinet.
1118 649 1189 707 Post
1203 650 1471 712 circumdationem
1496 656 1607 714 etenim
1631 659 1800 718 vestimenti

82 745 286 817 obtemperet,
300 741 383 800 utad
397 739 605 816 peragendum
612 739 696 813 quod
712 738 739 796 ei
752 736 920 811 injungitur
971 738 1018 796 sui
1032 738 1175 811 angelum
1189 741 1312 800 minime
1328 743 1462 818 sequitur
1471 744 1618 820 quisquis,
1627 753 1696 822 post
1706 750 1801 808 adim-

83 845 189 888 moras
203 829 303 886 nullas
317 830 457 886 innectat.
474 831 549 886 Cum
561 843 631 886 vere
641 827 809 885 auditorem
829 841 918 882 suum
971 827 1133 900 piationem
1147 830 1341 906 bonioperis,
1357 832 1389 888 in
1418 849 1449 890 se
1476 838 1505 891 et
1527 851 1589 893 non
1615 835 1646 893 iu
1671 838 1799 896 Domino

82 919 276 994 praedicator,
295 935 331 976 ea
342 919 484 992 quaejam
497 915 609 987 didicit,
637 916 769 975 studiose
796 914 919 988 implere
972 917 1124 990 gloriatur.
1140 921 1239 992 Longe
1253 922 1365 996 quippe
1378 929 1576 983 aeonsectatu
1587 926 1799 999 suiaugeiide-

83 1009 269 1078 considerat,
285 1009 383 1080 magis
395 1007 554 1082 magisque
566 1009 749 1082 provocatur
763 1010 796 1063 ut
816 1003 920 1062 emnia
972 1009 1102 1084 vietqui
1111 1009 1287 1084 perbonum
1297 1013 1381 1086 quod
1396 1014 1467 1086 agit,
1479 1015 1561 1073 eliud
1572 1016 1699 1075 intendit
1708 1035 1802 1092 quam

82 1099 123 1155 illi
135 1115 209 1172 quea
224 1097 265 1154 ad
275 1097 489 1172 perfectionem
504 1097 620 1154 ducunt
639 1096 815 1154 innoteseat.
838 1093 921 1152 Unde
973 1102 1018 1156 est
1031 1097 1105 1156 iilud
1119 1100 1203 1174 quod
1215 1099 1405 1172 singulariter
1419 1105 1624 1177 appetendum
1635 1122 1732 1165 exere
1757 1107 1802 1165 sui

82 1193 111 1246 et
123 1189 267 1261 sequitur
282 1205 289 1244 :
973 1185 1177 1262 predicatoris
1189 1188 1312 1248 audivit.
1327 1192 1499 1266 Opportune
1509 1193 1598 1264 igitur
1611 1196 1736 1266 angelus
1751 1201 1804 1255 Pe·

118 1276 542 1347 numantiamque
569 1275 611 1333 od
637 1290 704 1333 eum
719 1291 730 1331 .·
760 1273 921 1332 circumda
974 1279 1054 1334 trum
1069 1281 1102 1334 ut
1116 1283 1289 1352 sequeretur
1304 1279 1471 1351 admonuit,
1482 1283 1555 1356 quia
1564 1299 1662 1342 sermo
1672 1285 1801 1356 divinus,

83 1367 141 1424 tibi
153 1367 364 1424 uestimentum
380 1371 475 1436 tuum,
491 1373 519 1422 et
533 1379 655 1437 sequere
667 1380 723 1422 me.
741 1361 828 1430 Quod
854 1377 922 1418 ves·
975 1371 1140 1440 postquam
1153 1366 1191 1424 de
1206 1367 1348 1425 omnibus
1361 1386 1429 1443 quae
1443 1371 1592 1444 pertinent
1605 1372 1645 1430 ad
1668 1378 1805 1431 nostram

83 1457 249 1514 timentum
264 1455 437 1529 edenenas,
450 1454 686 1528 hocestjustitia
709 1453 749 1511 ed
776 1453 921 1512 animam.
976 1457 1103 1514 salutem
1117 1456 1247 1528 instruit,
1262 1457 1353 1515 etiam
1371 1459 1499 1533 qualiter
1513 1462 1680 1536 appetitum
1704 1463 1804 1521 inanis

83 1545 309 1603 uestimentum
320 1544 400 1602 enim
415 1545 487 1616 tegit
501 1549 530 1601 et
545 1543 690 1612 ealefacit,
703 1544 817 1616 justitie
847 1559 924 1617 quo-
977 1543 1078 1616 gloriae
1092 1544 1242 1619 praeterire
1254 1545 1421 1605 debeamus
1436 1549 1576 1608 ostendit.
1593 1551 1651 1610 Sed
1673 1569 1741 1609 eum
1768 1569 1805 1610 ee

84 1651 144 1709 que
156 1635 202 1692 ab
216 1634 322 1692 anime
343 1639 372 1691 et
383 1634 477 1706 frigus
504 1633 625 1691 malitiae
647 1631 775 1708 expellit,
800 1636 831 1689 et
854 1648 922 1707 qum
941 1645 962 1700 Β
976 1651 1045 1708 que
1059 1637 1178 1692 Petrum
1192 1633 1289 1692 iacere
1299 1636 1424 1707 angelus
1435 1639 1553 1696 mouerit
1566 1639 1606 1696 ad
1617 1645 1806 1716 tantamper·

85 1725 115 1782 in
130 1739 167 1781 ea
179 1739 237 1798 per
251 1726 412 1798 peceatum
432 1726 503 1779 sunt
517 1720 660 1788 verenda,
680 1721 783 1778 divino
809 1721 922 1793 jndicio
977 1724 1136 1782 lectionem
1150 1723 1329 1798 pertineant,
1345 1727 1453 1800 querit
1464 1726 1592 1786 tortasse
1606 1730 1714 1805 aliquis
1727 1748 1804 1807 quo-

86 1812 259 1871 abseondit.
274 1812 304 1870 Si
315 1812 400 1868 enim
414 1810 528 1868 malitie
542 1810 637 1883 trigas
662 1827 725 1868 non
748 1816 837 1885 esset,
856 1827 924 1886 pre-
977 1814 1070 1872 modo
1098 1813 1247 1888 peccatori
1269 1813 1369 1871 adhuc
1395 1819 1512 1874 retruso
1541 1818 1572 1874 in
1598 1835 1716 1878 earcere
1741 1821 1805 1878 hmo

86 1904 181 1978 pheta
195 1903 299 1977 utique
312 1902 370 1958 sub
382 1902 492 1960 iudaeae
505 1918 604 1977 specie
619 1902 769 1959 demente
794 1902 924 1976 reproba
978 1908 1065 1962 tantae
1075 1903 1265 1978 perfectiouis
1277 1903 1412 1961 instituta
1420 1907 1624 1965 convenienti
1634 1910 1718 1977 Quod
1727 1915 1806 1968 recte

85 2009 153 2051 non
167 1992 314 2050 dixisset:
331 1993 857 2067 irc'qidamsaeiteisternaaqnam
881 1993 924 2050 sie
977 1994 1103 2052 forsitan
1129 1997 1322 2068 quereretur,
1349 1994 1373 2052 si
1401 2010 1459 2053 nos
1486 1997 1578 2056 niodo
1597 2015 1756 2072 egeremus
1768 2000 1806 2058 de

86 2082 235 2154 frigidam
248 2083 323 2152 feeit
336 2082 485 2140 maiitiam
499 2097 585 2138 suam
599 2083 634 2138 Et
645 2097 766 2138 riusum
790 2080 815 2138 si
836 2081 924 2153 iusti·
978 2088 1135 2158 peccatore
1149 2083 1250 2140 adhue
1259 2082 1291 2140 in
1304 2084 1421 2157 peccati
1435 2085 1483 2143 sui
1496 2103 1614 2146 earcere
1628 2088 1805 2159 dormiente,

87 2173 128 2228 tia
141 2171 359 2228 vestimentum
373 2185 436 2227 nen
449 2175 536 2239 esset,
551 2169 708 2227 Psalmiste
733 2170 837 2244 utique
861 2186 924 2230 non
978 2176 1008 2229 et
1017 2170 1125 2255 nonde
1135 2170 1185 2228 ilio
1200 2171 1301 2244 potius
1316 2172 1404 2245 eujus
1414 2173 1480 2246 jem
1506 2191 1656 2235 carcerem
1680 2177 1806 2250 angelus

88 2261 214 2318 dixisset
229 2279 237 2316 :
254 2260 429 2318 Sacerdotes
444 2260 490 2316 tui
505 2259 674 2317 induantur
681 2261 845 2331 justitiam.
865 2263 924 2318 Nos
978 2260 1143 2331 illustravit,
1161 2277 1253 2335 quem
1264 2261 1330 2333 iam
1345 2261 1553 2339 dominusper
1567 2267 1807 2340 compunctionis

88 2349 390 2425 qnippesaeerdetes
413 2348 532 2406 Domini
552 2365 669 2420 sumus,
694 2349 767 2423 quia
787 2349 925 2407 membra
980 2349 1278 2425 spiritumaxcitavit.
1292 2350 1345 2408 Cui
1359 2355 1436 2410 certe
1452 2358 1542 2411 omne
1552 2355 1636 2428 qued
1646 2356 1684 2413 de
1696 2356 1808 2431 perlec-

90 2439 206 2497 sammi
219 2438 384 2497 sacerdotis
399 2438 581 2507 exsistimus,
596 2442 626 2495 et
641 2454 696 2513 per
720 2439 924 2498 mortificatio-
979 2440 1059 2498 tiene
1074 2438 1191 2507 dicitur,
1207 2441 1291 2496 tanto
1303 2438 1403 2497 verius
1417 2442 1564 2512 congruit,
1575 2450 1690 2517 quanto
1701 2445 1765 2520 ipse
1776 2462 1807 2503 se

89 2548 160 2589 nem
176 2530 348 2588 eernisnos
359 2530 441 2604 ipsos
455 2529 587 2587 hostiam
601 2529 702 2586 vivam
728 2529 853 2587 Domino
871 2529 926 2586 im·
980 2529 1118 2587 devotius
1134 2543 1188 2602 per
1202 2527 1376 2602 oppositum
1390 2530 1587 2589 confessionis
1600 2534 1737 2606 accingit.
1759 2539 1809 2593 Pe·

90 2621 257 2678 molamus.
276 2618 333 2687 Qui
346 2618 490 2676 nimbum
502 2623 573 2675 tunc
584 2617 720 2675 veracius
742 2617 856 2691 justitia
884 2617 927 2673 in·
981 2617 1162 2690 trususque,
1176 2615 1277 2673 adhue
1299 2616 1483 2692 inceptione
1505 2619 1631 2694 positus,
1658 2629 1808 2698 praecepta

90 2710 216 2766 duimur
231 2725 303 2766 eum
317 2707 400 2764 nulla
413 2723 482 2782 quar
495 2712 565 2764 suut
585 2706 724 2764 iacienda
751 2709 927 2782 praetermrt-
981 2707 1127 2764 libertatis
1141 2704 1258 2780 accipit,
1273 2706 1345 2780 quie
1359 2713 1500 2781 peccator
1513 2714 1584 2767 tunc
1595 2710 1686 2769 etiem
1699 2728 1754 2787 per
1775 2730 1809 2770 os

91 2800 195 2856 timus.
211 2797 298 2856 Unde
309 2797 358 2854 hie
370 2812 493 2871 quoque
508 2797 677 2854 notandum
691 2796 826 2871 estquod
838 2812 927 2869 auge·
981 2795 1185 2872 predicatoris
1199 2811 1328 2870 quaeque
1341 2795 1397 2854 sibi
1413 2798 1532 2870 agenda
1545 2801 1708 2875 cognoscit,
1740 2819 1811 2860 cum

90 2891 136 2946 lus
151 2892 241 2946 Petro
252 2903 448 2962 nequaquam
459 2886 604 2944 ait:t'esti
613 2887 816 2944 uestimentum
832 2893 927 2957 tuum,
982 2887 1082 2945 adhuc
1105 2901 1160 2960 per
1183 2884 1317 2958 aliquam
1342 2887 1452 2945 mentis
1480 2889 1663 2948 debilitatem
1690 2892 1721 2948 ia
1748 2909 1811 2949 sure

93 2979 144 3036 sed
160 2977 328 3036 circumda
343 2979 549 3034 uestimentum
565 2983 659 3034 tunm.
676 2975 750 3032 lieri
768 2975 850 3032 enim
877 2990 929 3049 po·
948 2999 969 3057 ρ
983 2974 1171 3035 conscientie
1182 2973 1303 3032 latebris
1312 2974 1467 3035 delitescit.
1479 2979 1608 3053 Sedjam
1619 2981 1810 3040 tandemom·

93 3068 193 3126 tostin
210 3065 314 3142 aliquo
329 3081 436 3138 genere
446 3065 615 3123 vestimenti
643 3065 668 3124 si
694 3080 731 3122 ex
757 3081 819 3122 una
842 3069 927 3139 perte
982 3083 1053 3124 nem
1066 3063 1184 3122 nodum
1197 3062 1357 3121 debilitatis
1382 3064 1553 3140 abrumpet,
1576 3069 1642 3142 J'am
1670 3070 1812 3143 angelum

93 3165 246 3231 tegamur,
260 3161 295 3213 ut
309 3173 346 3214 ex
353 3161 436 3231 parte
444 3156 503 3214 alia
512 3155 613 3214 intecti
619 3154 787 3214 videamur.
799 3155 927 3222 Quande
983 3155 1203 3231 precedentem
1216 3157 1369 3227 sequatur,
1382 3155 1446 3227 iam
1460 3163 1611 3233 precepta
1623 3159 1813 3234 perfectionis

94 3253 195 3308 antem
209 3246 255 3304 sic
269 3245 413 3304 vestimur
426 3250 460 3303 ut
473 3245 556 3303 nulla
566 3262 602 3304 ex
619 3249 704 3320 parte
725 3245 800 3302 nudi
827 3261 926 3304 rema·
982 3261 1046 3303 non
1061 3261 1092 3301 se
1108 3243 1216 3301 trustra
1230 3241 1352 3300 audisse
1365 3246 1495 3303 testetur.
1509 3246 1587 3313 Qiiid
1601 3248 1740 3307 adhucin
1749 3266 1812 3307 ear·

94 3355 236 3408 ammas,
251 3337 396 3395 hincuon
409 3340 526 3394 tantum
540 3336 719 3394 vestimento
737 3337 846 3410 vesuli,
876 3336 929 3394 sed
984 3349 1051 3392 cere
1074 3332 1155 3402 iacit,
1182 3331 1222 3389 ad
1248 3348 1341 3405 quem
1366 3331 1557 3392 liberandum
1578 3336 1643 3408 jam
1671 3337 1813 3409 angelum

96 3431 185 3487 etiarn
199 3426 380 3486 circumdati
395 3443 511 3484 sumus.
525 3425 581 3494 Qui
602 3425 692 3497 igitur
717 3426 759 3484 sic
786 3426 929 3502 quaedam
985 3439 1076 3481 suum
1091 3420 1237 3479 Dominus
1249 3420 1357 3478 misit?

96 3517 177 3576 bona
191 3517 257 3589 agit
275 3521 308 3573 ut
321 3515 381 3574 elie
390 3515 531 3589 negligat,
544 3519 573 3572 et
588 3531 624 3572 ex
634 3519 720 3590 parte
730 3515 854 3573 vestitus
884 3521 931 3575 ast
1020 3515 1086 3570 XVI.
1102 3511 1240 3585 Sequitur
1255 3529 1262 3567 :
1279 3511 1319 3567 Et
1334 3512 1436 3570 enters
1445 3513 1625 3587 sequebatur
1638 3530 1715 3587 eum,
1729 3522 1757 3574 et
1767 3533 1815 3575 ne·

98 3612 124 3664 et
138 3623 175 3664 ex
189 3609 279 3682 parte
289 3605 390 3663 nudus
407 3623 416 3674 ;
430 3607 502 3679 quia
515 3604 650 3680 proiecto
662 3621 730 3664 eam
744 3609 861 3680 partem
884 3606 931 3664 sui
984 3602 1096 3660 acutat
1110 3601 1181 3678 quia
1195 3615 1299 3658 uerum
1309 3606 1352 3657 est
1366 3601 1446 3674 quod
1456 3602 1548 3672 flebat
1565 3619 1623 3676 per
1648 3606 1790 3678 enqelum
1801 3619 1816 3679 ,·

97 3697 242 3753 inlectam
255 3694 406 3768 relinquit,
421 3709 516 3768 quam
529 3693 698 3751 velamento
716 3695 838 3766 justum
861 3711 931 3770 ope-
986 3690 1176 3750 existimabat
1191 3695 1333 3748 oniense
1346 3691 1442 3748 nuum
1467 3692 1576 3751 nidere.
1600 3695 1693 3752 Tanta
1720 3694 1816 3752 iuerat

98 3787 154 3844 rire
167 3784 311 3858 neglexit.
333 3787 417 3841 Petro
444 3784 545 3859 itaque
572 3783 610 3840 de
636 3800 756 3842 carcere
774 3785 931 3843 educendo
987 3779 1125 3838 custodia
1137 3778 1365 3852 circumseptus
1378 3783 1412 3837 ut
1429 3779 1530 3838 visum
1552 3799 1584 3839 se
1609 3783 1711 3841 videre
1736 3785 1816 3842 msti-

99 3875 273 3950 prereipitur
286 3879 320 3931 ut
332 3874 543 3932 vestimentum
557 3889 647 3931 suum
662 3872 719 3931 sibi
743 3873 907 3934 circumdet
923 3893 930 3945 ;
987 3873 1094 3942 maret,
1109 3868 1201 3925 etiam
1216 3883 1286 3924 eum
1301 3883 1372 3924 eam
1385 3866 1416 3923 iu
1432 3867 1554 3925 veritate
1568 3870 1693 3940 angelus
1707 3871 1817 3930 libera-

101 3965 174 4039 quia
186 3963 329 4021 nimirum
344 3980 465 4022 neeesse
479 3967 524 4020 est
537 3968 570 4021 ut
581 3964 633 4038 qui
642 3963 771 4039 perfecte
787 3981 932 4024 coarcere
988 3964 1041 4018 ret.
1056 3957 1134 4018 Solet
1148 3957 1228 4014 enim
1241 3956 1273 4013 in
1287 3955 1390 4013 animo
1402 3957 1548 4028 humano,
1557 3973 1596 4014 ex
1606 3960 1818 4018 consideratio-

101 4058 294 4128 peecatorum
306 4053 387 4111 exire
399 4054 558 4128 desiderat,
572 4053 614 4110 sic
629 4069 661 4110 se
688 4053 822 4128 undique
847 4056 934 4113 vesti-
988 4066 1027 4108 ne
1041 4047 1196 4124 praeteritus
1209 4045 1417 4106 tribulationis.
1428 4045 1484 4104 ista
1496 4045 1679 4106 liberationis
1701 4049 1818 4107 basile

100 4149 206 4202 mento
214 4143 335 4215 justitiae
351 4145 547 4215 circumteget
563 4142 689 4200 utnulla
703 4159 772 4216 qum
797 4144 837 4200 ad
863 4161 934 4202 eum
989 4140 1032 4198 tio
1041 4135 1177 4211 generari
1193 4135 1360 4211 ;quiaeum
1373 4135 1607 4194 immensitatem
1615 4138 1818 4213 periculorum

100 4232 474 4308 pertinentprmtermittat.
489 4232 785 4292 Sadeeeeearcerem
793 4233 860 4306 jam
871 4251 934 4308 quo
990 4243 1044 4302 per
1058 4242 1152 4302 quum
1169 4225 1305 4284 transivit
1318 4223 1528 4298 reminiscitur,
1551 4229 1707 4302 quomodo
1735 4234 1821 4304 potu·

101 4324 271 4397 tenebatur,
285 4322 410 4380 adstans
431 4322 556 4395 angelus
581 4322 750 4395 illustravit,
781 4322 855 4398 quia
883 4323 936 4382 lux
952 4351 975 4406 Β
994 4317 1049 4375 erit
1059 4315 1197 4384 evadere,
1207 4314 1291 4390 apud
1305 4330 1336 4372 sa
1348 4313 1413 4388 ipse
1427 4315 1516 4389 quasi
1536 4315 1704 4377 dubitando
1730 4319 1821 4378 mira·

101 4419 213 4471 sanem
248 4408 470 4486 predicationis
499 4411 531 4468 in
559 4411 743 4470 conscientia
770 4415 937 4486 peccatoris
992 4409 1051 4462 tur.
1068 4403 1208 4461 Undemi
1224 4403 1276 4462 illa
1301 4419 1362 4461 V0¹
1385 4407 1544 4462 iteamfflm
1571 4411 1741 4481 martyrum
1768 4424 1822 4483 per

101 4501 233 4560 emicuit.
245 4501 392 4572 eccejam
400 4501 538 4570 surrexit,
549 4500 622 4575 quia
636 4504 763 4561 suetum
781 4503 896 4576 peccati
905 4504 938 4562 in
993 4493 1182 4551 Psalmistam
1212 4492 1403 4551 dicentium:
1431 4495 1603 4553 Torrentem
1622 4499 1822 4567 pertransivit

101 4609 161 4667 quc
172 4590 300 4665 jacebat
313 4589 446 4664 reliquit;
460 4606 530 4648 ecee
542 4591 607 4664 jam
629 4590 750 4649 lumbos
772 4592 937 4666 precinxit,
995 4585 1098 4642 anina
1111 4589 1225 4648 nostra,
1237 4585 1371 4655 forsitan
1379 4585 1593 4655 pertransisset
1602 4586 1703 4642 ananan
1717 4590 1822 4642 nostra

101 4683 172 4756 quia
181 4679 312 4738 luxuriae
326 4679 409 4737 fluxa
422 4680 572 4738 restrinxit
589 4699 596 4737 ε
613 4696 682 4738 ecee
694 4681 758 4753 jam
773 4697 805 4738 se
821 4683 938 4756 calciet,
995 4689 1106 4748 aquam
1115 4673 1346 4732 intolerabilem.
1360 4675 1424 4731 Noa
1436 4672 1516 4730 enim
1526 4673 1637 4732 idcireo
1647 4673 1822 4746 diciturfor·

99 4773 171 4846 quia
182 4768 333 4843 exemplis
349 4769 472 4828 Petrum
487 4785 607 4843 gressus
632 4786 788 4828 sacrorum
811 4787 939 4846 epemm
996 4767 1075 4822 sitan
1089 4764 1178 4838 quasi
1187 4780 1257 4821 vere
1271 4763 1309 4821 de
1324 4779 1379 4821 sua
1393 4763 1569 4822 liberatione
1583 4763 1721 4822 dubitent
1736 4783 1743 4834 ;
1759 4765 1822 4835 sed,

101 4859 395 4929 communivit3ecee
406 4860 471 4932 jam
481 4860 694 4918 vestimentum
709 4877 799 4918 suum
812 4860 869 4918 sibi
886 4862 940 4920 cir-
995 4853 1087 4911 verbo
1114 4853 1309 4911 hesitationis
1332 4851 1410 4909 illius
1437 4868 1491 4927 per
1509 4867 1603 4926 quem
1630 4852 1823 4924 transierunt,

101 4949 270 5016 cumdeda,
285 4949 358 5022 quia
371 4948 455 5006 nulla
464 4965 533 5023 quae
544 4949 648 5007 didicit
654 4950 853 5024 praetermisit.
866 4951 939 5018 Quis
996 4943 1159 5014 insinuant,
1173 4942 1257 5017 quod
1269 4942 1346 5000 bene
1356 4942 1446 5000 etiam
1465 4940 1608 5015 mysterio
1633 4941 1824 5013 significatio-

98 5043 163 5114 jain
176 5037 373 5114 imperfectus
387 5055 452 5096 esse
466 5039 636 5098 censendus
659 5044 714 5110 est,
743 5039 797 5114 qui
824 5045 941 5098 tantum
997 5033 1044 5090 nis
1059 5034 1308 5106 cooptanuuam
1324 5031 1439 5104 quiain
1459 5029 1507 5087 die
1537 5028 1616 5087 clare
1630 5030 1778 5101 videmus,
1793 5031 1825 5090 in

102 5129 257 5206 proiecit?
272 5129 329 5188 Sed
344 5128 414 5186 huic
436 5129 544 5202 angelo
572 5128 672 5188 adhue
696 5145 751 5186 nec
773 5128 832 5188 ista
860 5128 942 5187 suifi-
997 5129 1084 5182 noete
1107 5138 1178 5180 vero
1207 5120 1265 5178 sub
1293 5120 1360 5176 visu
1383 5118 1476 5176 dubio
1498 5117 1675 5190 caligamus,
1690 5120 1827 5197 quidper

102 5222 184 5278 ciunt
199 5237 206 5276 :
221 5218 324 5276 adhue
338 5218 437 5287 instat,
463 5219 644 5292 adhucque
661 5218 743 5277 novit
770 5235 940 5294 superesse,
997 5211 1144 5271 visionem
1158 5209 1293 5268 divinam
1304 5208 1363 5266 nisi
1377 5206 1536 5265 manifesti
1550 5208 1669 5282 veritae,
1690 5210 1764 5285 quid
1772 5228 1827 5285 per

102 5309 236 5368 iuenlmt
250 5327 258 5378 ;
272 5312 307 5365 ut
320 5324 390 5366 eum
405 5323 497 5383 quem
511 5307 702 5366 liberandum
717 5309 858 5384 suscepit,
889 5313 943 5367 aut
999 5306 1189 5368 nocturnam,
1206 5295 1584 5368 nisidubiadesignaturi
1600 5303 1631 5356 ln
1650 5299 1698 5356 die
1727 5299 1827 5376 itaque

102 5399 297 5457 obedientem
311 5397 440 5471 periente
459 5397 596 5472 excipiat,
613 5402 666 5456 aut
687 5397 712 5454 si
741 5398 862 5456 obedire
889 5413 943 5455 ne·
998 5407 1062 5449 non
1076 5388 1226 5446 immerito
1239 5389 1303 5461 jam
1318 5403 1383 5443 esse
1397 5385 1538 5443 dicuntur
1549 5387 1612 5462 qui,
1626 5394 1743 5448 remote
1764 5408 1828 5449 om-

104 5487 240 5560 glexerit,
256 5487 296 5544 ab
310 5486 390 5544 illius
406 5486 649 5546 damnationem
676 5486 846 5546 immunem
873 5487 942 5546 red·
999 5482 1048 5540 uis
1059 5477 1258 5552 corruptionis
1267 5475 1403 5548 ealigine,
1412 5475 1830 5538 cleritatemveritatisineem·

102 5577 646 5636 detundecumdixissat:eirrnmda
657 5578 712 5634 titi
726 5580 943 5648 uestimentum,
1002 5568 1183 5628 mutabiliter
1196 5570 1385 5624 mutilentur·
1402 5570 1471 5636 Nm,
1486 5566 1539 5641 qui
1561 5567 1661 5624 adhue
1686 5569 1717 5625 in
1738 5570 1830 5641 huius

105 5675 190 5726 tuum
204 5667 345 5742 protinus
354 5667 475 5726 iutiurlit
488 5669 591 5726 dicens
604 5685 612 5724 ε
627 5668 668 5726 iit
681 5683 802 5741 sequere
811 5683 866 5726 me.
883 5667 944 5728 Gir-
1003 5659 1100 5720 exsilii
1108 5657 1238 5718 cecitate
1244 5656 1424 5732 detinemur,
1432 5655 1508 5715 sicut
1514 5655 1625 5715 scilieet
1635 5673 1674 5716 ec
1680 5664 1770 5730 parte
1776 5660 1830 5716 sei-

253 5758 376 5814 aanor.
396 5751 483 5815 exul.
605 5793 606 5796 ,
1563 5750 1596 5802 lo
