3990 6184
107 149 179 218 1397
346 163 348 168 ’
421 153 511 210 POP0
531 153 756 214 reatinensis
775 151 1084 210 ARCHlEPlSCOPUS.
1099 181 1132 194 -
1148 155 1284 212 ΝΟΤΙΤΙΑ
1305 155 1499 214 stratonici.
1743 143 1810 216 139⁸

101 276 154 333 ctis
167 275 272 334 incolis
287 274 422 348 ejusdem
436 281 520 334 terrra
541 275 755 354 gloriosissime
773 277 924 354 recipitur,
945 275 1135 349 damboque
1150 276 1199 333 filii
1213 279 1297 350 regui
1312 279 1424 352 paretis
1457 280 1625 344 commodis
1645 279 1728 338 nulla
1759 281 1808 340 lite

100 365 202 438 sicque
211 364 308 424 divini
324 365 456 425 muneris
472 363 567 436 gratia
582 381 710 438 regnum
726 365 782 422 sibi
794 365 928 422 debitum
983 366 1182 424 intercedente
1194 371 1326 425 utuntur.
1353 369 1403 427 ilic
1417 368 1492 426 fides
1504 368 1633 428 habetur
1660 370 1744 442 regni
1758 387 1808 428 so·

99 455 242 514 redditur.
258 456 304 512 llis
319 457 360 512 ita
372 456 499 530 peractis
516 461 545 514 et
570 457 712 514 omnibns
741 457 802 514 suis
820 457 850 514 iu
876 472 928 530 pa·
981 455 1042 522 ciis,
1057 455 1104 512 iric
1117 455 1289 514 inviolabile
1304 457 1382 528 viget
1396 457 1495 516 Ioedus
1519 458 1647 516 materni
1672 459 1807 517 fraterni-

98 545 140 604 cis
160 544 371 620 tranquillitate
397 545 584 619 compositis,
612 546 744 604 lratcmo
772 551 926 620 correptus
980 560 1039 616 que
1052 545 1173 602 amoris.
1185 545 1253 602 lloee
1279 545 1335 602 illis
1354 547 1457 604 omnia
1480 547 1625 621 praestitit,
1635 549 1688 622 qui
1700 549 1806 606 vinaui-

98 650 201 692 amore
221 634 343 692 nuntios
365 635 455 692 mittit
481 635 520 694 ad
536 635 729 706 Edwarduur,
759 651 870 706 rogans
884 639 924 704 ut,
980 651 1044 692 mes
1058 635 1087 690 ier
1101 634 1193 692 domo
1205 635 1341 694 babitare
1352 636 1423 693 iacit
1437 639 1521 694 lesus
1536 637 1678 706 Christus,
1706 639 1806 696 Domi·

97 723 232 790 veniens,
249 739 352 782 secum
364 724 511 782 obtineret
525 741 662 796 regnum.
685 725 741 792 Oui
755 724 852 782 iratris
865 726 926 797 jus·
978 739 1036 780 nus
1050 723 1187 780 omnium
1204 743 1211 792 ;
1227 725 1275 782 cui
1288 724 1318 782 in
1329 725 1466 782 Trinitete
1477 725 1609 784 manenti
1622 725 1806 786 immaresci·

98 813 175 872 siom
185 813 328 872 obediens
342 813 481 886 augteaa
493 819 593 888 partes
608 815 774 884 advehitur,
787 819 814 872 ei
830 817 925 872 mater
979 813 1037 870 bile
1049 813 1136 870 ssoret
1148 813 1320 886 imperium,
1335 821 1440 874 Amen.

106 945 309 960 *¹⁸*
359 953 396 962 q..
421 949 471 960 ..0-

510 1022 551 1077 Ex
571 1021 757 1079 canonicis
776 1025 830 1077 ΤΗ.
853 1024 1040 1088 RUDBURNI,
1061 1023 1106 1077 DE
1127 1021 1222 1077 aaut
1241 1021 1382 1075 uastae.

561 1119 648 1175 Duxit
663 1119 813 1176 Etelredus
828 1121 907 1176 hanc
922 1124 950 1176 et
959 1123 1064 1193 postca
1078 1118 1200 1174 cnutus.

523 1207 703 1265 Edwardum
720 1213 858 1266 sanctum
871 1209 950 1283 parit
963 1209 1027 1265 lraec
1041 1211 1069 1264 et
1084 1207 1317 1264 Hardecnutum.

525 1299 658 1364 Quatuor
672 1298 729 1354 hos
743 1313 829 1369 reges
844 1299 907 1355 haec
917 1298 989 1356 vidit
1004 1301 1121 1371 sceptra
1133 1299 1280 1368 gerentes.

523 1384 687 1456 anglorum
702 1399 809 1458 regum
825 1386 879 1443 iuit
889 1387 952 1444 haec
965 1387 1006 1443 sic
1019 1390 1115 1443 mater
1129 1387 1157 1442 et
1171 1399 1256 1442 uxor.

596 1624 893 1744 EMMAE
929 1622 1300 1742 REGENAE

466 1809 633 1866 EPlSTOLA
651 1811 699 1864 ab
721 1810 831 1866 iratos
851 1811 939 1867 SUOS
960 1810 1161 1864 EDWAllltUll
1183 1809 1223 1864 ET
1244 1809 1431 1865 alentonii.

764 1931 851 2003 (vide
863 1945 957 2001 serpae
971 1931 1028 1988 col.
1048 1930 1136 2000 1392.)

798 2187 870 2228 eudo
891 2185 986 2228 ricuini
1005 2185 1090 2227 imi.

737 2327 1150 2512 Porro

355 2595 842 2756 TREVlRENSlS
903 2592 1535 2720 ARCHlEPlSCOPUS.

561 2905 860 2994 NOTITIA
905 2905 1326 2994 HISTORICA.

594 3085 720 3155 ,idolico
736 3087 922 3156 comitiano,
938 3102 1009 3144 nov.
1023 3085 1105 3158 edit,
1122 3087 1189 3154 iiiii,
1203 3087 1279 3158 toti.)

123 3383 263 3456 leopoldi
279 3383 463 3443 marchionis
479 3383 604 3442 austria
624 3400 660 3442 ex
671 3381 819 3442 Richards
830 3381 914 3440 nobi·
933 3382 1101 3441 Bremedia
1114 3383 1300 3458 conquirere,
1317 3385 1345 3440 et
1355 3382 1434 3438 viros
1448 3381 1562 3440 bellice
1576 3380 1676 3452 glorie
1698 3381 1796 3440 laudi·

86 3469 202 3528 lissima
217 3473 340 3530 muliere
355 3469 567 3546 filius‚Poppo,
583 3477 612 3530 et
624 3473 736 3530 Ernesti
749 3475 772 3530 ii
801 3472 914 3532 Saevire
967 3472 1025 3530 hus
1044 3471 1192 3547 imprimis
1215 3471 1355 3528 florentes
1380 3469 1532 3528 beneficiis
1555 3470 1611 3528 sibi
1634 3469 1791 3544 laudisque

86 3561 172 3617 ducis
186 3563 273 3634 eujus
285 3562 408 3620 tutelam
429 3563 519 3633 gessit
534 3562 843 3634 patruus.litterarum
858 3561 914 3618 vir·
965 3560 1101 3632 jungere,
1124 3561 1235 3636 quibus
1249 3561 1396 3635 pacandae
1422 3560 1582 3634 provinciae
1604 3559 1796 3633 iurandaque

84 3653 242 3724 tutumque
261 3651 365 3708 studiis
382 3651 518 3724 apprime
539 3651 675 3708 excultus
703 3649 914 3721 bambergensi
967 3667 1079 3708 munus
1090 3651 1228 3708 traderet.
1246 3653 1357 3708 Horum
1372 3650 1462 3722 igitur
1474 3649 1630 3706 sedulitate
1640 3653 1730 3724 atque
1742 3650 1797 3706 im·

84 3737 218 3796 Ecclesiae
233 3739 411 3814 praepositus
428 3739 458 3794 in
472 3739 573 3797 locum
585 3740 773 3810 megingaudi
787 3739 826 3796 ab
838 3743 913 3797 ileu-
966 3740 1059 3814 pigris
1072 3757 1144 3796 usus
1155 3739 1256 3807 armis,
1272 3737 1432 3811 praedones
1447 3737 1560 3812 ubique
1575 3737 1712 3809 castellis,
1727 3753 1796 3812 quae

83 3823 145 3884 rico
161 3828 183 3886 ll
203 3827 383 3904 imperatore
404 3827 559 3896 sufficitur,
581 3829 737 3886 vesaniam
765 3845 914 3902 compress
967 3827 1132 3884 securitatis
1147 3827 1204 3901 ipsi
1218 3842 1310 3883 causa
1320 3826 1500 3894 insederant,
1514 3825 1630 3898 ejicere,
1657 3830 1687 3883 et
1710 3833 1796 3885 orete-

85 3933 172 3977 surus
188 3912 397 3984 ruatber-onis,
412 3918 465 3992 qui
478 3921 578 3974 minen
592 3917 727 3992 Popponi
742 3918 840 3974 cessit.
864 3917 914 3974 liic
966 3931 1016 3972 ros
1035 3931 1182 3972 novarum
1198 3931 1298 3971 rerum
1313 3913 1441 3988 cupidos
1454 3913 1485 3970 in
1499 3912 1558 3969 fide
1582 3917 1673 3986 atque
1695 3915 1795 3974 ostiolo

84 4005 253 4064 autemsub
267 4005 361 4063 tinem
381 4005 453 4064 anni
471 4009 538 4064 illiti
561 4007 600 4063 eb
625 4007 806 4080 imperatore
821 4005 915 4063 Trevi-
967 4003 1126 4060 continere.
1143 4005 1233 4060 Porro
1248 4017 1320 4058 cum
1339 4019 1418 4058 unus
1443 4000 1620 4058 edelbertus
1646 4003 1796 4076 imperata

82 4097 140 4152 rim
159 4089 320 4164 adductus,
337 4095 551 4153 communibus
566 4096 643 4153 votis
660 4101 750 4169 atque
761 4095 912 4166 suffragiis
968 4093 1064 4150 iacere
1080 4092 1163 4149 solus
1178 4091 1331 4158 detrectat,
1349 4094 1449 4163 atque,
1463 4105 1499 4147 ex
1520 4089 1643 4149 castello
1663 4092 1692 4150 S.
1710 4095 1796 4152 Cruci

83 4184 153 4242 cleri
177 4189 206 4242 et
235 4185 340 4259 populi
367 4184 399 4242 in
422 4185 582 4243 antistitem
607 4185 785 4259 postulatus,
813 4186 853 4243 ab
866 4189 914 4242 Er·
966 4181 1160 4250 olimdicato,
1174 4179 1298 4254 quodin
1313 4180 1412 4237 vioino
1434 4179 1518 4236 urbis
1542 4179 1617 4238 colle
1641 4182 1681 4240 ed
1709 4183 1796 4242 mert-

83 4274 258 4333 chenbardo
274 4275 529 4347 Monguntiacensi
557 4275 793 4350 archiepiscopo,
820 4292 913 4350 quem
966 4271 1046 4329 diem
1062 4271 1162 4342 situm,
1173 4269 1308 4344 episcopi
1326 4268 1452 4339 curiam,
1467 4271 1586 4330 servitia
1612 4275 1702 4347 atque
1716 4291 1796 4334 eorn-

82 4363 247 4438 imperator
273 4379 309 4421 ea
337 4379 427 4421 esusa
441 4362 585 4422 Trevirim
601 4363 772 4432 advocaret,
800 4365 914 4438 ingenti
950 4364 1233 4418 -meatumomnem
1261 4359 1371 4416 crebris
1399 4360 1626 4418 excursionibus
1641 4363 1732 4422 babet
1752 4363 1796 4424 in·

83 4466 151 4510 cum
169 4453 258 4510 totius
274 4452 379 4530 populi
407 4451 506 4510 laetitia
534 4457 726 4510 consecratus
753 4457 806 4522 est,
831 4470 912 4511 anno
964 4449 1280 4518 testamentorum
1301 4449 1429 4518 Silonis,
1456 4450 1588 4508 hominis
1608 4467 1702 4510 manu
1725 4468 1795 4510 cou-

84 4545 152 4598 retr
168 4541 308 4600 Kalendis
329 4541 471 4599 ianuarii.
496 4545 573 4600 inter
589 4542 745 4616 episcopos
760 4543 812 4616 qui
839 4546 913 4616 Pop·
966 4537 1091 4612 silioque
1108 4539 1288 4613 prestantis,
1317 4539 1447 4607 solertia,
1475 4540 1663 4598 contumacis
1680 4540 1793 4600 inimici

83 4631 171 4704 ponis
184 4647 276 4688 sacroe
289 4631 421 4690 unctioni
450 4631 607 4690 interfuere
635 4631 912 4688 numeraturTheo-
966 4629 1085 4704 spiritus
1097 4629 1246 4702 repressit,
1267 4633 1357 4703 atque
1383 4629 1441 4686 hac
1460 4627 1553 4686 ferme
1577 4633 1639 4686 arte
1664 4629 1794 4689 debella·

83 4719 203 4776 doricus
221 4721 366 4788 lietensis,
393 4721 446 4796 qui
468 4719 688 4796 metropolitani
715 4720 911 4777 consecratio·
930 4735 950 4790 c
965 4719 1015 4776 vit.
1031 4718 1111 4788 Siko,
1126 4719 1179 4794 qui
1190 4719 1229 4776 ad
1244 4717 1275 4776 id
1289 4734 1414 4791 operam
1426 4713 1643 4790 consiliumque
1659 4719 1794 4794 Popponi

82 4823 153 4866 nem
166 4809 223 4866 sibi
233 4814 403 4884 competere
413 4810 567 4868 incessum
587 4809 712 4868 iteravit.
728 4809 779 4866 Vix
802 4824 911 4866 renun·
964 4807 1120 4876 detulerat,
1134 4809 1245 4866 idoneo
1261 4812 1395 4880 tempora
1410 4805 1449 4862 ad
1463 4806 1554 4864 casui
1565 4805 1644 4864 iores
1659 4807 1741 4866 solus
1755 4825 1792 4867 cx

82 4895 172 4954 tiatus
185 4897 283 4955 tuerat
294 4896 427 4972 pontifex
443 4900 545 4972 Poppo
560 4915 630 4956 eum
656 4897 861 4954 immunitates
883 4901 911 4954 et
964 4897 1212 4972 urbeproiectus,
1228 4895 1267 4954 ab
1292 4893 1453 4952 adelberto
1474 4899 1602 4968 tyranno
1629 4895 1691 4954 sitia
1718 4912 1792 4969 ergo

81 4977 238 5060 privilegia
252 4985 386 5044 Ecclesiae
405 5001 466 5041 suae
482 4985 627 5059 imperiali
639 4985 804 5043 munimine
817 4986 911 5044 foveri
964 4987 1129 5062 explendae,
1146 5002 1201 5060 pro
1219 4984 1357 5044 amicitiae
1380 4983 1488 5042 veteris
1508 5001 1577 5056 usu,
1605 4989 1712 5059 potum
1733 4987 1793 5046 sibi

82 5067 276 5132 ementitae
291 5075 387 5133 muto
402 5078 470 5148 post
498 5075 762 5145 consecrationem,
783 5077 910 5132 Romam
964 5077 1105 5152 postulat,
1120 5091 1211 5150 quem
1225 5091 1295 5132 cum
1322 5074 1370 5134 ille
1389 5089 1452 5134 nou
1479 5079 1601 5145 gravate
1625 5091 1680 5149 per
1706 5076 1792 5134 mini·

82 5163 199 5232 adiens,
215 5181 304 5222 usum
318 5163 400 5240 pallii
412 5182 427 5219 u
440 5163 598 5222 benedicto
608 5165 665 5220 viii
678 5170 855 5221 consecutus
866 5169 912 5222 est
964 5171 1059 5223 strum
1072 5164 1167 5232 offert,
1182 5164 1233 5222 ubi
1257 5168 1406 5238 quantuni
1431 5164 1504 5222 satis
1526 5164 1635 5234 hausit,
1661 5167 1791 5225 nuntiari

82 5253 191 5310 bullas
206 5254 313 5328 aprilis
327 5255 464 5326 eiusdem
478 5252 559 5310 anni.
588 5253 679 5308 Suam
698 5251 727 5308 in
756 5253 910 5312 dioecesim
964 5255 1089 5313 domino
1100 5254 1308 5327 jubetgratias
1333 5255 1359 5312 ei
1377 5255 1684 5329 permagnashaberi,
1714 5257 1791 5316 tutu·

82 5360 229 5416 reversus,
242 5343 332 5400 variis
342 5359 411 5401 eam
420 5343 598 5416 praedonum
610 5339 855 5415 populationibus
870 5344 912 5402 la·
963 5361 1093 5419 rumque
1102 5360 1197 5418 propa
1212 5345 1301 5412 diem,
1317 5345 1374 5402 hoc
1389 5349 1422 5401 ut
1435 5344 1582 5402 restinctae
1596 5345 1658 5403 sitia
1681 5345 1792 5405 bned-
1808 5343 1813 5350 “

84 5437 215 5492 ceratam
230 5431 433 5508 afflictamque
452 5431 606 5506 comperit.
635 5429 746 5494 Quibus
775 5431 910 5490 Ecclesiae
965 5435 1044 5492 cium
1060 5435 1185 5492 memori
1197 5434 1348 5493 voluntate
1359 5439 1449 5508 atque
1459 5433 1611 5510 adeopari
1626 5436 1789 5507 gratiarum

85 5539 147 5580 sure
161 5522 345 5594 vulneribus,
361 5526 394 5579 ut
407 5522 448 5579 ait
460 5523 613 5578 Browerus
628 5519 680 5576 lib.
696 5535 725 5576 xr
736 5520 854 5591 Annei,
878 5528 912 5580 ut
965 5524 1080 5596 merito,
1096 5540 1185 5582 cerna
1195 5540 1366 5598 repensum.

84 5613 258 5686 tempestive
285 5611 464 5682 mederetur,
486 5610 619 5684 undique
645 5608 748 5684 omnia
786 5608 912 5672 instituit
1000 5614 1115 5682 ombus
1129 5613 1307 5688 dietis,Silro
1324 5613 1409 5686 abiit,
1433 5617 1524 5692 aeae
1546 5615 1613 5688 jam
1623 5614 1789 5676 metor
