3996 6178
92 213 163 281 rus
512 167 514 172 ’
567 262 571 274 .
881 207 994 269 Ιιιιι.
1177 265 1180 271 .
1735 211 1804 277 nte

85 344 230 404 lationem
243 357 342 418 usque
355 340 387 402 in
401 345 545 418 quartana
558 343 659 402 Nonas
673 338 740 402 ltail
752 335 874 398 differri.
885 337 920 394 Et
934 336 960 394 Α
973 349 1086 408 magna
1097 337 1263 398 reverentia
1277 335 1347 396 cleri
1362 339 1392 396 et
1404 334 1510 412 populi
1527 335 1667 407 deiertur,
1681 336 1806 416 configit

82 433 149 505 jam
164 437 284 506 tempus
299 431 471 499 advenerat,
487 446 558 491 cum
576 434 640 490 mm
664 427 789 486 celebris
804 437 919 495 mmor,
973 427 1138 500 quemdam
1151 427 1184 486 in
1197 427 1313 487 tlumen
1328 427 1395 501 (82),
1410 425 1496 502 quad
1513 425 1687 501 preterfluit
1699 427 1803 486 eivita-

86 520 199 578 seilieet
222 521 262 578 da
283 518 479 582 translatione
504 518 577 578 tanti
594 516 724 594 patroni,
737 516 769 575 in
782 517 920 574 nostram
973 521 1034 574 tem
1047 520 1194 590 nostram,
1208 517 1360 588 incidisse,
1376 522 1406 576 et
1418 517 1510 590 longo
1525 521 1661 594 tempore
1675 517 1732 574 sub
1746 532 1804 592 unq

86 611 238 670 civitatem
251 609 354 684 plures
378 613 441 666 tam
464 608 621 681 religiosos
640 623 735 682 quam
755 603 920 682 promiscui
972 605 1019 664 dis
1030 611 1201 666 morantem
1212 608 1337 668 omnino
1352 608 1533 684 exspirasse.
1547 605 1684 668 llicdum
1695 622 1804 682 eorpus

88 715 179 760 sexus
190 698 329 757 homines
342 697 544 756 coadunabat.
560 697 609 756 liis
622 696 704 769 visis,
719 694 879 756 consilium
887 693 919 752 in
971 695 1093 770 patroni
1106 697 1199 756 nostri
1212 697 1254 755 ad
1267 714 1338 756 eum
1352 696 1525 772 appropiat,
1537 694 1604 754 vite
1616 693 1709 770 priori
1720 693 1804 752 resti·

89 789 243 848 communi
265 793 415 847 conventu
438 787 564 862 capitur,
583 786 713 863 qualiter
732 788 830 855 caute,
855 785 919 842 sine
971 784 1073 854 luitur,
1088 788 1128 859 ei,
1143 786 1271 844 Domino
1284 787 1461 862 opitulante,
1477 801 1570 850 sanus
1595 789 1625 843 et
1644 782 1805 842 incolumis

89 878 260 938 turbatione
271 878 477 948 transferatur,
488 893 526 938 ne
541 877 666 953 aliquod
680 875 858 936 scandalum
870 889 918 931 ec·
972 892 992 933 e
1004 879 1084 934 terra
1097 875 1280 936 sublevatur.
1299 877 1354 945 Qui
1368 879 1473 952 postea
1486 892 1539 952 per
1551 874 1648 938 mtrlta
1666 877 1805 949 tempora

88 967 189 1026 clasiae
203 972 311 1026 nosnos
326 966 396 1025 inde
410 967 532 1026 oriatur.
548 965 719 1026 llamiuare
732 963 858 1039 quidam
872 977 919 1020 re·
970 965 1003 1023 in
1024 964 1172 1024 famulatu
1194 965 1314 1040 patroni
1336 965 1430 1024 nostri
1456 965 1606 1044 apparuit,
1622 968 1651 1023 et
1672 979 1728 1039 pro
1742 961 1804 1022 vita
1919 963 1925 980 ¹

87 1056 186 1130 ligioni
200 1056 255 1115 viri
266 1055 436 1115 admodum
449 1056 596 1128 dmenoes,
612 1059 734 1131 propter
747 1051 919 1128 longinqui-
972 1053 1108 1114 restituta
1121 1071 1184 1114 non
1198 1055 1335 1127 ingratus
1348 1058 1409 1114 lieo
1422 1055 1541 1116 exstitit.

87 1150 180 1204 tatem
195 1147 349 1220 temporis,
364 1145 412 1204 vel
425 1161 536 1220 eorpus
557 1160 620 1205 non
640 1143 778 1212 inveniri,
792 1140 838 1200 vel
852 1141 919 1198 nul-
1010 1146 1053 1200 tl.
1073 1143 1122 1202 llis
1135 1159 1207 1204 vero
1221 1143 1341 1215 auditis,
1356 1143 1482 1202 ecclesia
1495 1147 1601 1204 nosue
1624 1157 1685 1200 non
1701 1141 1803 1201 statim

87 1232 152 1291 lum
165 1233 311 1292 indicium
325 1233 489 1292 sanctitatis
502 1232 634 1307 reperiri.
644 1231 704 1292 sed
716 1229 838 1292 tandem
853 1233 922 1304 post
972 1235 1002 1292 et
1022 1232 1180 1292 indiscrete
1200 1231 1359 1308 acquievit,
1375 1232 1429 1290 sed
1443 1231 1526 1292 aliud
1543 1229 1652 1292 certius
1665 1233 1695 1288 et
1707 1230 1804 1288 mani·

89 1323 199 1382 multam
210 1322 442 1398 disceptationes
453 1323 485 1380 in
496 1322 554 1382 hoc
569 1337 676 1382 omnes
686 1319 920 1390 conveniuntut,
972 1321 1076 1380 iastius
1102 1321 1284 1380 miraculum
1307 1320 1459 1379 humiliter
1473 1318 1666 1394 exspectavit.
1682 1319 1804 1376 Postera

90 1417 203 1473 remota
217 1413 417 1486 multitudine,
432 1415 502 1470 ante
531 1411 724 1472 matutinales
746 1411 838 1470 horas
857 1424 921 1467 om·
972 1427 1045 1470 vero
1067 1411 1126 1478 die,
1141 1428 1212 1470 cum
1235 1411 1300 1469 dies
1323 1409 1545 1470 anniversarius
1568 1406 1689 1483 paconi
1710 1406 1805 1466 nostri

90 1517 143 1560 nes
155 1503 346 1572 conveniant,
355 1506 384 1560 et
396 1501 437 1560 sic
450 1500 642 1570 tumbam,in
654 1515 717 1576 qua
730 1499 846 1575 positus
857 1497 920 1558 lue·
972 1499 1129 1572 illuxisset,
1142 1501 1227 1560 finita
1248 1501 1342 1560 missa
1365 1504 1394 1558 et
1406 1499 1489 1558 horis
1503 1497 1682 1568 constitutis,
1697 1495 1805 1558 mulier

88 1595 144 1660 rat,
158 1607 229 1651 cum
240 1591 325 1650 omni
338 1591 495 1650 devotione
508 1591 653 1666 aperiant.
670 1590 772 1650 lledite
783 1601 920 1662 argono-
972 1591 1115 1666 quedam
1138 1595 1233 1660 muta,
1248 1591 1365 1649 habens
1385 1589 1481 1648 filium
1506 1589 1657 1666 privatum
1679 1587 1804 1660 lumine,

89 1681 143 1740 etis
158 1687 294 1758 tempore
307 1681 431 1741 antistes
444 1685 628 1750 noster,vma
642 1695 713 1740 cum
724 1679 871 1752 religiosis
880 1678 955 1754 vig
973 1681 1072 1740 subIto
1094 1681 1184 1756 quasi
1206 1681 1239 1738 in
1261 1679 1403 1738 exstasim
1428 1679 1554 1755 rapitur,
1569 1694 1606 1738 ae
1628 1694 1683 1754 per
1696 1677 1805 1736 horam

88 1771 130 1828 ris
145 1775 208 1830 tam
222 1771 380 1830 monacbis
393 1771 688 1846 quamregularibus
702 1769 922 1830 oblcoaduna·
972 1786 1100 1846 parvam
1122 1770 1155 1828 in
1179 1774 1258 1829 terra
1278 1769 1439 1830 volutatur.
1465 1771 1628 1834 transacto
1655 1783 1727 1825 vero
1750 1765 1805 1824 ali·

88 1861 218 1931 tis,eum
233 1877 347 1933 magno
360 1861 467 1922 timore
476 1878 512 1921 ae
523 1865 653 1920 tremore
662 1865 801 1938 cryptam
809 1864 920 1918 nostra
972 1865 1087 1936 quanto
1108 1863 1253 1938 ternpore,
1277 1858 1366 1917 matri
1392 1857 1496 1930 lingna
1518 1861 1678 1925 reseratur,
1700 1856 1804 1914 lmnen

89 1949 222 2010 ccclesiae
247 1951 348 2022 subiit,
363 1955 392 2009 et
414 1951 648 2027 sarcophagum,
663 1951 695 2008 in
717 1965 780 2025 quc
804 1949 920 2024 positus
972 1963 1067 2022 puero
1080 1947 1260 2006 restituitur:
1280 1949 1310 2005 et
1322 1945 1519 2004 manifestum
1534 1961 1600 2004 esse
1622 1943 1804 2011 miraculum

89 2039 187 2098 iuerat
209 2045 310 2098 noster
323 2044 478 2114 macnus,
495 2039 604 2114 aperiri
627 2039 782 2114 pracepit,
793 2033 920 2112 ipseque
971 2037 1114 2096 omnibus
1126 2037 1351 2113 comprobatur.
1366 2039 1441 2094 Nam
1454 2035 1537 2096 fuere
1560 2034 1592 2092 in
1614 2033 1733 2093 civitate
1748 2049 1804 2092 no-

88 2144 159 2186 cum
173 2129 285 2186 ceteris
295 2127 434 2186 fidelibus
445 2129 631 2188 orationibus
641 2129 754 2186 interea
765 2126 921 2186 devotissi·
972 2133 1034 2186 stra
1056 2131 1128 2204 tunc
1150 2126 1294 2202 temporis
1316 2125 1444 2202 quidam
1467 2125 1524 2189 viri
1547 2123 1747 2188 auctorabiles
1765 2123 1804 2182 de

86 2233 137 2275 me
148 2216 324 2286 insn'tit;sed
336 2215 387 2274 ubi
399 2233 536 2276 summus
545 2216 673 2278 laborin
682 2216 851 2291 frangendo
860 2232 920 2274 aar·
972 2214 1098 2280 corbeia
1111 2219 1179 2285 (83),
1192 2214 1288 2290 ipsius
1307 2214 1440 2272 mulieris
1457 2211 1737 2291 comprovinciales,
1751 2211 1805 2287 qui

85 2304 227 2380 cophego
241 2309 330 2364 anna
343 2303 427 2362 visus
439 2305 544 2378 iuerat,
556 2307 632 2380 jam.
645 2309 706 2365 lieo
718 2306 855 2376 iaciente,
866 2305 921 2364 illi·
972 2320 1041 2364 eam
1055 2307 1262 2376 cognoverunt
1275 2307 1305 2362 et
1316 2301 1468 2361 verissime
1482 2318 1551 2364 eam
1564 2305 1682 2364 mutam
1693 2299 1805 2357 tilium-

85 2411 125 2454 co
147 2411 179 2454 se
204 2395 368 2470 aperiebat,
384 2401 413 2453 et
425 2396 541 2455 editum
557 2397 733 2456 facillimum
753 2397 795 2456 ad
810 2411 921 2471 corpus
972 2411 1033 2470 que
1046 2395 1114 2468 ejus
1139 2393 1254 2452 lumina
1276 2392 1427 2466 privatum
1448 2390 1540 2466 longo
1563 2397 1699 2464 tempore
1713 2387 1805 2448 luisse

84 2483 252 2558 praebebat.
265 2487 341 2542 Tum
354 2501 427 2543 vero
447 2489 552 2560 aperto
573 2486 775 2560 sarcophago,
790 2490 921 2560 quantas
974 2485 1198 2546 ructaverunt.
1213 2483 1263 2542 llis
1277 2480 1399 2552 auditis,
1415 2480 1469 2555 [in]
1484 2479 1610 2544 ecelesia
1623 2482 1728 2538 nostra
1741 2482 1806 2537 tam

82 2575 241 2648 lacrymas
252 2573 417 2632 natandum
436 2574 597 2648 aspiceres,
612 2591 691 2650 quos
705 2575 852 2648 singultus
866 2591 921 2632 au·
973 2574 1071 2636 clerus
1085 2589 1179 2647 qnam
1194 2570 1325 2646 populus
1338 2570 1371 2628 in
1384 2585 1482 2634 unum
1503 2568 1723 2638 coadunantur,
1738 2567 1804 2626 lau·
1822 2579 1830 2590 ²

84 2663 180 2732 dines,
206 2679 301 2738 quarn
323 2662 511 2737 spiritualem
537 2663 767 2738 dispositionem
788 2663 922 2740 corporis
974 2665 1028 2725 das
1042 2658 1664 2736 ¹:rest01lpersotvutur,quinovitelectos
1680 2657 1804 2716 snosab

83 2751 185 2826 ipsius
198 2751 398 2826 prospiceres,
412 2750 480 2825 quis
492 2751 538 2809 rel
553 2752 761 2822 sermone,vel
775 2754 856 2827 stylo
870 2769 922 2810 ex·
973 2753 1059 2816 omni
1078 2750 1276 2824 ambiguitate
1300 2750 1468 2821 absolvere,
1490 2753 1520 2808 et
1540 2749 1572 2808 in
1591 2748 1724 2825 perlecta
1744 2745 1805 2804 lide

84 2841 218 2915 primere
241 2840 365 2898 valeat?
386 2840 464 2908 Quid
476 2841 591 2914 plural
614 2841 735 2899 divinus
754 2841 879 2916 quidam
894 2847 923 2899 et
974 2842 1114 2902 solidare.
1131 2840 1223 2912 Signa
1236 2839 1318 2899 enim
1338 2838 1487 2898 debentur
1507 2837 1679 2900 infidelibus
1697 2853 1760 2894 non
1771 2835 1805 2894 ti·

84 2926 260 3001 incognitus
274 2929 351 2986 odor
363 2927 531 3002 fragrabat,
546 2929 599 3005 qui
612 2929 764 3004 quosdam
778 2935 921 3002 astantes,
974 2932 1148 3000 delibasset
1161 2945 1216 3006 per
1229 2929 1376 2989 miracula
1390 2933 1420 2988 et
1432 2927 1577 2992 inusitata
1590 2926 1806 2988 confirmentur

85 3019 181 3093 quasi
191 3019 327 3094 quadam
342 3018 467 3093 spiritaii
479 3018 638 3078 dulcedine
650 3019 845 3092 refocillabat,
856 3020 955 3107 atine
974 3021 1006 3081 in
1017 3021 1066 3080 his
1080 3037 1149 3097 qua
1162 3037 1181 3080 a
1196 3020 1336 3078 sensibus
1348 3018 1458 3078 nostris
1472 3023 1502 3078 et
1512 3018 1659 3080 memoria
1673 3019 1745 3075 sant
1757 3030 1804 3073 re-

89 3107 225 3182 perleeta
242 3107 302 3166 tide
321 3107 597 3183 sanctitatisipsius
621 3125 673 3167 eos
695 3109 923 3170 corroborabat.
975 3116 1068 3172 mota.
1497 3135 1514 3175 a
1559 3152 1563 3161 ·

86 3200 166 3256 Tum
180 3213 250 3255 vero
263 3197 381 3256 videres
394 3213 502 3256 omnes
517 3214 584 3256 sese
602 3197 753 3258 humiliter
767 3215 921 3270 excusare,
1013 3207 1056 3259 lb.
1077 3201 1129 3258 Vix
1152 3199 1258 3258 laudes
1282 3198 1320 3258 de
1339 3197 1485 3256 miraculo
1501 3195 1644 3278 prmfflcto
1666 3198 1727 3266 lieo
1741 3209 1808 3270 per·

87 3304 183 3362 seque
196 3303 263 3346 esse
278 3287 420 3358 indignos
441 3287 515 3347 tanti
531 3288 651 3362 patroni
672 3305 783 3364 eorpus
796 3283 923 3362 attitige-
976 3290 1143 3364 solvuntur,
1159 3305 1231 3347 eum
1254 3288 1381 3348 claudus
1395 3286 1533 3362 quidam,
1546 3285 1600 3364 qui
1621 3284 1715 3356 longo
1735 3287 1808 3340 tem·

87 3395 134 3449 re,
145 3394 216 3436 eum
227 3377 365 3436 noverint
376 3377 471 3435 vitam
486 3393 574 3436 suam
586 3378 675 3451 longe
689 3377 730 3436 ab
742 3381 808 3453 ejus
817 3379 925 3440 sancti·
976 3396 1050 3455 pore
1071 3382 1241 3438 connectas
1264 3377 1371 3446 iuerat,
1387 3392 1419 3434 sa
1434 3374 1533 3438 subito
1554 3372 1698 3445 erigebat,
1712 3375 1741 3430 et
1753 3387 1807 3446 pe,-

90 3473 152 3528 tate
177 3467 360 3526 discordare.
377 3467 522 3536 Tandem,
547 3467 691 3526 omnibus
712 3471 923 3530 cunctantibus
976 3470 1047 3528 dem
1059 3468 1149 3526 firmo
1172 3483 1281 3541 gressu
1294 3471 1379 3524 terrra
1393 3464 1545 3537 adigebat.
1563 3463 1670 3537 stoque
1693 3461 1808 3520 iactum

90 3562 122 3616 et
130 3558 254 3631 longam
265 3555 384 3618 moram
394 3557 583 3633 facientibus,
594 3574 648 3632 per
657 3557 923 3620 iratremnostrum
976 3563 1022 3618 esi
1046 3562 1080 3618 ut
1103 3558 1170 3633 ipsa
1193 3557 1241 3616 die
1266 3554 1463 3614 anniversarii
1487 3552 1606 3630 patroni
1619 3552 1716 3612 nostri
1730 3549 1809 3610 inira

92 3648 288 3724 praepositum
318 3647 510 3706 Bartholdum
544 3665 654 3723 corpus
683 3649 867 3720 sublevatur,
895 3655 924 3710 et
976 3649 1136 3709 basilicam
1163 3651 1298 3706 nostram
1326 3645 1460 3720 quinque
1487 3642 1634 3708 muscula
1657 3641 1809 3713 conungc

93 3743 215 3813 propter
228 3737 451 3797 multitudinem
462 3737 579 3813 populi,
593 3755 662 3813 quoe
675 3739 715 3796 ad
729 3743 844 3800 tantam
858 3757 923 3799 rem
975 3743 1051 3808 rent,
1066 3755 1136 3814 quae
1157 3735 1299 3796 omnibus
1319 3735 1480 3796 manilesta
1500 3733 1592 3794 luisse
1615 3733 1806 3807 apparerent.

90 3827 254 3888 videndam
269 3831 460 3898 convenerat,
475 3827 507 3885 in
518 3833 667 3887 secretum
690 3829 811 3888 sacrarii
830 3829 924 3888 nostri
976 3831 1080 3887 Gneus
1106 3827 1188 3886 enim
1208 3827 1299 3896 videt,
1313 3830 1411 3884 mater
1431 3823 1526 3898 ipsIus
1545 3823 1688 3898 loquitur,
1708 3819 1808 3880 claudi

90 3917 277 3992 dmum?-
481 3951 483 3954 ·
975 3923 1037 3977 tres
1064 3920 1244 3992 potestatem
1271 3911 1449 3972 ambulandi
1473 3913 1659 3986 receperunt.
1690 3909 1739 3965 llis
1767 3907 1809 3966 ita

130 4011 174 4066 t3.
194 4007 252 4066 Sed
271 4008 335 4066 hese
357 4008 503 4067 hesimus
526 4009 607 4067 dicte
626 4008 777 4068 sufficiant
796 4009 926 4084 qualiter
978 4005 1078 4078 gestis,
1092 4019 1197 4062 rumor
1211 4007 1241 4060 et
1260 4003 1344 4061 lama
1357 3998 1476 4074 patroni
1498 3996 1593 4056 nostri
1614 3999 1737 4070 propter
1750 3993 1807 4052 ire·

91 4098 131 4155 sit
155 4097 263 4157 beetm
298 4097 496 4156 Godclrardus
527 4098 698 4157 translatus.
722 4101 807 4157 Nune
835 4114 924 4172 supe·
977 4095 1134 4170 quantiam
1147 4088 1356 4158 multitudinis,
1364 4087 1486 4163 quoad
1502 4084 1729 4146 maurisionem
1738 4087 1809 4149 tan·

90 4191 155 4246 sest
180 4186 316 4247 charitati
340 4191 447 4246 vestrae
473 4187 612 4246 intimare
630 4187 759 4262 qualiter
779 4204 834 4262 par
854 4205 925 4246 eum
977 4184 1070 4245 tiviri
1082 4184 1273 4250 convenerat,
1290 4176 1388 4250 magis
1402 4181 1431 4236 et
1439 4175 1539 4249 magis
1554 4174 1693 4245 innotuit,
1702 4177 1733 4233 et
1743 4189 1809 4240 sese

91 4277 228 4336 mundus
255 4277 293 4336 sit
319 4276 514 4348 illuminatus,
543 4282 572 4336 et
596 4294 696 4352 usque
724 4278 765 4336 ad
786 4278 925 4338 remotis·
977 4276 1010 4334 in
1023 4288 1130 4334 omnes
1154 4267 1422 4345 comprovinciales
1447 4271 1542 4328 ranas
1564 4263 1708 4326 dilatavit.
1723 4264 1809 4323 Unde

92 4364 186 4423 simas
208 4368 311 4439 mama
331 4371 360 4424 et
378 4366 601 4441 paganissimas
620 4367 776 4425 exaltatus.
792 4369 868 4427 llam
886 4383 960 4464 exn
978 4365 1092 4424 iactum
1106 4365 1197 4422 estut
1215 4363 1299 4420 tanta
1319 4357 1480 4416 multitudo
1504 4355 1665 4418 hominum
1678 4353 1809 4429 patrosi-

91 4453 310 4529 longinquitate
329 4455 473 4530 temporis
494 4455 602 4514 merita
614 4454 682 4513 vitm
694 4455 791 4529 ipsius
804 4455 925 4516 luerunt
977 4455 1030 4515 nia
1051 4452 1182 4531 pastoris
1204 4449 1298 4509 nostri
1309 4446 1535 4524 implorantium
1550 4447 1581 4508 in
1594 4445 1742 4506 civitatem
1756 4457 1810 4501 no·

93 4558 172 4618 pene
186 4541 299 4602 abolita
316 4547 346 4602 et
362 4543 468 4618 paneis
485 4543 695 4603 tantummodo
710 4544 840 4616 cognita,
855 4561 924 4620 quar
979 4551 1072 4604 stram
1086 4541 1261 4611 conflueret,
1274 4543 1423 4616 quantam
1446 4537 1547 4596 nudus
1569 4533 1730 4598 hominum
1752 4547 1809 4590 nec

93 4649 149 4710 per
172 4633 397 4691 translationem
423 4633 557 4707 corporis
583 4633 678 4709 ipsius
705 4632 924 4694 evidentissime
979 4639 1068 4694 antea
1092 4633 1124 4692 in
1146 4631 1271 4691 ecelesia
1292 4632 1398 4688 nostra
1422 4626 1506 4694 vidit,
1529 4641 1596 4694 nec,
1620 4627 1651 4680 ut
1668 4621 1807 4690 arbitror,

94 4721 238 4780 omnibus
266 4725 337 4780 sunt
362 4720 562 4782 manifestata.
589 4726 643 4781 lot
668 4722 749 4780 enirn
780 4723 925 4782 Dominus
979 4724 1121 4798 deinceps
1134 4720 1256 4780 videbit.
1272 4721 1348 4776 Nam
1362 4730 1469 4773 omnes
1491 4713 1638 4774 habentes
1660 4707 1807 4780 infirmos,

93 4827 151 4888 per
172 4826 243 4868 eum
269 4811 338 4870 iecit
362 4811 518 4882 miracula,
546 4816 580 4870 ut
601 4829 657 4871 nec
681 4811 785 4885 lingua
806 4813 927 4872 valeant
978 4811 1149 4885 languidos,
1172 4807 1307 4874 claudos,
1333 4802 1441 4863 surdos
1477 4804 1506 4858 et
1528 4803 1640 4866 mutos,
1666 4813 1722 4856 nec
1746 4812 1808 4856 non

93 4899 225 4975 exprimi
239 4900 284 4958 vel
298 4900 456 4975 scriptura.
472 4905 514 4960 Ea
535 4907 636 4960 autem
651 4919 719 4978 quaa
741 4907 812 4960 sunt
832 4903 927 4960 notio
980 4908 1008 4962 et
1021 4899 1236 4966 daemoniacos,
1250 4894 1299 4954 vel
1308 4892 1421 4968 ‚quevis
1433 4889 1542 4954 morbo
1559 4889 1696 4956 detentos
1710 4901 1808 4962 usque
1878 4937 1881 4942 ,

93 5007 131 5050 ra
155 4994 185 5048 et
211 4989 419 5048 manifestiora
443 4991 603 5063 aggredior
629 4992 809 5063 describere,
835 4997 869 5051 ut
894 4993 927 5052 in
980 4992 1019 5051 ad
1033 4986 1235 5066 patrocinium
1256 4981 1386 5059 pastoris
1409 4978 1504 5039 nostri
1525 4993 1583 5055 pro
1601 4975 1810 5052 recuperanda

94 5080 139 5137 cis
151 5078 309 5154 posteritas
323 5077 362 5137 de
375 5079 542 5154 patrocinio
555 5080 627 5138 tanti
638 5081 730 5138 Patris
744 5082 840 5156 possit
854 5098 927 5140 con·
980 5080 1107 5139 sanitate
1121 5074 1268 5135 deterunt.

95 5168 199 5228 tidere.
224 5171 298 5227 llam
321 5169 388 5244 ipsa
410 5169 459 5226 die
482 5168 694 5242 banslationis,
719 5187 788 5229 eum
817 5188 927 5248 corpus
1019 5170 1061 5226 lu.
1081 5162 1290 5237 contigitvero
1304 5160 1383 5220 cirea
1404 5158 1487 5218 idem
1500 5160 1631 5232 tempus,
1645 5154 1809 5233 quodqui-

95 5257 192 5333 ipsius
221 5258 384 5333 usquead
412 5261 547 5318 montem
574 5257 675 5316 Sancti
698 5260 828 5321 llauricii
855 5277 927 5320 eum
980 5259 1053 5318 dam
1067 5256 1123 5315 viri
1134 5252 1334 5314 auctorabiles
1345 5250 1383 5308 de
1394 5247 1556 5324 thuringia
1567 5247 1622 5322 (aa)
1633 5245 1807 5320 adveniunt,

133 5419 189 5502 (til)
207 5421 241 5501 ln
278 5419 352 5502 aab
370 5418 476 5500 incolis
498 5419 616 5490 dieitur,
631 5419 683 5494 qui
705 5419 798 5478 tribus
813 5421 927 5480 circiter
1016 5419 1071 5503 (aa)
1086 5409 1526 5542 lhusingiaamplissimaclim
1538 5407 1630 5484 regio,
1640 5421 1708 5482 quse
1719 5405 1809 5466 etiam

97 5490 191 5547 leucis
205 5507 235 5548 ιιι
264 5490 530 5549 allrldesbemrum
546 5491 641 5548 Leinoe
656 5491 806 5550 miscetur.
980 5496 1073 5563 Regna
1088 5489 1206 5547 titulum
1218 5486 1302 5544 habu
1315 5490 1325 5543 t
1338 5483 1395 5541 sub
1408 5496 1622 5564 prrmaregum
1634 5481 1809 5562 postrorum

145 5561 191 5626 83)
206 5561 325 5634 lnsigne
339 5562 556 5620 monasterium
570 5562 717 5631 saxonice,
728 5562 812 5647 quod
823 5567 927 5621 sancto
980 5563 1091 5637 stirpe:
1117 5575 1198 5618 nune
1212 5557 1298 5616 valde
1322 5555 1491 5638 imminuta,
1506 5554 1726 5636 prouocasset
1742 5553 1810 5608 Ger-

97 5635 123 5689 Α
168 5633 271 5691 alardo
294 5649 382 5692 suam
406 5633 553 5707 originem
578 5633 678 5706 debet,
693 5637 728 5692 ut
744 5651 775 5693 ιιι
789 5634 927 5708 eJusdem
979 5634 1089 5692 manias
1112 5633 1144 5690 in
1170 5629 1302 5691 Saxoma
1315 5641 1471 5704 superiori,
1484 5641 1552 5705 qtrac
1566 5623 1692 5685 diversas
1706 5621 1810 5684 subest

100 5704 195 5764 saneti
211 5705 273 5768 Vita
291 5705 405 5765 seculo
420 5708 462 5767 lll.
917 5755 922 5764 .
979 5703 1176 5784 principibus.
1730 5722 1732 5728 ¹
