3984 6182
103 175 171 233 ieet

440 175 442 179 ’
488 175 533 230 DE
552 167 740 230 bibaculus
757 169 786 226 Β.
807 163 1015 226 Efflflffll
1034 165 1128 222 biltib
1147 167 1230 227 ulto.
1252 199 1286 212 -··
1306 169 1370 226 bie.
1391 169 1426 226 lt.

1747 174 1817 232 lm

101 297 363 364 muselletn'mus,
389 299 479 369 atqrre
494 293 570 351 luter
590 311 646 349 nos
664 293 824 352 dotalibus
838 291 928 346 ratio·
948 289 1069 348 amida
1085 290 1230 346 beonnae
1256 290 1363 364 scripsi
1374 295 1404 348 et
1428 291 1529 350 adbuc
1552 297 1715 368 scripturus
1739 311 1818 366 sum,

98 387 233 444 cinaedo
247 401 417 442 sermonem
441 401 520 456 slepe
536 383 728 449 conterimus,
755 397 814 440 non
835 379 935 436 solum

101 491 193 550 super
207 475 254 531 his
274 489 345 548 quta
361 475 407 530 bio
421 489 482 546 prae
496 474 593 530 oeulis
616 479 644 529 et
661 473 802 530 manibus
822 469 937 527 baben-

992 393 1053 434 non
1078 395 1205 453 parvum
1226 382 1365 454 parvitati
1380 397 1456 438 mee
1474 381 1579 440 ineunt
1590 382 1738 456 mamm,
1749 387 1822 461 quia

993 483 1049 538 ego
1069 485 1221 538 cognosco
1244 487 1292 527 me
1309 475 1511 545 peecatorem,
1535 477 1564 530 ot
1584 473 1657 546 qnia
1673 474 1762 533 valde
1779 476 1823 534 in-

102 564 389 632 tnr,verumetiam
411 579 503 637 super
523 563 670 620 universis
692 563 830 618 donrsac
846 561 939 616 bene
993 558 1119 628 dignum
1143 561 1260 618 videtur
1288 566 1321 618 ut
1344 565 1485 636 peccator
1517 567 1571 620 aut
1596 559 1736 635 latusim,
1760 579 1824 622 rem

100 654 175 712 liciis
188 654 269 712 illius
282 654 348 728 pari
362 659 432 710 voto
446 653 569 709 laudem
588 651 696 708 demus
713 654 782 708 Deo.
800 672 816 702 »

411 743 627 799 Aminonleists.

994 645 1153 705 scribendo
1167 651 1261 708 nocti
1276 655 1306 708 et
1328 652 1412 724 justi,
1436 651 1594 709 materiam
1617 652 1674 710 sibi
1693 653 1825 711 vindicet

994 737 1093 812 operis
1107 739 1203 795 ardui.
1230 741 1292 797 Sub
1305 742 1362 798 bac
1382 757 1416 798 re
1430 740 1669 800 consolationem
1687 743 1823 816 porrigit,

141 853 156 884 ι
175 838 302 908 mcum
327 847 393 890 esse
420 834 561 888 novimus
585 837 616 888 ut
642 836 778 888 creatura
809 824 942 888 Creatori
996 827 1144 884 timiditati
1171 843 1247 886 mero
1274 830 1430 890 clementia
1454 831 1533 888 illim
1546 831 1600 906 qui
1625 845 1681 905 pro
1696 832 1826 905 pacans

104 923 263 994 deserviat,
291 929 392 997 atque,
420 923 504 995 iuxta
531 921 719 995 Apostolum,
747 923 778 978 io
798 920 942 977 omnibus
996 917 1104 974 nostris
1121 923 1259 975 mortuus
1271 925 1324 988 ast,
1343 921 1512 994 justusprc
1536 921 1667 994 injustis.
1682 922 1826 996 Ctnquc-

104 1014 215 1085 gratias
230 1019 300 1084 aaut
321 1013 405 1086 (lati.
430 1009 516 1080 Quod
537 1019 567 1068 ot
590 1012 717 1068 libenter
741 1027 796 1085 pro
815 1009 942 1068 modulo
995 1007 1164 1064 dammodo
1186 1007 1345 1076 ministrat,
1368 1011 1421 1084 qiu
1442 1009 1646 1068 ministrorum
1671 1012 1738 1084 ejus
1760 1025 1825 1069 mt-

1 1125 2 1138 ¹
104 1108 211 1160 nostro
224 1103 443 1176 amplectimur,
472 1101 605 1174 primum
627 1099 785 1174 preceptis
811 1098 943 1156 bomini·

996 1098 1124 1155 moriam
1152 1097 1192 1154 ad
1219 1097 1340 1154 laudem
1367 1101 1396 1154 et
1421 1099 1547 1170 gloriam
1572 1101 1705 1158 nominis
1731 1101 1825 1175 ipslm

105 1194 149 1249 cis
164 1208 201 1248 ao
214 1192 384 1266 apostolicis
409 1191 640 1264 parendo,daln
666 1190 818 1248 charitatis
841 1195 899 1246 tum
914 1192 943 1244 et
996 1186 1186 1242 diffunditat
1204 1185 1357 1259 praedicat.
1376 1185 1458 1243 bodo
1481 1192 1579 1257 elego
1601 1187 1754 1246 animatus
1770 1203 1826 1246 nso

108 1283 234 1338 eborum
255 1282 337 1338 sanis
364 1280 624 1338 exhortationibus
650 1277 852 1335 assentiendo.
884 1277 942 1335 srd

996 1291 1058 1332 non
1079 1281 1184 1332 contra
1211 1275 1367 1332 otiositatis
1393 1280 1546 1348 torporem
1577 1279 1714 1334 armatus
1731 1277 1826 1350 iubeo

109 1369 508 1444 bocanimosquorumdam
533 1365 688 1441 perturbat
702 1366 836 1424 bdelium
850 1383 856 1435 ;
870 1365 943 1439 quia
996 1366 1173 1424 fiducialiter
1195 1365 1309 1439 stylum
1332 1379 1419 1423 erare
1442 1367 1664 1440 propositiones
1677 1367 1828 1426 charitatis

107 1458 192 1516 multi
217 1460 349 1516 existunt
375 1456 557 1524 mortalium,
583 1457 636 1530 qui
663 1456 714 1512 vix
736 1456 767 1512 in
790 1455 943 1528 prosperis

106 1550 200 1605 Deum
229 1547 422 1618 laudantia
451 1545 609 1603 contrariis
634 1561 707 1604 vero
731 1545 943 1618 atqueadver-

108 1732 162 1796 est,
178 1727 349 1799 vituperant
374 1727 436 1781 slve
456 1726 677 1800 blasphemant,
704 1725 835 1781 dicentes
850 1723 939 1798 quid-

109 1815 184 1888 quid
208 1814 350 1872 aooiderit
372 1819 476 1871 tantm
500 1819 602 1871 votum
626 1827 703 1887 opus
727 1829 794 1870 esse
813 1812 939 1870 diaboli-

1 1946 2 1955 ,
110 1919 192 1961 cnm.
210 1925 228 1954 Ι

429 1993 622 2050 oottcrttttus.

148 2103 163 2134 a
180 2083 255 2149 Quia
268 2081 353 2138 multi
377 2081 470 2138 multa
492 2079 611 2137 incaute
634 2097 669 2137 ac
693 2081 880 2138 mendaciter
898 2083 940 2139 lo·

1 2193 2 2197 =
110 2174 254 2242 quuntur,
264 2168 374 2224 idcirco
386 2167 477 2224 variis
489 2183 625 2226 errorum
639 2165 785 2242 decipulis
796 2171 942 2244 periculo

1 2283 3 2292 ν
110 2257 232 2312 sissima
245 2256 444 2330 implicantur.
460 2259 593 2322 Quorum
608 2257 809 2316 involutiones
823 2260 876 2333 qui
890 2277 940 2316 ou-

1 2384 2 2407 ,
108 2346 198 2419 piunt
216 2345 357 2412 devimre,
382 2359 453 2402 otim
478 2346 571 2402 l’aulo
594 2347 767 2420 insipientes
791 2349 941 2421 sapienter

107 2433 224 2490 demat
235 2433 556 2506 sullerrettttl,donee
569 2435 731 2492 multitudo
741 2437 941 2510 reproborum

108 2523 184 2580 nibil
194 2525 334 2579 minuam
347 2523 449 2592 aleria
472 2523 603 2580 tiliorum
620 2525 683 2596 bei,
705 2526 745 2582 ad
759 2527 886 2582 nibilum
898 2543 941 2583 re-

1 2667 2 2670 ,
108 2613 241 2684 digatur,
253 2613 282 2668 id
308 2619 363 2678 est,
389 2613 419 2668 in
435 2613 586 2670 infernum
601 2615 747 2680 trudatur,
764 2622 792 2673 et
807 2618 942 2689 paucitas

109 2703 320 2760 simiorumin
346 2702 620 2760 &nominatim
646 2703 754 2778 scripta
770 2705 941 2777 collocetur,

996 1463 1064 1514 tute.
1081 1480 1096 1507 a

1304 1547 1519 1604 ammonicius.

1 1646 2 1651 ’
107 1638 351 1694 sisnontaatnm
380 1651 441 1694 non
455 1635 590 1704 laudant,
614 1635 685 1700 imo,
708 1635 791 1708 quod
811 1633 982 1697 deterinse
1031 1635 1231 1693 ‹Dilectionis
1244 1635 1452 1709 operationem
1465 1635 1519 1709 qui
1534 1635 1596 1702 dat,
1612 1635 1679 1710 ipse
1689 1647 1829 1694 rmnne·

992 1731 1047 1784 rat.
1073 1723 1200 1784 Proinde
1224 1729 1356 1798 turpem
1370 1737 1488 1799 ponens
1501 1729 1600 1782 macte
1622 1725 1653 1782 in
1678 1725 1829 1798 actuario

992 1815 1191 1874 miserationis
1202 1814 1323 1883 divinas,
1338 1827 1430 1889 porga
1452 1815 1535 1872 viam
1549 1813 1658 1872 aloem
1667 1816 1828 1889 postulate

993 1903 1183 1962 narrationis.
1204 1925 1218 1952 r

1312 1991 1510 2050 Gotteetttiua

1030 2107 1045 2132 a
1065 2084 1191 2154 Pergam
1204 2081 1302 2139 liberm
1315 2081 1418 2156 ipsum
1432 2080 1506 2138 milri
1521 2079 1630 2138 edesse
1642 2080 1827 2142 omninode

994 2189 1129 2247 cupreus.

1031 2287 1045 2314 o
1061 2263 1152 2335 igitur
1163 2265 1232 2328 post
1254 2259 1349 2318 multa
1363 2261 1484 2334 pietatis
1506 2265 1536 2318 et
1557 2259 1707 2332 asqttltatis
1721 2269 1826 2332 opere,

993 2353 1106 2428 quibus
1136 2353 1196 2407 beo
1221 2349 1332 2406 servire
1356 2349 1507 2416 studebat,
1533 2348 1707 2422 quibusque
1731 2347 1822 2406 boola·

995 2444 1071 2500 siam
1095 2441 1153 2497 sibi
1176 2439 1373 2496 commissam
1387 2438 1521 2509 regebat,
1548 2450 1628 2511 saepe
1652 2437 1827 2496 nominatus

995 2533 1166 2605 saepiusque
1185 2527 1392 2584 nominandus
1416 2526 1596 2583 venerabilis
1614 2527 1724 2599 praem
1743 2525 1827 2584 wol-

995 2623 1124 2692 fgangus
1137 2635 1206 2675 oum
1219 2613 1393 2674 aansbooa
1405 2616 1596 2688 constitutus,
1610 2629 1712 2672 rernm
1726 2629 1828 2672 neo*

996 2712 1074 2768 saria
1086 2707 1250 2766 mutatione
1265 2705 1452 2780 poscentem
1467 2704 1643 2762 enentalem
1655 2705 1748 2776 buius
1758 2717 1828 2777 pro-

111 2809 183 2850 cum
207 2791 399 2848 multitudine
420 2791 629 2862 angelomum,
659 2794 836 2851 eternaliter
865 2797 942 2867 gavi-

111 2898 194 2952 sura,
224 2882 436 2954 altariumque
449 2882 479 2938 in
503 2897 597 2950 regno
618 2899 675 2940 suo
698 2899 817 2958 semper
832 2886 941 2957 visura,

113 2987 168 3046 par
180 2987 261 3036 eum,
277 2971 309 3026 in
323 2971 366 3026 ais
380 2971 530 3044 completo
544 2987 671 3032 numero
690 2973 816 3045 angelici
830 2975 942 3032 ordinis
961 2980 1060 3060 cium
1085 2976 1191 3048 sigiliis
1205 2979 1233 3031 et
1259 2973 1446 3030 orationibus
1459 2973 1570 3030 animm
1583 2987 1648 3030 suae
1671 2973 1740 3030 ieeit
1762 2987 1830 3031 esse

113 3061 168 3134 qui
190 3060 305 3127 cecidit,
329 3059 454 3133 quando
475 3061 673 3130 archangelus
694 3077 750 3136 per
771 3065 944 3138 superbiam
998 3067 1176 3144 proficuam,
1201 3064 1254 3120 sed
1277 3064 1369 3119 ctiam
1390 3062 1579 3120 eleemosinis
1600 3077 1680 3136 opus
1693 3067 1723 3120 et
1737 3062 1829 3120 deone

113 3167 184 3206 oum
200 3148 263 3205 tuit
275 3149 456 3222 amaremus
472 3151 662 3221 tpfflltiavit·
680 3173 695 3202 a
999 3157 1156 3227 adaugens
1170 3152 1436 3221 booaeroluotaus,
1451 3155 1546 3208 toturn
1559 3152 1642 3224 qaod
1656 3151 1768 3208 babere
1778 3165 1830 3224 pe

424 3239 637 3295 Ammontem·
1001 3249 1055 3305 tuit
1068 3262 1121 3320 per
1136 3257 1245 3300 manus
1259 3255 1429 3315 pauperum
1439 3240 1470 3296 in
1485 3239 1737 3312 gazophylatium
1752 3238 1832 3297 aba·

151 3351 167 3382 a
181 3331 222 3386 lte
239 3327 445 3402 natorumdern
460 3327 716 3401 perturbationem
731 3335 884 3404 querente
898 3345 946 3389 an-
1001 3337 1035 3394 sti
1050 3333 1232 3400 transmisit;
1249 3333 1353 3404 sicque
1372 3333 1472 3403 partes
1492 3329 1617 3386 Orientis
1631 3333 1830 3402 perrecturus,

114 3433 169 3493 per
194 3416 400 3490 insipientium
426 3431 539 3474 vesana
567 3419 740 3486 temeritate,
766 3433 830 3478 aaa
847 3422 946 3478 solum
1000 3422 1104 3498 illiqui
1116 3421 1209 3478 nescit
1220 3433 1374 3486 occasum,
1400 3418 1469 3475 vitm
1484 3433 1546 3474 sure
1561 3415 1673 3474 sedulis
1691 3415 1832 3492 precibus

114 3506 244 3582 qualiter
256 3505 314 3562 sint
327 3503 471 3562 tolerandi
498 3506 580 3562 brevi
603 3507 751 3565 versiculo
772 3511 945 3584 exposuisti,
1001 3509 1224 3572 commendavit
1236 3523 1406 3565 excursum.
1423 3509 1560 3582 Cumque
1573 3523 1627 3581 per
1637 3503 1766 3564 nonunt
1779 3503 1832 3562 ele-

115 3596 170 3654 sed
181 3596 272 3653 etiarn
283 3596 407 3667 insuper
418 3596 576 3652 terribilem
596 3605 737 3656 extreme
751 3601 947 3658 examinatio
1001 3617 1124 3660 cursum
1137 3603 1260 3655 rentum
1273 3601 1350 3654 esset
1361 3597 1392 3653 in
1403 3595 1477 3669 pubi
1490 3596 1529 3653 ad
1544 3596 1645 3654 loetun
1658 3595 1713 3670 qui
1725 3593 1834 3652 dle-itin

114 3685 344 3744 aminvebendo
365 3687 555 3756 sententiam,
581 3693 670 3760 atque
695 3696 870 3747 mortorum
885 3690 947 3762 glo·
1002 3690 1253 3766 Puppiugatltl),
1282 3688 1360 3744 altra
1382 3687 1437 3743 iter
1463 3687 1586 3744 tendere
1613 3701 1675 3744 non
1702 3684 1832 3754 emebat,

117 3777 195 3832 nam
209 3775 476 3834 commemorando
490 3777 694 3847 magnificam,
709 3779 790 3835 buno
806 3781 948 3838 eumdem
1002 3782 1075 3856 quia
1099 3785 1217 3852 tempus
1250 3775 1442 3833 resolutionis
1477 3775 1634 3843 maaian
1663 3773 1705 3829 lbi
1741 3773 1833 3840 enim,

116 3865 298 3928 renuardum
320 3864 443 3922 effecisti
458 3865 555 3936 magis
580 3869 756 3925 auctoritate
778 3869 872 3927 divini
887 3887 948 3928 ser-
1003 3883 1135 3942 superna
1164 3883 1196 3924 ae
1220 3865 1358 3922 visitante
1383 3863 1489 3934 mutia,
1517 3861 1660 3931 coguovit
1692 3860 1752 3914 cito
1772 3859 1836 3913 iore

117 3955 219 4014 monis
239 3955 446 4028 ponderosum
472 3969 566 4028 quarn
590 3957 758 4029 prolixitate
783 3971 948 4014 morosum.
1004 3955 1184 4029 complenda
1207 3967 1278 4026 quta
1300 3951 1357 4008 sibi
1385 3965 1440 4023 per
1462 3948 1610 4005 visionem
1633 3945 1725 4015 longe
1747 3948 1837 4002 anm

118 4050 204 4103 buno
218 4057 291 4114 ergo
309 4049 485 4116 competens
506 4051 560 4116 ost,
576 4051 736 4118 quatenus,
757 4046 805 4102 bis
828 4046 951 4103 minutis
1005 4049 1122 4105 bierunt
1135 4041 1275 4100 revelata.
1293 4061 1307 4090 o

117 4135 172 4209 qui
187 4133 278 4191 nobis
297 4133 338 4190 ob
359 4134 532 4192 induratum
548 4136 594 4190 sui
618 4135 810 4192 stoliditatem
828 4151 894 4192 csse
906 4151 952 4192 so-

118 4224 182 4280 lent
194 4222 291 4282 labori
306 4223 405 4296 potius
420 4239 513 4296 quum
529 4225 607 4292 usui,
624 4224 736 4297 stylum
761 4224 800 4281 ad
815 4239 867 4281 eos
880 4239 952 4282 oon·
1044 4247 1058 4274 «
1074 4221 1165 4294 cujus
1185 4217 1227 4275 rei
1251 4213 1465 4272 revelationem
1490 4213 1647 4287 aoeeperb.
1664 4217 1693 4271 tl
1707 4212 1771 4285 ubi,
1786 4215 1839 4270 eat

118 4317 221 4371 vertas
247 4312 300 4386 qui
330 4317 390 4370 tota
417 4314 521 4370 virtute
548 4314 739 4370 conabantur
765 4315 828 4372 vias
853 4314 952 4379 bonas
1008 4309 1142 4389 quando,
1157 4307 1219 4364 sive
1231 4317 1390 4379 perquem
1405 4317 1473 4360 eam
1485 4301 1631 4371 didicerit,
1645 4302 1839 4372 admone,ne

119 4401 288 4468 ambulare,
302 4405 332 4458 et
346 4404 514 4460 Creatorem
529 4401 560 4458 m
578 4401 721 4458 omnibns
735 4403 877 4476 operibus
891 4405 953 4464 suis
1009 4399 1125 4460 silentio
1140 4392 1360 4470 suprimasscd
1373 4392 1510 4450 charitati
1525 4391 1663 4451 mernor
1676 4391 1840 4451 tondentur

120 4491 234 4563 optima
248 4489 385 4546 noverint
403 4489 539 4548 laudare.
565 4491 700 4556 Quorum
725 4495 818 4562 gesta
842 4492 955 4565 quibus
1008 4491 1168 4550 edisseras.
1186 4507 1200 4536 o

122 4579 179 4635 iter
201 4579 301 4636 saculi
329 4581 487 4652 praemiis
508 4580 652 4648 triverint,
677 4580 749 4653 quic
772 4585 800 4636 te
824 4580 956 4640 dictante
1328 4572 1525 4630 leletffll'ltt·

119 4669 188 4740 ianr
209 4673 280 4725 sunt
303 4683 340 4724 ex
367 4675 452 4740 parte
480 4669 694 4726 commendata
721 4671 874 4727 memoriae
904 4687 958 4745 po
1046 4691 1060 4720 α
1078 4667 1180 4726 ilicem
1194 4663 1365 4721 scribamve
1378 4652 1841 4728 bocbmviteretsinoolsviter,

122 4756 215 4818 sonat
235 4757 522 4822 carduenorum
547 4760 659 4816 laboris
687 4759 727 4816 tui
752 4761 873 4830 utilitas,
895 4777 957 4836 quo
1009 4759 1082 4836 quia
1096 4769 1204 4813 cauma
1214 4750 1344 4810 aestivale
1357 4747 1428 4806 lacit
1439 4761 1475 4803 ex
1486 4743 1657 4828 valetudine
1670 4739 1841 4838 medolere.

121 4848 268 4922 deinceps
280 4847 361 4905 baud
375 4849 532 4921 pigriteris,
553 4851 695 4908 eudendo
708 4865 882 4926 percurrere
894 4851 956 4921 ubi,
1012 4845 1150 4915 Quodam
1164 4841 1247 4915 atqui
1260 4847 1393 4910 tempore
1409 4851 1479 4892 cum
1492 4834 1521 4890 in
1534 4829 1713 4888 Alamannia
1727 4829 1845 4902 possim

124 4937 263 5012 quando,
281 4936 326 4993 vel
338 4937 496 5010 quomodo
508 4938 548 4994 de
561 4941 619 4996 boo
632 4939 693 4997 vita
708 4941 913 5013 migraverint,
930 4943 960 4996 ct
1011 4937 1056 4994 vir
1066 4936 1284 5008 balparegcrro
1294 4922 1503 5002 proficiscendi
1513 4921 1697 4977 voluntatem
1708 4917 1846 5017 baberet,

122 5026 158 5082 in
183 5025 294 5099 quibus
317 5025 392 5082 locis
416 5041 544 5100 corpora
571 5025 690 5085 illorum
716 5029 862 5088 collocata
890 5027 958 5097 sint,
1013 5022 1220 5082 beatissimum
1235 5015 1340 5074 Cbristi
1355 5010 1800 5078 euniessomm,0tmarum,om
1813 5019 1845 5104 ⁵.⁶

123 5105 234 5188 quav'e
247 5114 360 5171 intb'cia
371 5115 534 5173 mncbmtis
547 5131 653 5174 eorum
668 5124 735 5190 post
750 5123 880 5178 mortain
896 5117 960 5175 cla·
1015 5095 1724 5184 suaqueirequentissimecommendabatsibiin
1733 5107 1849 5152 somma

125 5203 250 5260 ruerint.
267 5225 282 5254 u
1016 5205 1114 5258 astare
1127 5196 1355 5260 videbatouem
1369 5191 1473 5264 jussus
1487 5187 1693 5259 intenderant
1708 5201 1746 5243 eo
1758 5184 1848 5256 huiu-

448 5293 643 5352 collectitiae.
742 5314 746 5322 ’
1018 5288 1116 5347 smodi
1129 5285 1243 5359 accepit
1264 5283 1371 5339 verba:
1387 5279 1462 5348 Quia
1471 5282 1597 5349 rogatus
1607 5293 1625 5334 a
1637 5282 1665 5334 te
1678 5275 1782 5348 iugavi
1796 5275 1851 5330 Do·

167 5379 445 5446 ‹bcoddosanctis
458 5383 600 5456 sirinnan
613 5395 673 5438 non
689 5383 966 5442 eorumvlrtutlbua
1019 5379 1135 5435 minum
1148 5390 1204 5450 pro
1229 5377 1267 5437 to,
1291 5369 1323 5428 ln
1337 5383 1399 5445 (111⁰
1411 5383 1479 5424 Μ
1499 5365 1669 5434 θῐᾶΰάὶῑῦῦ,
1690 5363 1852 5422 maulim

995 2801 1098 2857 vinciae
1122 2797 1275 2869 regionem
1308 2795 1363 2852 iter
1388 2811 1477 2852 suum
1505 2797 1635 2868 pareret,
1663 2793 1829 2852 febricitare

1315 4126 1530 4184 cromonense.

184 5575 247 5648 lea)
260 5577 280 5634 l
293 5577 377 5636 Ticer.
395 5593 411 5632 v
849 5539 850 5544 ἵ
1032 5572 1134 5700 Wtitt]
1146 5566 1294 5644 Pupping,
1305 5579 1367 5624 non
1379 5563 1517 5636 longeab
1528 5557 1723 5632 merdinsln
1734 5557 1858 5618 dustria

186 5648 248 5716 itt)
264 5647 300 5706 ti
311 5649 381 5707 Ger.
400 5664 453 5706 xri.
1074 5660 1147 5702 stra.

996 2889 1095 2962 capit.
1116 2890 1213 2954 Quam
1235 2885 1370 2957 corporis
1384 2883 1554 2941 molestiam
1575 2884 1621 2940 vir
1636 2884 1688 2941 ilai
1701 2899 1764 2941 non
1779 2899 1829 2940 so·
1930 2889 1938 2900 ·
