<?xml version="1.0" encoding="UTF-8"?>
<!DOCTYPE html PUBLIC "-//W3C//DTD XHTML 1.0 Transitional//EN"
    "http://www.w3.org/TR/xhtml1/DTD/xhtml1-transitional.dtd">
<html xmlns="http://www.w3.org/1999/xhtml" xml:lang="en" lang="en">
 <head>
  <title>
</title>
<meta http-equiv="Content-Type" content="text/html;charset=utf-8" />
  <meta name='ocr-system' content='tesseract 3.04.00' />
  <meta name='ocr-capabilities' content='ocr_page ocr_carea ocr_par ocr_line ocrx_word'/>
</head>
<body>
  <div class='ocr_page' id='page_1' title='image "./patrologiaecurs127unkngoog_0542.png"; bbox 0 0 3984 6182; ppageno 0'>
   <div class='ocr_carea' id='block_1_1' title="bbox 229 201 1965 308">
    <p class='ocr_par' dir='ltr' id='par_1_1' title="bbox 229 201 1965 308">
     <span class='ocr_line' id='line_1_1' title="bbox 229 201 1965 308; baseline 0.003 -48"><span class='ocrx_word' id='word_1_1' title='bbox 229 207 296 260; x_wconf 73' lang='lat' dir='ltr'>l023</span> <span class='ocrx_word' id='word_1_2' title='bbox 748 205 907 263; x_wconf 73' lang='lat' dir='ltr'>aunuum</span> <span class='ocrx_word' id='word_1_3' title='bbox 925 201 1219 262; x_wconf 70' lang='lat' dir='ltr'>annumeramus</span> <span class='ocrx_word' id='word_1_4' title='bbox 1237 201 1410 260; x_wconf 73' lang='lat' dir='ltr'>nonaum.</span> <span class='ocrx_word' id='word_1_5' title='bbox 1872 207 1930 260; x_wconf 73' lang='lat' dir='ltr'>toas</span> <span class='ocrx_word' id='word_1_6' title='bbox 1964 231 1965 308; x_wconf 57' lang='lat' dir='ltr'>q</span> 
     </span>
    </p>
   </div>
   <div class='ocr_carea' id='block_1_2' title="bbox 136 321 1965 3876">
    <p class='ocr_par' dir='ltr' id='par_1_2' title="bbox 220 321 1965 3158">
     <span class='ocr_line' id='line_1_2' title="bbox 228 321 1932 402; baseline -0.002 -17"><span class='ocrx_word' id='word_1_7' title='bbox 228 327 326 385; x_wconf 89' lang='lat' dir='ltr'>adhuc</span> <span class='ocrx_word' id='word_1_8' title='bbox 342 343 410 382; x_wconf 91' lang='lat' dir='ltr'>cum</span> <span class='ocrx_word' id='word_1_9' title='bbox 426 327 636 398; x_wconf 90' lang='lat' dir='ltr'>prenominato</span> <span class='ocrx_word' id='word_1_10' title='bbox 649 328 793 402; x_wconf 90' lang='lat' dir='ltr'>episcopo</span> <span class='ocrx_word' id='word_1_11' title='bbox 805 332 1054 396; x_wconf 80' lang='lat' dir='ltr'>commorantem,</span> <span class='ocrx_word' id='word_1_12' title='bbox 1074 331 1098 386; x_wconf 83' lang='grc' dir='ltr'><strong>Α</strong></span> <span class='ocrx_word' id='word_1_13' title='bbox 1149 325 1203 383; x_wconf 87' lang='lat' dir='ltr'>Ubi</span> <span class='ocrx_word' id='word_1_14' title='bbox 1217 343 1286 383; x_wconf 90' lang='lat' dir='ltr'>cum</span> <span class='ocrx_word' id='word_1_15' title='bbox 1301 328 1464 384; x_wconf 89' lang='lat' dir='ltr'>multorum</span> <span class='ocrx_word' id='word_1_16' title='bbox 1473 323 1555 382; x_wconf 87' lang='lat' dir='ltr'>fideli</span> <span class='ocrx_word' id='word_1_17' title='bbox 1565 328 1594 382; x_wconf 90' lang='lat' dir='ltr'>et</span> <span class='ocrx_word' id='word_1_18' title='bbox 1601 321 1760 381; x_wconf 75' lang='lat' dir='ltr'>favorabili</span> <span class='ocrx_word' id='word_1_19' title='bbox 1772 324 1932 396; x_wconf 76' lang='lat' dir='ltr'>suscipere</span> 
     </span>
     <span class='ocr_line' id='line_1_3' title="bbox 228 414 1932 489; baseline -0.002 -17"><span class='ocrx_word' id='word_1_20' title='bbox 228 416 280 473; x_wconf 89' lang='lat' dir='ltr'>sed</span> <span class='ocrx_word' id='word_1_21' title='bbox 291 415 406 487; x_wconf 81' lang='lat' dir='ltr'>jamad</span> <span class='ocrx_word' id='word_1_22' title='bbox 420 415 548 488; x_wconf 87' lang='lat' dir='ltr'>patriani</span> <span class='ocrx_word' id='word_1_23' title='bbox 562 417 706 489; x_wconf 88' lang='lat' dir='ltr'>repedare</span> <span class='ocrx_word' id='word_1_24' title='bbox 718 418 909 488; x_wconf 84' lang='lat' dir='ltr'>cogitantem.</span> <span class='ocrx_word' id='word_1_25' title='bbox 930 422 1053 488; x_wconf 88' lang='lat' dir='ltr'>ignarus</span> <span class='ocrx_word' id='word_1_26' title='bbox 1107 418 1305 484; x_wconf 91' lang='lat' dir='ltr'>turoocursu,</span> <span class='ocrx_word' id='word_1_27' title='bbox 1321 415 1453 489; x_wconf 90' lang='lat' dir='ltr'>primum</span> <span class='ocrx_word' id='word_1_28' title='bbox 1467 414 1556 470; x_wconf 90' lang='lat' dir='ltr'>beato</span> <span class='ocrx_word' id='word_1_29' title='bbox 1572 417 1799 470; x_wconf 88' lang='lat' dir='ltr'>Emmerammo</span> <span class='ocrx_word' id='word_1_30' title='bbox 1833 429 1866 468; x_wconf 88' lang='lat' dir='ltr'>se</span> <span class='ocrx_word' id='word_1_31' title='bbox 1889 415 1932 470; x_wconf 88' lang='lat' dir='ltr'>bu-</span> 
     </span>
     <span class='ocr_line' id='line_1_4' title="bbox 227 501 1929 578; baseline 0 -18"><span class='ocrx_word' id='word_1_32' title='bbox 227 504 306 560; x_wconf 87' lang='lat' dir='ltr'>enim</span> <span class='ocrx_word' id='word_1_33' title='bbox 319 507 382 558; x_wconf 90' lang='lat' dir='ltr'>crat</span> <span class='ocrx_word' id='word_1_34' title='bbox 406 501 563 574; x_wconf 79' lang='lat' dir='ltr'>legationis</span> <span class='ocrx_word' id='word_1_35' title='bbox 589 511 615 560; x_wconf 91' lang='lat' dir='ltr'>et</span> <span class='ocrx_word' id='word_1_36' title='bbox 644 511 809 562; x_wconf 89' lang='lat' dir='ltr'>ceterarum</span> <span class='ocrx_word' id='word_1_37' title='bbox 836 522 936 562; x_wconf 89' lang='lat' dir='ltr'>rerum</span> <span class='ocrx_word' id='word_1_38' title='bbox 952 521 1007 578; x_wconf 93' lang='lat' dir='ltr'>pro</span> <span class='ocrx_word' id='word_1_39' title='bbox 1022 520 1053 560; x_wconf 92' lang='lat' dir='ltr'>se</span> <span class='ocrx_word' id='word_1_40' title='bbox 1107 503 1214 560; x_wconf 91' lang='lat' dir='ltr'>militer</span> <span class='ocrx_word' id='word_1_41' title='bbox 1225 504 1417 577; x_wconf 81' lang='lat' dir='ltr'>presentavit,</span> <span class='ocrx_word' id='word_1_42' title='bbox 1432 503 1540 559; x_wconf 90' lang='lat' dir='ltr'>deinde</span> <span class='ocrx_word' id='word_1_43' title='bbox 1556 502 1738 576; x_wconf 86' lang='lat' dir='ltr'>persingula</span> <span class='ocrx_word' id='word_1_44' title='bbox 1765 501 1929 560; x_wconf 75' lang='lat' dir='ltr'>Ratisboae</span> 
     </span>
     <span class='ocr_line' id='line_1_5' title="bbox 226 591 1929 666; baseline 0.001 -19"><span class='ocrx_word' id='word_1_45' title='bbox 226 595 388 664; x_wconf 84' lang='lat' dir='ltr'>gestarum,</span> <span class='ocrx_word' id='word_1_46' title='bbox 405 596 433 647; x_wconf 90' lang='lat' dir='ltr'>et</span> <span class='ocrx_word' id='word_1_47' title='bbox 445 591 556 648; x_wconf 89' lang='lat' dir='ltr'>idcirco</span> <span class='ocrx_word' id='word_1_48' title='bbox 567 594 884 653; x_wconf 88' lang='lat' dir='ltr'>animumintendebet</span> <span class='ocrx_word' id='word_1_49' title='bbox 898 595 1051 651; x_wconf 90' lang='lat' dir='ltr'>aliorsum.</span> <span class='ocrx_word' id='word_1_50' title='bbox 1107 594 1289 650; x_wconf 86' lang='lat' dir='ltr'>monasteria</span> <span class='ocrx_word' id='word_1_51' title='bbox 1303 597 1477 650; x_wconf 90' lang='lat' dir='ltr'>sauctorum</span> <span class='ocrx_word' id='word_1_52' title='bbox 1500 591 1582 666; x_wconf 91' lang='lat' dir='ltr'>petiit</span> <span class='ocrx_word' id='word_1_53' title='bbox 1601 591 1756 662; x_wconf 82' lang='lat' dir='ltr'>suffragia,</span> <span class='ocrx_word' id='word_1_54' title='bbox 1774 591 1929 648; x_wconf 76' lang='lat' dir='ltr'>novissim</span> 
     </span>
     <span class='ocr_line' id='line_1_6' title="bbox 226 680 1930 758; baseline 0.001 -20"><span class='ocrx_word' id='word_1_55' title='bbox 226 685 361 754; x_wconf 87' lang='lat' dir='ltr'>Cumque</span> <span class='ocrx_word' id='word_1_56' title='bbox 375 681 474 754; x_wconf 89' lang='lat' dir='ltr'>legati,</span> <span class='ocrx_word' id='word_1_57' title='bbox 490 698 584 754; x_wconf 92' lang='lat' dir='ltr'>quare</span> <span class='ocrx_word' id='word_1_58' title='bbox 594 685 735 754; x_wconf 85' lang='lat' dir='ltr'>venerint,</span> <span class='ocrx_word' id='word_1_59' title='bbox 753 685 779 741; x_wconf 92' lang='lat' dir='ltr'>ei</span> <span class='ocrx_word' id='word_1_60' title='bbox 792 685 968 758; x_wconf 87' lang='lat' dir='ltr'>iudicarent,</span> <span class='ocrx_word' id='word_1_61' title='bbox 997 683 1055 758; x_wconf 91' lang='lat' dir='ltr'>pri·</span> <span class='ocrx_word' id='word_1_62' title='bbox 1107 698 1177 738; x_wconf 89' lang='lat' dir='ltr'>vero</span> <span class='ocrx_word' id='word_1_63' title='bbox 1188 681 1316 738; x_wconf 89' lang='lat' dir='ltr'>solemni</span> <span class='ocrx_word' id='word_1_64' title='bbox 1330 682 1408 740; x_wconf 88' lang='lat' dir='ltr'>iacta</span> <span class='ocrx_word' id='word_1_65' title='bbox 1423 680 1632 756; x_wconf 81' lang='lat' dir='ltr'>preparatione</span> <span class='ocrx_word' id='word_1_66' title='bbox 1651 696 1705 736; x_wconf 89' lang='lat' dir='ltr'>seu</span> <span class='ocrx_word' id='word_1_67' title='bbox 1733 681 1930 753; x_wconf 78' lang='lat' dir='ltr'>processione.</span> 
     </span>
     <span class='ocr_line' id='line_1_7' title="bbox 225 768 1965 846; baseline -0.001 -21"><span class='ocrx_word' id='word_1_68' title='bbox 225 785 310 826; x_wconf 91' lang='lat' dir='ltr'>mum</span> <span class='ocrx_word' id='word_1_69' title='bbox 326 768 451 825; x_wconf 89' lang='lat' dir='ltr'>recurrit</span> <span class='ocrx_word' id='word_1_70' title='bbox 464 770 503 826; x_wconf 92' lang='lat' dir='ltr'>ad</span> <span class='ocrx_word' id='word_1_71' title='bbox 529 772 721 828; x_wconf 87' lang='lat' dir='ltr'>secretarium</span> <span class='ocrx_word' id='word_1_72' title='bbox 746 773 854 844; x_wconf 77' lang='lat' dir='ltr'>cordiS,</span> <span class='ocrx_word' id='word_1_73' title='bbox 883 789 914 829; x_wconf 92' lang='lat' dir='ltr'>se</span> <span class='ocrx_word' id='word_1_74' title='bbox 939 789 1053 846; x_wconf 90' lang='lat' dir='ltr'>suaque</span> <span class='ocrx_word' id='word_1_75' title='bbox 1108 771 1255 828; x_wconf 90' lang='lat' dir='ltr'>adsancti</span> <span class='ocrx_word' id='word_1_76' title='bbox 1270 771 1345 828; x_wconf 86' lang='lat' dir='ltr'>Petri</span> <span class='ocrx_word' id='word_1_77' title='bbox 1369 770 1526 828; x_wconf 88' lang='lat' dir='ltr'>ecclesiam</span> <span class='ocrx_word' id='word_1_78' title='bbox 1550 769 1682 826; x_wconf 88' lang='lat' dir='ltr'>accessit.</span> <span class='ocrx_word' id='word_1_79' title='bbox 1699 774 1731 825; x_wconf 93' lang='lat' dir='ltr'>ln</span> <span class='ocrx_word' id='word_1_80' title='bbox 1747 786 1854 842; x_wconf 89' lang='lat' dir='ltr'>quam</span> <span class='ocrx_word' id='word_1_81' title='bbox 1879 788 1930 825; x_wconf 80' lang='lat' dir='ltr'>cun</span> <span class='ocrx_word' id='word_1_82' title='bbox 1964 843 1965 846; x_wconf 8' lang='grc' dir='ltr'><strong>Ἴ</strong></span> 
     </span>
     <span class='ocr_line' id='line_1_8' title="bbox 225 855 1965 944; baseline -0.001 -30"><span class='ocrx_word' id='word_1_83' title='bbox 225 861 286 915; x_wconf 88' lang='lat' dir='ltr'>Deo</span> <span class='ocrx_word' id='word_1_84' title='bbox 299 858 517 926; x_wconf 89' lang='lat' dir='ltr'>commendans</span> <span class='ocrx_word' id='word_1_85' title='bbox 530 859 559 915; x_wconf 91' lang='lat' dir='ltr'>iu</span> <span class='ocrx_word' id='word_1_86' title='bbox 571 860 682 916; x_wconf 90' lang='lat' dir='ltr'>intimis</span> <span class='ocrx_word' id='word_1_87' title='bbox 700 880 706 929; x_wconf 90' lang='lat'>;</span> <span class='ocrx_word' id='word_1_88' title='bbox 719 862 787 918; x_wconf 91' lang='lat' dir='ltr'>dein</span> <span class='ocrx_word' id='word_1_89' title='bbox 799 863 951 938; x_wconf 90' lang='lat' dir='ltr'>episcopo,</span> <span class='ocrx_word' id='word_1_90' title='bbox 966 863 1053 934; x_wconf 87' lang='lat' dir='ltr'>cujus</span> <span class='ocrx_word' id='word_1_91' title='bbox 1108 859 1230 917; x_wconf 89' lang='lat' dir='ltr'>canticis</span> <span class='ocrx_word' id='word_1_92' title='bbox 1243 858 1352 915; x_wconf 83' lang='lat' dir='ltr'>letieiae</span> <span class='ocrx_word' id='word_1_93' title='bbox 1368 863 1397 916; x_wconf 90' lang='lat' dir='ltr'>et</span> <span class='ocrx_word' id='word_1_94' title='bbox 1414 857 1619 915; x_wconf 85' lang='lat' dir='ltr'>exsultationis</span> <span class='ocrx_word' id='word_1_95' title='bbox 1640 873 1711 914; x_wconf 89' lang='lat' dir='ltr'>voce</span> <span class='ocrx_word' id='word_1_96' title='bbox 1737 855 1931 919; x_wconf 77' lang='lat' dir='ltr'>introductus,</span> <span class='ocrx_word' id='word_1_97' title='bbox 1964 862 1965 944; x_wconf 62' lang='lat'>{</span> 
     </span>
     <span class='ocr_line' id='line_1_9' title="bbox 224 945 1965 1026; baseline -0.001 -24"><span class='ocrx_word' id='word_1_98' title='bbox 224 947 350 1004; x_wconf 87' lang='lat' dir='ltr'>karitate</span> <span class='ocrx_word' id='word_1_99' title='bbox 363 946 404 1002; x_wconf 90' lang='lat' dir='ltr'>ibi</span> <span class='ocrx_word' id='word_1_100' title='bbox 414 948 551 1004; x_wconf 89' lang='lat' dir='ltr'>detentus</span> <span class='ocrx_word' id='word_1_101' title='bbox 566 955 637 1018; x_wconf 84' lang='lat' dir='ltr'>erat,</span> <span class='ocrx_word' id='word_1_102' title='bbox 650 967 773 1008; x_wconf 87' lang='lat' dir='ltr'>eausam</span> <span class='ocrx_word' id='word_1_103' title='bbox 787 969 873 1010; x_wconf 91' lang='lat' dir='ltr'>suam</span> <span class='ocrx_word' id='word_1_104' title='bbox 888 969 1051 1026; x_wconf 80' lang='lat' dir='ltr'>exponens,</span> <span class='ocrx_word' id='word_1_105' title='bbox 1108 954 1198 1022; x_wconf 89' lang='lat' dir='ltr'>alque</span> <span class='ocrx_word' id='word_1_106' title='bbox 1212 964 1297 1005; x_wconf 92' lang='lat' dir='ltr'>more</span> <span class='ocrx_word' id='word_1_107' title='bbox 1311 947 1489 1021; x_wconf 89' lang='lat' dir='ltr'>pontificum</span> <span class='ocrx_word' id='word_1_108' title='bbox 1502 963 1599 1013; x_wconf 90' lang='lat' dir='ltr'>secus,</span> <span class='ocrx_word' id='word_1_109' title='bbox 1614 945 1707 1003; x_wconf 91' lang='lat' dir='ltr'>altare</span> <span class='ocrx_word' id='word_1_110' title='bbox 1730 945 1931 1004; x_wconf 66' lang='lat' dir='ltr'>intronizatus.</span> <span class='ocrx_word' id='word_1_111' title='bbox 1964 945 1965 950; x_wconf 75' lang='grc'>’</span> 
     </span>
     <span class='ocr_line' id='line_1_10' title="bbox 226 1035 1933 1114; baseline 0 -24"><span class='ocrx_word' id='word_1_112' title='bbox 226 1035 257 1090; x_wconf 94' lang='lat' dir='ltr'>id</span> <span class='ocrx_word' id='word_1_113' title='bbox 271 1051 333 1108; x_wconf 91' lang='lat' dir='ltr'>quo</span> <span class='ocrx_word' id='word_1_114' title='bbox 345 1037 527 1106; x_wconf 89' lang='lat' dir='ltr'>gravabatur</span> <span class='ocrx_word' id='word_1_115' title='bbox 536 1041 930 1112; x_wconf 88' lang='lat' dir='ltr'>temperamentolevigabat</span> <span class='ocrx_word' id='word_1_116' title='bbox 941 1040 1055 1114; x_wconf 90' lang='lat' dir='ltr'>simpli·</span> <span class='ocrx_word' id='word_1_117' title='bbox 1109 1055 1127 1094; x_wconf 88' lang='lat' dir='ltr'>a</span> <span class='ocrx_word' id='word_1_118' title='bbox 1142 1037 1220 1095; x_wconf 89' lang='lat' dir='ltr'>clero</span> <span class='ocrx_word' id='word_1_119' title='bbox 1236 1042 1263 1094; x_wconf 90' lang='lat' dir='ltr'>et</span> <span class='ocrx_word' id='word_1_120' title='bbox 1276 1053 1294 1093; x_wconf 91' lang='lat' dir='ltr'>a</span> <span class='ocrx_word' id='word_1_121' title='bbox 1308 1037 1422 1110; x_wconf 91' lang='lat' dir='ltr'>populo</span> <span class='ocrx_word' id='word_1_122' title='bbox 1437 1052 1558 1093; x_wconf 90' lang='lat' dir='ltr'>summo</span> <span class='ocrx_word' id='word_1_123' title='bbox 1585 1035 1712 1108; x_wconf 90' lang='lat' dir='ltr'>posteris</span> <span class='ocrx_word' id='word_1_124' title='bbox 1744 1037 1933 1090; x_wconf 80' lang='lat' dir='ltr'>commente-</span> 
     </span>
     <span class='ocr_line' id='line_1_11' title="bbox 226 1123 1932 1205; baseline -0.002 -24"><span class='ocrx_word' id='word_1_125' title='bbox 226 1124 320 1181; x_wconf 91' lang='lat' dir='ltr'>oitatis</span> <span class='ocrx_word' id='word_1_126' title='bbox 335 1125 515 1182; x_wconf 73' lang='lat' dir='ltr'>columbinae</span> <span class='ocrx_word' id='word_1_127' title='bbox 529 1143 565 1183; x_wconf 89' lang='lat' dir='ltr'>ao</span> <span class='ocrx_word' id='word_1_128' title='bbox 579 1129 745 1200; x_wconf 77' lang='lat' dir='ltr'>prudentie</span> <span class='ocrx_word' id='word_1_129' title='bbox 762 1131 951 1205; x_wconf 79' lang='lat' dir='ltr'>serpentinae,</span> <span class='ocrx_word' id='word_1_130' title='bbox 965 1134 1054 1204; x_wconf 91' lang='lat' dir='ltr'>atque</span> <span class='ocrx_word' id='word_1_131' title='bbox 1109 1131 1166 1197; x_wconf 91' lang='lat' dir='ltr'>tur,</span> <span class='ocrx_word' id='word_1_132' title='bbox 1180 1143 1234 1182; x_wconf 90' lang='lat' dir='ltr'>uec</span> <span class='ocrx_word' id='word_1_133' title='bbox 1248 1142 1308 1182; x_wconf 93' lang='lat' dir='ltr'>non</span> <span class='ocrx_word' id='word_1_134' title='bbox 1328 1141 1346 1181; x_wconf 88' lang='lat' dir='ltr'>a</span> <span class='ocrx_word' id='word_1_135' title='bbox 1370 1123 1515 1181; x_wconf 82' lang='lat' dir='ltr'>Friderico</span> <span class='ocrx_word' id='word_1_136' title='bbox 1548 1123 1781 1196; x_wconf 88' lang='lat' dir='ltr'>archiepiscopo</span> <span class='ocrx_word' id='word_1_137' title='bbox 1814 1129 1845 1180; x_wconf 91' lang='lat' dir='ltr'>et</span> <span class='ocrx_word' id='word_1_138' title='bbox 1872 1125 1932 1179; x_wconf 70' lang='lat' dir='ltr'>illia</span> 
     </span>
     <span class='ocr_line' id='line_1_12' title="bbox 224 1212 1933 1290; baseline 0 -22"><span class='ocrx_word' id='word_1_139' title='bbox 224 1213 255 1268; x_wconf 93' lang='lat' dir='ltr'>in</span> <span class='ocrx_word' id='word_1_140' title='bbox 269 1213 349 1269; x_wconf 91' lang='lat' dir='ltr'>hunc</span> <span class='ocrx_word' id='word_1_141' title='bbox 365 1214 491 1270; x_wconf 92' lang='lat' dir='ltr'>modum</span> <span class='ocrx_word' id='word_1_142' title='bbox 503 1215 703 1289; x_wconf 88' lang='lat' dir='ltr'>proloquitur,</span> <span class='ocrx_word' id='word_1_143' title='bbox 720 1218 823 1275; x_wconf 90' lang='lat' dir='ltr'>dicens</span> <span class='ocrx_word' id='word_1_144' title='bbox 838 1239 844 1275; x_wconf 92' lang='lat'>:</span> <span class='ocrx_word' id='word_1_145' title='bbox 869 1221 934 1276; x_wconf 87' lang='lat' dir='ltr'>Hoc</span> <span class='ocrx_word' id='word_1_146' title='bbox 946 1236 1054 1276; x_wconf 87' lang='lat' dir='ltr'>nouum</span> <span class='ocrx_word' id='word_1_147' title='bbox 1111 1215 1307 1287; x_wconf 82' lang='lat' dir='ltr'>suffraganeis</span> <span class='ocrx_word' id='word_1_148' title='bbox 1320 1219 1388 1290; x_wconf 91' lang='lat' dir='ltr'>post</span> <span class='ocrx_word' id='word_1_149' title='bbox 1401 1213 1515 1287; x_wconf 88' lang='lat' dir='ltr'>aliquot</span> <span class='ocrx_word' id='word_1_150' title='bbox 1524 1213 1587 1269; x_wconf 88' lang='lat' dir='ltr'>dies</span> <span class='ocrx_word' id='word_1_151' title='bbox 1604 1213 1634 1269; x_wconf 92' lang='lat' dir='ltr'>in</span> <span class='ocrx_word' id='word_1_152' title='bbox 1649 1212 1849 1268; x_wconf 89' lang='lat' dir='ltr'>sacerdotem</span> <span class='ocrx_word' id='word_1_153' title='bbox 1875 1231 1933 1286; x_wconf 82' lang='lat' dir='ltr'>apo</span> 
     </span>
     <span class='ocr_line' id='line_1_13' title="bbox 224 1301 1931 1378; baseline 0.002 -22"><span class='ocrx_word' id='word_1_154' title='bbox 224 1301 305 1372; x_wconf 83' lang='lat' dir='ltr'>quad</span> <span class='ocrx_word' id='word_1_155' title='bbox 316 1303 392 1358; x_wconf 79' lang='lat' dir='ltr'>milti</span> <span class='ocrx_word' id='word_1_156' title='bbox 400 1317 457 1372; x_wconf 80' lang='lat' dir='ltr'>per</span> <span class='ocrx_word' id='word_1_157' title='bbox 471 1307 596 1361; x_wconf 83' lang='lat' dir='ltr'>nurtetcs</span> <span class='ocrx_word' id='word_1_158' title='bbox 604 1307 754 1377; x_wconf 84' lang='lat' dir='ltr'>principis</span> <span class='ocrx_word' id='word_1_159' title='bbox 768 1309 988 1378; x_wconf 68' lang='lat' dir='ltr'>centenarius</span> <span class='ocrx_word' id='word_1_160' title='bbox 1002 1313 1055 1366; x_wconf 86' lang='lat' dir='ltr'>tua</span> <span class='ocrx_word' id='word_1_161' title='bbox 1111 1303 1249 1360; x_wconf 90' lang='lat' dir='ltr'>stalicum</span> <span class='ocrx_word' id='word_1_162' title='bbox 1261 1303 1375 1360; x_wconf 92' lang='lat' dir='ltr'>ibidem</span> <span class='ocrx_word' id='word_1_163' title='bbox 1391 1307 1593 1359; x_wconf 88' lang='lat' dir='ltr'>consecratur.</span> <span class='ocrx_word' id='word_1_164' title='bbox 1608 1303 1705 1368; x_wconf 84' lang='lat' dir='ltr'>Quam</span> <span class='ocrx_word' id='word_1_165' title='bbox 1720 1301 1774 1358; x_wconf 89' lang='lat' dir='ltr'>ille</span> <span class='ocrx_word' id='word_1_166' title='bbox 1790 1319 1931 1359; x_wconf 82' lang='lat' dir='ltr'>cousecra-</span> 
     </span>
     <span class='ocr_line' id='line_1_14' title="bbox 225 1391 1931 1469; baseline 0.001 -24"><span class='ocrx_word' id='word_1_167' title='bbox 225 1391 329 1460; x_wconf 78' lang='lat' dir='ltr'>efferit,</span> <span class='ocrx_word' id='word_1_168' title='bbox 344 1393 393 1446; x_wconf 85' lang='lat' dir='ltr'>cui</span> <span class='ocrx_word' id='word_1_169' title='bbox 405 1395 553 1461; x_wconf 86' lang='lat' dir='ltr'>premium</span> <span class='ocrx_word' id='word_1_170' title='bbox 572 1395 655 1452; x_wconf 76' lang='lat' dir='ltr'>bona</span> <span class='ocrx_word' id='word_1_171' title='bbox 665 1399 829 1454; x_wconf 86' lang='lat' dir='ltr'>uoluntatis</span> <span class='ocrx_word' id='word_1_172' title='bbox 842 1398 953 1469; x_wconf 82' lang='lat' dir='ltr'>absque</span> <span class='ocrx_word' id='word_1_173' title='bbox 967 1398 1056 1454; x_wconf 75' lang='lat' dir='ltr'>devoto</span> <span class='ocrx_word' id='word_1_174' title='bbox 1110 1393 1222 1449; x_wconf 90' lang='lat' dir='ltr'>tionem</span> <span class='ocrx_word' id='word_1_175' title='bbox 1235 1391 1341 1448; x_wconf 92' lang='lat' dir='ltr'>nolens</span> <span class='ocrx_word' id='word_1_176' title='bbox 1352 1407 1449 1448; x_wconf 90' lang='lat' dir='ltr'>vacuo</span> <span class='ocrx_word' id='word_1_177' title='bbox 1464 1407 1565 1447; x_wconf 88' lang='lat' dir='ltr'>seeum</span> <span class='ocrx_word' id='word_1_178' title='bbox 1579 1395 1699 1464; x_wconf 88' lang='lat' dir='ltr'>portare</span> <span class='ocrx_word' id='word_1_179' title='bbox 1715 1391 1881 1456; x_wconf 84' lang='lat' dir='ltr'>vocabulo,</span> <span class='ocrx_word' id='word_1_180' title='bbox 1897 1393 1931 1446; x_wconf 87' lang='lat' dir='ltr'>die</span> 
     </span>
     <span class='ocr_line' id='line_1_15' title="bbox 224 1479 1930 1558; baseline 0.006 -24"><span class='ocrx_word' id='word_1_181' title='bbox 224 1481 300 1552; x_wconf 64' lang='lat' dir='ltr'>ene·</span> <span class='ocrx_word' id='word_1_182' title='bbox 311 1482 363 1536; x_wconf 79' lang='lat' dir='ltr'>sea</span> <span class='ocrx_word' id='word_1_183' title='bbox 376 1497 447 1537; x_wconf 79' lang='lat' dir='ltr'>mee</span> <span class='ocrx_word' id='word_1_184' title='bbox 459 1485 611 1552; x_wconf 16' lang='lat' dir='ltr'>,parvitati</span> <span class='ocrx_word' id='word_1_185' title='bbox 622 1487 756 1542; x_wconf 68' lang='lat' dir='ltr'>tentarem</span> <span class='ocrx_word' id='word_1_186' title='bbox 773 1489 890 1557; x_wconf 70' lang='lat' dir='ltr'>incarn,</span> <span class='ocrx_word' id='word_1_187' title='bbox 906 1489 977 1558; x_wconf 79' lang='lat' dir='ltr'>quta</span> <span class='ocrx_word' id='word_1_188' title='bbox 993 1503 1058 1545; x_wconf 80' lang='lat' dir='ltr'>nes.</span> <span class='ocrx_word' id='word_1_189' title='bbox 1111 1488 1262 1554; x_wconf 83' lang='lat' dir='ltr'>noctuque</span> <span class='ocrx_word' id='word_1_190' title='bbox 1278 1479 1441 1555; x_wconf 81' lang='lat' dir='ltr'>pontificali</span> <span class='ocrx_word' id='word_1_191' title='bbox 1455 1479 1673 1536; x_wconf 82' lang='lat' dir='ltr'>studiosissime</span> <span class='ocrx_word' id='word_1_192' title='bbox 1688 1479 1828 1536; x_wconf 82' lang='lat' dir='ltr'>excoluit</span> <span class='ocrx_word' id='word_1_193' title='bbox 1839 1480 1930 1550; x_wconf 69' lang='lat' dir='ltr'>officio,</span> 
     </span>
     <span class='ocr_line' id='line_1_16' title="bbox 224 1569 1930 1646; baseline 0.006 -23"><span class='ocrx_word' id='word_1_194' title='bbox 224 1570 466 1637; x_wconf 56' lang='lat' dir='ltr'>atoniaotumas</span> <span class='ocrx_word' id='word_1_195' title='bbox 479 1572 631 1640; x_wconf 71' lang='lat' dir='ltr'>[tetemet</span> <span class='ocrx_word' id='word_1_196' title='bbox 648 1576 719 1644; x_wconf 71' lang='lat' dir='ltr'>qvem</span> <span class='ocrx_word' id='word_1_197' title='bbox 734 1577 865 1631; x_wconf 82' lang='lat' dir='ltr'>mundus</span> <span class='ocrx_word' id='word_1_198' title='bbox 892 1575 945 1632; x_wconf 79' lang='lat' dir='ltr'>sut</span> <span class='ocrx_word' id='word_1_199' title='bbox 963 1578 1058 1646; x_wconf 80' lang='lat' dir='ltr'>specie</span> <span class='ocrx_word' id='word_1_200' title='bbox 1113 1576 1145 1628; x_wconf 90' lang='lat' dir='ltr'>ut</span> <span class='ocrx_word' id='word_1_201' title='bbox 1157 1572 1283 1643; x_wconf 79' lang='lat' dir='ltr'>gratiam</span> <span class='ocrx_word' id='word_1_202' title='bbox 1297 1571 1392 1627; x_wconf 81' lang='lat' dir='ltr'>sanati</span> <span class='ocrx_word' id='word_1_203' title='bbox 1405 1570 1529 1642; x_wconf 83' lang='lat' dir='ltr'>Spiritus</span> <span class='ocrx_word' id='word_1_204' title='bbox 1544 1569 1780 1626; x_wconf 77' lang='lat' dir='ltr'>habundantius</span> <span class='ocrx_word' id='word_1_205' title='bbox 1806 1570 1863 1626; x_wconf 88' lang='lat' dir='ltr'>suh</span> <span class='ocrx_word' id='word_1_206' title='bbox 1886 1571 1930 1625; x_wconf 80' lang='lat' dir='ltr'>hut</span> 
     </span>
     <span class='ocr_line' id='line_1_17' title="bbox 224 1657 1930 1739; baseline 0.001 -27"><span class='ocrx_word' id='word_1_207' title='bbox 224 1657 377 1728; x_wconf 77' lang='lat' dir='ltr'>religionis</span> <span class='ocrx_word' id='word_1_208' title='bbox 392 1661 487 1716; x_wconf 88' lang='lat' dir='ltr'>mutto</span> <span class='ocrx_word' id='word_1_209' title='bbox 503 1663 544 1716; x_wconf 88' lang='lat' dir='ltr'>ad</span> <span class='ocrx_word' id='word_1_210' title='bbox 562 1663 635 1718; x_wconf 86' lang='lat' dir='ltr'>vitia</span> <span class='ocrx_word' id='word_1_211' title='bbox 652 1664 757 1720; x_wconf 78' lang='lat' dir='ltr'>trahit.</span> <span class='ocrx_word' id='word_1_212' title='bbox 790 1663 842 1722; x_wconf 87' lang='lat' dir='ltr'>Cui</span> <span class='ocrx_word' id='word_1_213' title='bbox 870 1663 1056 1738; x_wconf 89' lang='lat' dir='ltr'>respondens</span> <span class='ocrx_word' id='word_1_214' title='bbox 1075 1685 1096 1739; x_wconf 70' lang='grc' dir='ltr'><strong>Β</strong></span> <span class='ocrx_word' id='word_1_215' title='bbox 1112 1659 1216 1716; x_wconf 88' lang='lat' dir='ltr'>ordine</span> <span class='ocrx_word' id='word_1_216' title='bbox 1229 1662 1330 1733; x_wconf 88' lang='lat' dir='ltr'>posset</span> <span class='ocrx_word' id='word_1_217' title='bbox 1342 1657 1494 1714; x_wconf 90' lang='lat' dir='ltr'>haberein</span> <span class='ocrx_word' id='word_1_218' title='bbox 1509 1657 1607 1714; x_wconf 90' lang='lat' dir='ltr'>cordis</span> <span class='ocrx_word' id='word_1_219' title='bbox 1628 1657 1776 1730; x_wconf 88' lang='lat' dir='ltr'>hospitio.</span> <span class='ocrx_word' id='word_1_220' title='bbox 1791 1659 1877 1729; x_wconf 83' lang='lat' dir='ltr'>Cujus</span> <span class='ocrx_word' id='word_1_221' title='bbox 1897 1659 1930 1714; x_wconf 89' lang='lat' dir='ltr'>iu·</span> 
     </span>
     <span class='ocr_line' id='line_1_18' title="bbox 224 1746 1927 1823; baseline 0.001 -23"><span class='ocrx_word' id='word_1_222' title='bbox 224 1746 472 1821; x_wconf 88' lang='lat' dir='ltr'>episcopusdixit</span> <span class='ocrx_word' id='word_1_223' title='bbox 488 1767 494 1804; x_wconf 95' lang='lat'><strong>:</strong></span> <span class='ocrx_word' id='word_1_224' title='bbox 512 1751 596 1818; x_wconf 84' lang='lat' dir='ltr'>Quod</span> <span class='ocrx_word' id='word_1_225' title='bbox 609 1752 683 1808; x_wconf 85' lang='lat' dir='ltr'>dicis</span> <span class='ocrx_word' id='word_1_226' title='bbox 700 1759 727 1809; x_wconf 91' lang='lat' dir='ltr'>te</span> <span class='ocrx_word' id='word_1_227' title='bbox 742 1755 845 1810; x_wconf 87' lang='lat' dir='ltr'>timere</span> <span class='ocrx_word' id='word_1_228' title='bbox 868 1755 923 1810; x_wconf 84' lang='lat' dir='ltr'>ltoc</span> <span class='ocrx_word' id='word_1_229' title='bbox 948 1756 1054 1810; x_wconf 85' lang='lat' dir='ltr'>mentis</span> <span class='ocrx_word' id='word_1_230' title='bbox 1108 1749 1268 1823; x_wconf 87' lang='lat' dir='ltr'>spiratione</span> <span class='ocrx_word' id='word_1_231' title='bbox 1284 1748 1415 1804; x_wconf 83' lang='lat' dir='ltr'>suaviter</span> <span class='ocrx_word' id='word_1_232' title='bbox 1429 1751 1537 1819; x_wconf 80' lang='lat' dir='ltr'>tactuS,</span> <span class='ocrx_word' id='word_1_233' title='bbox 1553 1752 1582 1804; x_wconf 94' lang='lat' dir='ltr'>et</span> <span class='ocrx_word' id='word_1_234' title='bbox 1600 1747 1763 1804; x_wconf 87' lang='lat' dir='ltr'>adomnia</span> <span class='ocrx_word' id='word_1_235' title='bbox 1792 1755 1890 1804; x_wconf 86' lang='lat' dir='ltr'>cautus</span> <span class='ocrx_word' id='word_1_236' title='bbox 1901 1764 1927 1803; x_wconf 83' lang='lat' dir='ltr'>aa</span> 
     </span>
     <span class='ocr_line' id='line_1_19' title="bbox 224 1835 1927 1914; baseline 0.002 -24"><span class='ocrx_word' id='word_1_237' title='bbox 224 1840 266 1891; x_wconf 86' lang='lat' dir='ltr'>est</span> <span class='ocrx_word' id='word_1_238' title='bbox 282 1837 426 1906; x_wconf 74' lang='lat' dir='ltr'>providae.</span> <span class='ocrx_word' id='word_1_239' title='bbox 443 1840 503 1895; x_wconf 88' lang='lat' dir='ltr'>Sed</span> <span class='ocrx_word' id='word_1_240' title='bbox 517 1840 638 1896; x_wconf 71' lang='lat' dir='ltr'>linurin</span> <span class='ocrx_word' id='word_1_241' title='bbox 656 1841 760 1898; x_wconf 81' lang='lat' dir='ltr'>bonam</span> <span class='ocrx_word' id='word_1_242' title='bbox 777 1859 857 1912; x_wconf 86' lang='lat' dir='ltr'>spem</span> <span class='ocrx_word' id='word_1_243' title='bbox 873 1843 961 1914; x_wconf 77' lang='lat' dir='ltr'>erigit</span> <span class='ocrx_word' id='word_1_244' title='bbox 974 1845 1054 1912; x_wconf 81' lang='lat' dir='ltr'>psol·</span> <span class='ocrx_word' id='word_1_245' title='bbox 1107 1838 1253 1912; x_wconf 88' lang='lat' dir='ltr'>providus</span> <span class='ocrx_word' id='word_1_246' title='bbox 1268 1837 1374 1906; x_wconf 87' lang='lat' dir='ltr'>factus,</span> <span class='ocrx_word' id='word_1_247' title='bbox 1390 1837 1429 1892; x_wconf 92' lang='lat' dir='ltr'>ab</span> <span class='ocrx_word' id='word_1_248' title='bbox 1449 1835 1619 1911; x_wconf 89' lang='lat' dir='ltr'>episcopale</span> <span class='ocrx_word' id='word_1_249' title='bbox 1644 1836 1807 1906; x_wconf 81' lang='lat' dir='ltr'>fastigium</span> <span class='ocrx_word' id='word_1_250' title='bbox 1834 1853 1927 1911; x_wconf 85' lang='lat' dir='ltr'>nequa·</span> 
     </span>
     <span class='ocr_line' id='line_1_20' title="bbox 224 1925 1927 2000; baseline 0.002 -22"><span class='ocrx_word' id='word_1_251' title='bbox 224 1925 388 1995; x_wconf 73' lang='lat' dir='ltr'>mistaque</span> <span class='ocrx_word' id='word_1_252' title='bbox 407 1926 568 2000; x_wconf 71' lang='lat' dir='ltr'>dicittunl:</span> <span class='ocrx_word' id='word_1_253' title='bbox 600 1951 612 1976; x_wconf 76' lang='lat' dir='ltr'>u</span> <span class='ocrx_word' id='word_1_254' title='bbox 630 1931 754 1986; x_wconf 74' lang='lat' dir='ltr'>[tritium</span> <span class='ocrx_word' id='word_1_255' title='bbox 784 1933 938 2000; x_wconf 79' lang='lat' dir='ltr'>sapientire</span> <span class='ocrx_word' id='word_1_256' title='bbox 966 1933 1055 1987; x_wconf 87' lang='lat' dir='ltr'>timor</span> <span class='ocrx_word' id='word_1_257' title='bbox 1107 1926 1666 2000; x_wconf 88' lang='lat' dir='ltr'>quamvoluitmultaremonasticum</span> <span class='ocrx_word' id='word_1_258' title='bbox 1680 1925 1839 1995; x_wconf 90' lang='lat' dir='ltr'>habitum,</span> <span class='ocrx_word' id='word_1_259' title='bbox 1857 1927 1927 2000; x_wconf 78' lang='lat' dir='ltr'>quai</span> 
     </span>
     <span class='ocr_line' id='line_1_21' title="bbox 223 2014 1965 2090; baseline 0.003 -24"><span class='ocrx_word' id='word_1_260' title='bbox 223 2014 366 2079; x_wconf 86' lang='lat' dir='ltr'>Domini,·</span> <span class='ocrx_word' id='word_1_261' title='bbox 380 2019 408 2070; x_wconf 90' lang='lat' dir='ltr'>et</span> <span class='ocrx_word' id='word_1_262' title='bbox 422 2016 530 2073; x_wconf 88' lang='lat' dir='ltr'>iterum</span> <span class='ocrx_word' id='word_1_263' title='bbox 546 2034 557 2073; x_wconf 88' lang='lat'>.·</span> <span class='ocrx_word' id='word_1_264' title='bbox 575 2037 584 2069; x_wconf 87' lang='grc' dir='ltr'>ι</span> <span class='ocrx_word' id='word_1_265' title='bbox 606 2019 706 2075; x_wconf 85' lang='lat' dir='ltr'>Timor</span> <span class='ocrx_word' id='word_1_266' title='bbox 721 2021 842 2076; x_wconf 82' lang='lat' dir='ltr'>Darnini</span> <span class='ocrx_word' id='word_1_267' title='bbox 855 2026 976 2076; x_wconf 79' lang='lat' dir='ltr'>serretur</span> <span class='ocrx_word' id='word_1_268' title='bbox 987 2037 1055 2090; x_wconf 87' lang='lat' dir='ltr'>per·</span> <span class='ocrx_word' id='word_1_269' title='bbox 1107 2016 1295 2072; x_wconf 87' lang='lat' dir='ltr'>erubesceret</span> <span class='ocrx_word' id='word_1_270' title='bbox 1310 2015 1477 2072; x_wconf 90' lang='lat' dir='ltr'>monachus</span> <span class='ocrx_word' id='word_1_271' title='bbox 1487 2031 1562 2083; x_wconf 90' lang='lat' dir='ltr'>esse,</span> <span class='ocrx_word' id='word_1_272' title='bbox 1574 2014 1626 2088; x_wconf 93' lang='lat' dir='ltr'>qui</span> <span class='ocrx_word' id='word_1_273' title='bbox 1640 2014 1736 2071; x_wconf 88' lang='lat' dir='ltr'>fuerat</span> <span class='ocrx_word' id='word_1_274' title='bbox 1758 2034 1767 2084; x_wconf 89' lang='grc'>;</span> <span class='ocrx_word' id='word_1_275' title='bbox 1790 2015 1841 2072; x_wconf 89' lang='lat' dir='ltr'>sed</span> <span class='ocrx_word' id='word_1_276' title='bbox 1852 2032 1925 2090; x_wconf 88' lang='lat' dir='ltr'>quau</span> <span class='ocrx_word' id='word_1_277' title='bbox 1964 2059 1965 2087; x_wconf 72' lang='lat'>,</span> 
     </span>
     <span class='ocr_line' id='line_1_22' title="bbox 224 2103 1925 2180; baseline 0.001 -24"><span class='ocrx_word' id='word_1_278' title='bbox 224 2105 391 2158; x_wconf 86' lang='lat' dir='ltr'>monensin</span> <span class='ocrx_word' id='word_1_279' title='bbox 406 2107 538 2162; x_wconf 81' lang='lat' dir='ltr'>secutum</span> <span class='ocrx_word' id='word_1_280' title='bbox 563 2108 657 2164; x_wconf 77' lang='lat' dir='ltr'>secuti</span> <span class='ocrx_word' id='word_1_281' title='bbox 673 2127 679 2176; x_wconf 80' lang='lat'><em>3</em></span> <span class='ocrx_word' id='word_1_282' title='bbox 695 2132 708 2158; x_wconf 70' lang='lat' dir='ltr'>n</span> <span class='ocrx_word' id='word_1_283' title='bbox 726 2125 812 2179; x_wconf 77' lang='lat' dir='ltr'>quem</span> <span class='ocrx_word' id='word_1_284' title='bbox 834 2115 861 2166; x_wconf 87' lang='lat' dir='ltr'>et</span> <span class='ocrx_word' id='word_1_285' title='bbox 893 2110 1054 2180; x_wconf 85' lang='lat' dir='ltr'>Apostolus</span> <span class='ocrx_word' id='word_1_286' title='bbox 1108 2106 1188 2162; x_wconf 91' lang='lat' dir='ltr'>intus</span> <span class='ocrx_word' id='word_1_287' title='bbox 1205 2105 1312 2161; x_wconf 86' lang='lat' dir='ltr'>habuit</span> <span class='ocrx_word' id='word_1_288' title='bbox 1333 2103 1533 2160; x_wconf 86' lang='lat' dir='ltr'>humilitatem</span> <span class='ocrx_word' id='word_1_289' title='bbox 1559 2104 1678 2173; x_wconf 90' lang='lat' dir='ltr'>mentis,</span> <span class='ocrx_word' id='word_1_290' title='bbox 1707 2103 1789 2160; x_wconf 89' lang='lat' dir='ltr'>loris</span> <span class='ocrx_word' id='word_1_291' title='bbox 1817 2105 1925 2161; x_wconf 86' lang='lat' dir='ltr'>ostendit</span> 
     </span>
     <span class='ocr_line' id='line_1_23' title="bbox 224 2192 1924 2267; baseline 0.001 -21"><span class='ocrx_word' id='word_1_292' title='bbox 224 2193 433 2248; x_wconf 87' lang='lat' dir='ltr'>commendans</span> <span class='ocrx_word' id='word_1_293' title='bbox 448 2196 492 2250; x_wconf 87' lang='lat' dir='ltr'>nit</span> <span class='ocrx_word' id='word_1_294' title='bbox 506 2195 575 2266; x_wconf 83' lang='lat'>(93):</span> <span class='ocrx_word' id='word_1_295' title='bbox 591 2219 604 2246; x_wconf 69' lang='grc' dir='ltr'>α</span> <span class='ocrx_word' id='word_1_296' title='bbox 621 2198 693 2252; x_wconf 88' lang='lat' dir='ltr'>Noti</span> <span class='ocrx_word' id='word_1_297' title='bbox 710 2199 806 2254; x_wconf 88' lang='lat' dir='ltr'>altum</span> <span class='ocrx_word' id='word_1_298' title='bbox 822 2213 935 2267; x_wconf 83' lang='lat' dir='ltr'>sapere,</span> <span class='ocrx_word' id='word_1_299' title='bbox 951 2199 1003 2254; x_wconf 87' lang='lat' dir='ltr'>sed</span> <span class='ocrx_word' id='word_1_300' title='bbox 1017 2200 1054 2254; x_wconf 86' lang='lat' dir='ltr'>u&#39;-</span> <span class='ocrx_word' id='word_1_301' title='bbox 1108 2193 1197 2250; x_wconf 90' lang='lat' dir='ltr'>bonis</span> <span class='ocrx_word' id='word_1_302' title='bbox 1211 2192 1357 2266; x_wconf 90' lang='lat' dir='ltr'>exemplis</span> <span class='ocrx_word' id='word_1_303' title='bbox 1369 2196 1398 2248; x_wconf 90' lang='lat' dir='ltr'>et</span> <span class='ocrx_word' id='word_1_304' title='bbox 1410 2192 1612 2249; x_wconf 90' lang='lat' dir='ltr'>mediocribus</span> <span class='ocrx_word' id='word_1_305' title='bbox 1619 2193 1823 2250; x_wconf 88' lang='lat' dir='ltr'>vestimentis.</span> <span class='ocrx_word' id='word_1_306' title='bbox 1836 2198 1924 2250; x_wconf 74' lang='lat' dir='ltr'>hemor</span> 
     </span>
     <span class='ocr_line' id='line_1_24' title="bbox 224 2281 1920 2359; baseline 0 -25"><span class='ocrx_word' id='word_1_307' title='bbox 224 2282 408 2348; x_wconf 80' lang='lat' dir='ltr'>me,·»ldem</span> <span class='ocrx_word' id='word_1_308' title='bbox 423 2283 497 2338; x_wconf 85' lang='lat' dir='ltr'>ntibi</span> <span class='ocrx_word' id='word_1_309' title='bbox 510 2285 546 2340; x_wconf 89' lang='lat' dir='ltr'>de</span> <span class='ocrx_word' id='word_1_310' title='bbox 561 2287 901 2354; x_wconf 77' lang='lat' dir='ltr'>eptsrayrotusdesiderio</span> <span class='ocrx_word' id='word_1_311' title='bbox 916 2289 958 2343; x_wconf 87' lang='lat' dir='ltr'>ait</span> <span class='ocrx_word' id='word_1_312' title='bbox 975 2287 1052 2359; x_wconf 75' lang='lat'>(94):</span> <span class='ocrx_word' id='word_1_313' title='bbox 1108 2282 1199 2338; x_wconf 90' lang='lat' dir='ltr'>etiam</span> <span class='ocrx_word' id='word_1_314' title='bbox 1241 2281 1437 2340; x_wconf 84' lang='lat' dir='ltr'>Salomonicae</span> <span class='ocrx_word' id='word_1_315' title='bbox 1468 2281 1691 2354; x_wconf 87' lang='lat' dir='ltr'>admonitionis,</span> <span class='ocrx_word' id='word_1_316' title='bbox 1724 2297 1801 2354; x_wconf 79' lang='lat' dir='ltr'>quae</span> <span class='ocrx_word' id='word_1_317' title='bbox 1838 2283 1920 2338; x_wconf 86' lang='lat' dir='ltr'>dicit:</span> 
     </span>
     <span class='ocr_line' id='line_1_25' title="bbox 225 2368 1919 2445; baseline 0.001 -23"><span class='ocrx_word' id='word_1_318' title='bbox 225 2386 240 2421; x_wconf 73' lang='grc' dir='ltr'>ι</span> <span class='ocrx_word' id='word_1_319' title='bbox 257 2368 314 2436; x_wconf 84' lang='lat' dir='ltr'>Qui</span> <span class='ocrx_word' id='word_1_320' title='bbox 325 2371 523 2440; x_wconf 71' lang='lat' dir='ltr'>maerentum</span> <span class='ocrx_word' id='word_1_321' title='bbox 539 2373 698 2444; x_wconf 86' lang='lat' dir='ltr'>desiderat,</span> <span class='ocrx_word' id='word_1_322' title='bbox 715 2375 823 2431; x_wconf 79' lang='lat' dir='ltr'>tanum</span> <span class='ocrx_word' id='word_1_323' title='bbox 845 2390 918 2445; x_wconf 82' lang='lat' dir='ltr'>opus</span> <span class='ocrx_word' id='word_1_324' title='bbox 944 2376 1056 2432; x_wconf 89' lang='lat' dir='ltr'>deside-</span> <span class='ocrx_word' id='word_1_325' title='bbox 1109 2372 1336 2428; x_wconf 86' lang='lat' dir='ltr'>Constituerunt</span> <span class='ocrx_word' id='word_1_326' title='bbox 1349 2377 1376 2426; x_wconf 89' lang='lat' dir='ltr'>te</span> <span class='ocrx_word' id='word_1_327' title='bbox 1384 2371 1554 2441; x_wconf 76' lang='lat' dir='ltr'>principem</span> <span class='ocrx_word' id='word_1_328' title='bbox 1568 2383 1581 2442; x_wconf 89' lang='lat'><em>;</em></span> <span class='ocrx_word' id='word_1_329' title='bbox 1595 2372 1659 2426; x_wconf 86' lang='lat' dir='ltr'>neti</span> <span class='ocrx_word' id='word_1_330' title='bbox 1676 2372 1801 2436; x_wconf 77' lang='lat' dir='ltr'>eatotti,</span> <span class='ocrx_word' id='word_1_331' title='bbox 1824 2379 1877 2428; x_wconf 82' lang='lat' dir='ltr'>este</span> <span class='ocrx_word' id='word_1_332' title='bbox 1898 2373 1919 2424; x_wconf 83' lang='lat' dir='ltr'>ia</span> 
     </span>
     <span class='ocr_line' id='line_1_26' title="bbox 224 2461 1920 2537; baseline 0.004 -29"><span class='ocrx_word' id='word_1_333' title='bbox 224 2463 284 2514; x_wconf 82' lang='lat' dir='ltr'>rat.</span> <span class='ocrx_word' id='word_1_334' title='bbox 303 2481 317 2508; x_wconf 86' lang='lat'>»</span> <span class='ocrx_word' id='word_1_335' title='bbox 334 2461 416 2517; x_wconf 72' lang='lat' dir='ltr'>Unde</span> <span class='ocrx_word' id='word_1_336' title='bbox 431 2468 457 2518; x_wconf 77' lang='lat' dir='ltr'>ee</span> <span class='ocrx_word' id='word_1_337' title='bbox 468 2469 510 2532; x_wconf 73' lang='lat' dir='ltr'>eu,</span> <span class='ocrx_word' id='word_1_338' title='bbox 526 2465 553 2518; x_wconf 69' lang='lat' dir='ltr'>st</span> <span class='ocrx_word' id='word_1_339' title='bbox 567 2481 634 2520; x_wconf 72' lang='lat' dir='ltr'>cum</span> <span class='ocrx_word' id='word_1_340' title='bbox 650 2471 703 2521; x_wconf 73' lang='lat' dir='ltr'>tua</span> <span class='ocrx_word' id='word_1_341' title='bbox 720 2468 818 2523; x_wconf 71' lang='lat' dir='ltr'>sature</span> <span class='ocrx_word' id='word_1_342' title='bbox 846 2467 915 2523; x_wconf 72' lang='lat' dir='ltr'>aliu</span> <span class='ocrx_word' id='word_1_343' title='bbox 938 2469 1054 2537; x_wconf 78' lang='lat' dir='ltr'>appetis</span> <span class='ocrx_word' id='word_1_344' title='bbox 1108 2464 1170 2518; x_wconf 81' lang='lat' dir='ltr'>iltis</span> <span class='ocrx_word' id='word_1_345' title='bbox 1185 2463 1273 2532; x_wconf 85' lang='lat' dir='ltr'>quasi</span> <span class='ocrx_word' id='word_1_346' title='bbox 1287 2476 1364 2516; x_wconf 91' lang='lat' dir='ltr'>unus</span> <span class='ocrx_word' id='word_1_347' title='bbox 1380 2476 1418 2517; x_wconf 78' lang='lat' dir='ltr'>ea</span> <span class='ocrx_word' id='word_1_348' title='bbox 1433 2461 1612 2528; x_wconf 77' lang='lat' dir='ltr'>itttrtEeeti.</span> <span class='ocrx_word' id='word_1_349' title='bbox 1628 2477 1721 2528; x_wconf 84' lang='lat' dir='ltr'>xxxx,</span> <span class='ocrx_word' id='word_1_350' title='bbox 1741 2463 1782 2533; x_wconf 85' lang='lat' dir='ltr'>l),</span> <span class='ocrx_word' id='word_1_351' title='bbox 1809 2477 1865 2517; x_wconf 91' lang='lat' dir='ltr'>non</span> <span class='ocrx_word' id='word_1_352' title='bbox 1883 2462 1920 2516; x_wconf 82' lang='lat' dir='ltr'>do</span> 
     </span>
     <span class='ocr_line' id='line_1_27' title="bbox 220 2548 1918 2624; baseline 0.008 -22"><span class='ocrx_word' id='word_1_353' title='bbox 220 2548 362 2618; x_wconf 84' lang='lat' dir='ltr'>prodesse</span> <span class='ocrx_word' id='word_1_354' title='bbox 375 2551 542 2624; x_wconf 82' lang='lat' dir='ltr'>bonumque</span> <span class='ocrx_word' id='word_1_355' title='bbox 555 2569 629 2624; x_wconf 87' lang='lat' dir='ltr'>opus</span> <span class='ocrx_word' id='word_1_356' title='bbox 651 2556 682 2610; x_wconf 86' lang='lat' dir='ltr'>in</span> <span class='ocrx_word' id='word_1_357' title='bbox 709 2557 792 2612; x_wconf 89' lang='lat' dir='ltr'>omni</span> <span class='ocrx_word' id='word_1_358' title='bbox 815 2557 878 2612; x_wconf 87' lang='lat' dir='ltr'>loco</span> <span class='ocrx_word' id='word_1_359' title='bbox 904 2557 1053 2614; x_wconf 84' lang='lat' dir='ltr'>desideras</span> <span class='ocrx_word' id='word_1_360' title='bbox 1107 2551 1216 2606; x_wconf 87' lang='lat' dir='ltr'>minari</span> <span class='ocrx_word' id='word_1_361' title='bbox 1232 2549 1387 2622; x_wconf 73' lang='lat' dir='ltr'>querebat</span> <span class='ocrx_word' id='word_1_362' title='bbox 1416 2550 1446 2605; x_wconf 85' lang='lat' dir='ltr'>iu</span> <span class='ocrx_word' id='word_1_363' title='bbox 1476 2548 1565 2616; x_wconf 67' lang='lat' dir='ltr'>clero.</span> <span class='ocrx_word' id='word_1_364' title='bbox 1593 2550 1645 2606; x_wconf 69' lang='lat' dir='ltr'>Sed</span> <span class='ocrx_word' id='word_1_365' title='bbox 1673 2550 1762 2621; x_wconf 68' lang='lat' dir='ltr'>gregi</span> <span class='ocrx_word' id='word_1_366' title='bbox 1791 2551 1918 2608; x_wconf 60' lang='lat' dir='ltr'>domiui&amp;</span> 
     </span>
     <span class='ocr_line' id='line_1_28' title="bbox 224 2637 1917 2716; baseline 0 -21"><span class='ocrx_word' id='word_1_367' title='bbox 224 2637 522 2706; x_wconf 64' lang='lat' dir='ltr'>cressementum</span> <span class='ocrx_word' id='word_1_368' title='bbox 541 2648 569 2699; x_wconf 86' lang='lat' dir='ltr'>et</span> <span class='ocrx_word' id='word_1_369' title='bbox 595 2645 765 2701; x_wconf 73' lang='lat' dir='ltr'>numilitate</span> <span class='ocrx_word' id='word_1_370' title='bbox 791 2645 832 2701; x_wconf 78' lang='lat' dir='ltr'>ad</span> <span class='ocrx_word' id='word_1_371' title='bbox 858 2647 1054 2716; x_wconf 72' lang='lat' dir='ltr'>episcopatem</span> <span class='ocrx_word' id='word_1_372' title='bbox 1107 2639 1205 2695; x_wconf 86' lang='lat' dir='ltr'>forma</span> <span class='ocrx_word' id='word_1_373' title='bbox 1217 2654 1281 2694; x_wconf 89' lang='lat' dir='ltr'>esse</span> <span class='ocrx_word' id='word_1_374' title='bbox 1298 2637 1413 2694; x_wconf 85' lang='lat' dir='ltr'>studuit</span> <span class='ocrx_word' id='word_1_375' title='bbox 1425 2641 1626 2694; x_wconf 90' lang='lat' dir='ltr'>maneetsero</span> <span class='ocrx_word' id='word_1_376' title='bbox 1638 2656 1644 2693; x_wconf 94' lang='lat'>:</span> <span class='ocrx_word' id='word_1_377' title='bbox 1657 2639 1825 2711; x_wconf 87' lang='lat' dir='ltr'>prudenter</span> <span class='ocrx_word' id='word_1_378' title='bbox 1836 2640 1917 2695; x_wconf 88' lang='lat' dir='ltr'>adver·</span> 
     </span>
     <span class='ocr_line' id='line_1_29' title="bbox 224 2726 1918 2804; baseline -0.001 -21"><span class='ocrx_word' id='word_1_379' title='bbox 224 2727 359 2784; x_wconf 86' lang='lat' dir='ltr'>ordinem</span> <span class='ocrx_word' id='word_1_380' title='bbox 376 2735 508 2800; x_wconf 89' lang='lat' dir='ltr'>uocatus,</span> <span class='ocrx_word' id='word_1_381' title='bbox 526 2746 564 2787; x_wconf 85' lang='lat' dir='ltr'>ne</span> <span class='ocrx_word' id='word_1_382' title='bbox 582 2734 698 2789; x_wconf 76' lang='lat' dir='ltr'>alnetus</span> <span class='ocrx_word' id='word_1_383' title='bbox 728 2735 867 2791; x_wconf 87' lang='lat' dir='ltr'>accedere</span> <span class='ocrx_word' id='word_1_384' title='bbox 880 2751 892 2804; x_wconf 94' lang='lat'>,·</span> <span class='ocrx_word' id='word_1_385' title='bbox 918 2735 1054 2804; x_wconf 83' lang='lat' dir='ltr'>alioquin</span> <span class='ocrx_word' id='word_1_386' title='bbox 1107 2726 1521 2802; x_wconf 89' lang='lat' dir='ltr'>tens,immoprudentiusa</span> <span class='ocrx_word' id='word_1_387' title='bbox 1546 2744 1576 2783; x_wconf 88' lang='lat' dir='ltr'>se</span> <span class='ocrx_word' id='word_1_388' title='bbox 1600 2733 1754 2798; x_wconf 88' lang='lat' dir='ltr'>avertens,</span> <span class='ocrx_word' id='word_1_389' title='bbox 1783 2729 1852 2785; x_wconf 92' lang='lat' dir='ltr'>illud</span> <span class='ocrx_word' id='word_1_390' title='bbox 1875 2729 1918 2783; x_wconf 83' lang='lat' dir='ltr'>ele</span> 
     </span>
     <span class='ocr_line' id='line_1_30' title="bbox 224 2813 1917 2891; baseline 0.002 -22"><span class='ocrx_word' id='word_1_391' title='bbox 224 2813 355 2871; x_wconf 84' lang='lat' dir='ltr'>incidere</span> <span class='ocrx_word' id='word_1_392' title='bbox 368 2817 478 2872; x_wconf 79' lang='lat' dir='ltr'>uideris</span> <span class='ocrx_word' id='word_1_393' title='bbox 493 2819 525 2873; x_wconf 85' lang='lat' dir='ltr'>in</span> <span class='ocrx_word' id='word_1_394' title='bbox 540 2820 621 2874; x_wconf 87' lang='lat' dir='ltr'>ittud</span> <span class='ocrx_word' id='word_1_395' title='bbox 634 2821 715 2890; x_wconf 83' lang='lat' dir='ltr'>quod</span> <span class='ocrx_word' id='word_1_396' title='bbox 732 2822 831 2876; x_wconf 87' lang='lat' dir='ltr'>Dauid</span> <span class='ocrx_word' id='word_1_397' title='bbox 846 2822 918 2877; x_wconf 86' lang='lat' dir='ltr'>dicit</span> <span class='ocrx_word' id='word_1_398' title='bbox 928 2839 940 2878; x_wconf 94' lang='lat'>.·</span> <span class='ocrx_word' id='word_1_399' title='bbox 969 2843 982 2874; x_wconf 76' lang='grc' dir='ltr'>ι</span> <span class='ocrx_word' id='word_1_400' title='bbox 998 2823 1056 2888; x_wconf 83' lang='lat' dir='ltr'>(lui</span> <span class='ocrx_word' id='word_1_401' title='bbox 1107 2818 1224 2891; x_wconf 91' lang='lat' dir='ltr'>quium,</span> <span class='ocrx_word' id='word_1_402' title='bbox 1235 2817 1318 2890; x_wconf 92' lang='lat' dir='ltr'>quod</span> <span class='ocrx_word' id='word_1_403' title='bbox 1333 2832 1386 2890; x_wconf 91' lang='lat' dir='ltr'>per</span> <span class='ocrx_word' id='word_1_404' title='bbox 1396 2817 1577 2874; x_wconf 87' lang='lat' dir='ltr'>Ezechielem</span> <span class='ocrx_word' id='word_1_405' title='bbox 1591 2819 1777 2891; x_wconf 88' lang='lat' dir='ltr'>prophetam</span> <span class='ocrx_word' id='word_1_406' title='bbox 1791 2819 1917 2875; x_wconf 82' lang='lat' dir='ltr'>invehitur</span> 
     </span>
     <span class='ocr_line' id='line_1_31' title="bbox 223 2903 1917 2981; baseline 0.005 -25"><span class='ocrx_word' id='word_1_407' title='bbox 223 2903 321 2957; x_wconf 82' lang='lat' dir='ltr'>notuit</span> <span class='ocrx_word' id='word_1_408' title='bbox 348 2903 591 2975; x_wconf 79' lang='lat' dir='ltr'>benedictionem,</span> <span class='ocrx_word' id='word_1_409' title='bbox 618 2908 809 2978; x_wconf 76' lang='lat' dir='ltr'>elongabitur</span> <span class='ocrx_word' id='word_1_410' title='bbox 836 2910 873 2965; x_wconf 82' lang='lat' dir='ltr'>nb</span> <span class='ocrx_word' id='word_1_411' title='bbox 898 2926 930 2967; x_wconf 89' lang='lat' dir='ltr'>eo</span> <span class='ocrx_word' id='word_1_412' title='bbox 958 2911 1051 2981; x_wconf 78' lang='lat' dir='ltr'>(Psct.</span> <span class='ocrx_word' id='word_1_413' title='bbox 1107 2911 1212 2964; x_wconf 85' lang='lat' dir='ltr'>contra</span> <span class='ocrx_word' id='word_1_414' title='bbox 1225 2906 1322 2962; x_wconf 88' lang='lat' dir='ltr'>malos</span> <span class='ocrx_word' id='word_1_415' title='bbox 1333 2911 1479 2979; x_wconf 87' lang='lat' dir='ltr'>pastores,</span> <span class='ocrx_word' id='word_1_416' title='bbox 1492 2907 1619 2963; x_wconf 87' lang='lat' dir='ltr'>Domino</span> <span class='ocrx_word' id='word_1_417' title='bbox 1641 2907 1784 2964; x_wconf 89' lang='lat' dir='ltr'>dicente:</span> <span class='ocrx_word' id='word_1_418' title='bbox 1812 2910 1855 2964; x_wconf 81' lang='lat' dir='ltr'>Va</span> <span class='ocrx_word' id='word_1_419' title='bbox 1876 2923 1917 2978; x_wconf 85' lang='lat' dir='ltr'>po·</span> 
     </span>
     <span class='ocr_line' id='line_1_32' title="bbox 223 2991 1915 3097; baseline 0.005 -53"><span class='ocrx_word' id='word_1_420' title='bbox 223 3005 298 3059; x_wconf 81' lang='lat' dir='ltr'>cvra,</span> <span class='ocrx_word' id='word_1_421' title='bbox 316 2991 369 3061; x_wconf 80' lang='lat'>18).</span> <span class='ocrx_word' id='word_1_422' title='bbox 385 3013 399 3040; x_wconf 89' lang='lat'>»</span> <span class='ocrx_word' id='word_1_423' title='bbox 417 2992 501 3060; x_wconf 84' lang='lat' dir='ltr'>Quod</span> <span class='ocrx_word' id='word_1_424' title='bbox 512 3009 618 3052; x_wconf 86' lang='lat' dir='ltr'>cavens</span> <span class='ocrx_word' id='word_1_425' title='bbox 639 2997 824 3065; x_wconf 78' lang='lat' dir='ltr'>onznimodis,</span> <span class='ocrx_word' id='word_1_426' title='bbox 852 3014 961 3056; x_wconf 83' lang='lat' dir='ltr'>conare</span> <span class='ocrx_word' id='word_1_427' title='bbox 987 3016 1054 3057; x_wconf 88' lang='lat' dir='ltr'>eon·</span> <span class='ocrx_word' id='word_1_428' title='bbox 1072 2997 1245 3097; x_wconf 78' lang='lat' dir='ltr'>Cstartias,</span> <span class='ocrx_word' id='word_1_429' title='bbox 1257 2997 1311 3068; x_wconf 82' lang='lat' dir='ltr'>qui</span> <span class='ocrx_word' id='word_1_430' title='bbox 1316 2995 1483 3066; x_wconf 80' lang='lat' dir='ltr'>pascebant</span> <span class='ocrx_word' id='word_1_431' title='bbox 1501 2998 1680 3067; x_wconf 76' lang='lat' dir='ltr'>senetipsos,</span> <span class='ocrx_word' id='word_1_432' title='bbox 1704 3005 1734 3054; x_wconf 83' lang='lat' dir='ltr'>et</span> <span class='ocrx_word' id='word_1_433' title='bbox 1761 3014 1819 3054; x_wconf 91' lang='lat' dir='ltr'>non</span> <span class='ocrx_word' id='word_1_434' title='bbox 1832 3013 1915 3069; x_wconf 72' lang='lat' dir='ltr'>greges</span> 
     </span>
     <span class='ocr_line' id='line_1_33' title="bbox 223 3081 1480 3158; baseline 0.005 -24"><span class='ocrx_word' id='word_1_435' title='bbox 223 3081 380 3135; x_wconf 86' lang='lat' dir='ltr'>numerari</span> <span class='ocrx_word' id='word_1_436' title='bbox 393 3096 460 3136; x_wconf 89' lang='lat' dir='ltr'>eum</span> <span class='ocrx_word' id='word_1_437' title='bbox 471 3083 543 3151; x_wconf 85' lang='lat' dir='ltr'>iltis,</span> <span class='ocrx_word' id='word_1_438' title='bbox 560 3085 597 3141; x_wconf 85' lang='lat' dir='ltr'>de</span> <span class='ocrx_word' id='word_1_439' title='bbox 608 3085 715 3156; x_wconf 79' lang='lat' dir='ltr'>quitus</span> <span class='ocrx_word' id='word_1_440' title='bbox 726 3089 871 3157; x_wconf 79' lang='lat' dir='ltr'>seriptum</span> <span class='ocrx_word' id='word_1_441' title='bbox 885 3095 926 3146; x_wconf 90' lang='lat' dir='ltr'>est</span> <span class='ocrx_word' id='word_1_442' title='bbox 941 3106 977 3145; x_wconf 62' lang='lat' dir='ltr'>:a</span> <span class='ocrx_word' id='word_1_443' title='bbox 997 3090 1054 3158; x_wconf 85' lang='lat' dir='ltr'>Qui</span> <span class='ocrx_word' id='word_1_444' title='bbox 1107 3101 1184 3142; x_wconf 90' lang='lat' dir='ltr'>meus</span> <span class='ocrx_word' id='word_1_445' title='bbox 1194 3085 1311 3156; x_wconf 72' lang='lat' dir='ltr'>(lineet.</span> <span class='ocrx_word' id='word_1_446' title='bbox 1327 3101 1427 3152; x_wconf 82' lang='lat' dir='ltr'>xxxiv,</span> <span class='ocrx_word' id='word_1_447' title='bbox 1443 3085 1480 3157; x_wconf 80' lang='grc'>2).</span> 
     </span>
    </p>

    <p class='ocr_par' dir='ltr' id='par_1_3' title="bbox 220 3170 1915 3697">
     <span class='ocr_line' id='line_1_34' title="bbox 222 3170 1915 3248; baseline 0.003 -24"><span class='ocrx_word' id='word_1_448' title='bbox 222 3172 322 3224; x_wconf 86' lang='lat' dir='ltr'>autem</span> <span class='ocrx_word' id='word_1_449' title='bbox 334 3170 415 3225; x_wconf 87' lang='lat' dir='ltr'>docti</span> <span class='ocrx_word' id='word_1_450' title='bbox 427 3172 554 3243; x_wconf 76' lang='lat' dir='ltr'>suerint,</span> <span class='ocrx_word' id='word_1_451' title='bbox 569 3175 732 3245; x_wconf 73' lang='lat' dir='ltr'>fulgebunt</span> <span class='ocrx_word' id='word_1_452' title='bbox 749 3178 837 3248; x_wconf 86' lang='lat' dir='ltr'>quasi</span> <span class='ocrx_word' id='word_1_453' title='bbox 849 3179 992 3248; x_wconf 84' lang='lat' dir='ltr'>splendor</span> <span class='ocrx_word' id='word_1_454' title='bbox 1003 3181 1053 3248; x_wconf 75' lang='lat' dir='ltr'>fir-</span> <span class='ocrx_word' id='word_1_455' title='bbox 1144 3173 1226 3230; x_wconf 90' lang='lat' dir='ltr'>Unde</span> <span class='ocrx_word' id='word_1_456' title='bbox 1236 3173 1300 3247; x_wconf 89' lang='lat' dir='ltr'>ipse</span> <span class='ocrx_word' id='word_1_457' title='bbox 1313 3176 1393 3229; x_wconf 90' lang='lat' dir='ltr'>totus</span> <span class='ocrx_word' id='word_1_458' title='bbox 1407 3173 1438 3228; x_wconf 91' lang='lat' dir='ltr'>in</span> <span class='ocrx_word' id='word_1_459' title='bbox 1452 3172 1556 3230; x_wconf 89' lang='lat' dir='ltr'>divina</span> <span class='ocrx_word' id='word_1_460' title='bbox 1569 3173 1635 3244; x_wconf 91' lang='lat' dir='ltr'>lege</span> <span class='ocrx_word' id='word_1_461' title='bbox 1645 3173 1772 3232; x_wconf 82' lang='lat' dir='ltr'>daronis</span> <span class='ocrx_word' id='word_1_462' title='bbox 1786 3177 1855 3233; x_wconf 86' lang='lat' dir='ltr'>iuter</span> <span class='ocrx_word' id='word_1_463' title='bbox 1877 3191 1915 3230; x_wconf 88' lang='lat' dir='ltr'>ee·</span> 
     </span>
     <span class='ocr_line' id='line_1_35' title="bbox 221 3259 1915 3338; baseline 0.004 -26"><span class='ocrx_word' id='word_1_464' title='bbox 221 3259 373 3326; x_wconf 88' lang='lat' dir='ltr'>momenti,</span> <span class='ocrx_word' id='word_1_465' title='bbox 395 3264 422 3316; x_wconf 89' lang='lat' dir='ltr'>et</span> <span class='ocrx_word' id='word_1_466' title='bbox 445 3263 498 3332; x_wconf 83' lang='lat' dir='ltr'>qui</span> <span class='ocrx_word' id='word_1_467' title='bbox 521 3262 561 3318; x_wconf 90' lang='lat' dir='ltr'>ad</span> <span class='ocrx_word' id='word_1_468' title='bbox 584 3264 741 3332; x_wconf 72' lang='lat' dir='ltr'>justiciam</span> <span class='ocrx_word' id='word_1_469' title='bbox 767 3266 910 3322; x_wconf 85' lang='lat' dir='ltr'>erudiunt</span> <span class='ocrx_word' id='word_1_470' title='bbox 932 3269 1050 3336; x_wconf 86' lang='lat' dir='ltr'>multos,</span> <span class='ocrx_word' id='word_1_471' title='bbox 1107 3267 1169 3318; x_wconf 89' lang='lat' dir='ltr'>tera</span> <span class='ocrx_word' id='word_1_472' title='bbox 1184 3261 1340 3336; x_wconf 88' lang='lat' dir='ltr'>pastoralis</span> <span class='ocrx_word' id='word_1_473' title='bbox 1356 3278 1435 3318; x_wconf 82' lang='lat' dir='ltr'>curre</span> <span class='ocrx_word' id='word_1_474' title='bbox 1448 3261 1614 3319; x_wconf 91' lang='lat' dir='ltr'>ministeria</span> <span class='ocrx_word' id='word_1_475' title='bbox 1629 3281 1774 3334; x_wconf 89' lang='lat' dir='ltr'>sermone,</span> <span class='ocrx_word' id='word_1_476' title='bbox 1787 3263 1915 3338; x_wconf 87' lang='lat' dir='ltr'>quemad</span> 
     </span>
     <span class='ocr_line' id='line_1_36' title="bbox 220 3349 1914 3430; baseline 0.004 -28"><span class='ocrx_word' id='word_1_477' title='bbox 220 3349 309 3420; x_wconf 84' lang='lat' dir='ltr'>quasi</span> <span class='ocrx_word' id='word_1_478' title='bbox 320 3349 415 3406; x_wconf 79' lang='lat' dir='ltr'>stelle</span> <span class='ocrx_word' id='word_1_479' title='bbox 429 3351 460 3406; x_wconf 88' lang='lat' dir='ltr'>in</span> <span class='ocrx_word' id='word_1_480' title='bbox 473 3358 634 3422; x_wconf 80' lang='lat' dir='ltr'>perpetuas</span> <span class='ocrx_word' id='word_1_481' title='bbox 648 3356 828 3412; x_wconf 75' lang='lat' dir='ltr'>eternitates</span> <span class='ocrx_word' id='word_1_482' title='bbox 841 3359 931 3424; x_wconf 78' lang='lat' dir='ltr'>(Dan.</span> <span class='ocrx_word' id='word_1_483' title='bbox 948 3375 997 3426; x_wconf 87' lang='lat' dir='ltr'>xu,</span> <span class='ocrx_word' id='word_1_484' title='bbox 1014 3359 1051 3430; x_wconf 83' lang='grc'>3).</span> <span class='ocrx_word' id='word_1_485' title='bbox 1106 3352 1254 3426; x_wconf 91' lang='lat' dir='ltr'>populum</span> <span class='ocrx_word' id='word_1_486' title='bbox 1264 3352 1514 3409; x_wconf 80' lang='lat' dir='ltr'>intermissurum</span> <span class='ocrx_word' id='word_1_487' title='bbox 1530 3351 1677 3410; x_wconf 89' lang='lat' dir='ltr'>solemnia</span> <span class='ocrx_word' id='word_1_488' title='bbox 1694 3353 1759 3411; x_wconf 82' lang='lat' dir='ltr'>tecit</span> <span class='ocrx_word' id='word_1_489' title='bbox 1776 3371 1811 3410; x_wconf 85' lang='lat' dir='ltr'>ex</span> <span class='ocrx_word' id='word_1_490' title='bbox 1832 3367 1914 3422; x_wconf 87' lang='lat' dir='ltr'>more,</span> 
     </span>
     <span class='ocr_line' id='line_1_37' title="bbox 220 3437 1912 3517; baseline 0.003 -25"><span class='ocrx_word' id='word_1_491' title='bbox 220 3437 322 3506; x_wconf 85' lang='lat' dir='ltr'>Hujus</span> <span class='ocrx_word' id='word_1_492' title='bbox 336 3441 423 3509; x_wconf 83' lang='lat' dir='ltr'>atqui</span> <span class='ocrx_word' id='word_1_493' title='bbox 436 3443 608 3497; x_wconf 75' lang='lat' dir='ltr'>enarratione</span> <span class='ocrx_word' id='word_1_494' title='bbox 623 3443 719 3512; x_wconf 80' lang='lat' dir='ltr'>officii</span> <span class='ocrx_word' id='word_1_495' title='bbox 733 3447 889 3512; x_wconf 79' lang='lat' dir='ltr'>pervenies</span> <span class='ocrx_word' id='word_1_496' title='bbox 917 3445 958 3501; x_wconf 88' lang='lat' dir='ltr'>od</span> <span class='ocrx_word' id='word_1_497' title='bbox 986 3448 1051 3517; x_wconf 80' lang='lat' dir='ltr'>nee,</span> <span class='ocrx_word' id='word_1_498' title='bbox 1106 3443 1265 3498; x_wconf 91' lang='lat' dir='ltr'>intantum</span> <span class='ocrx_word' id='word_1_499' title='bbox 1275 3440 1416 3498; x_wconf 89' lang='lat' dir='ltr'>ecclesias</span> <span class='ocrx_word' id='word_1_500' title='bbox 1428 3442 1548 3516; x_wconf 90' lang='lat' dir='ltr'>plebem</span> <span class='ocrx_word' id='word_1_501' title='bbox 1560 3444 1712 3500; x_wconf 83' lang='lat' dir='ltr'>assuefecit</span> <span class='ocrx_word' id='word_1_502' title='bbox 1727 3443 1912 3515; x_wconf 77' lang='lat' dir='ltr'>frequentare,</span> 
     </span>
     <span class='ocr_line' id='line_1_38' title="bbox 220 3525 1909 3605; baseline 0.004 -26"><span class='ocrx_word' id='word_1_503' title='bbox 220 3530 255 3578; x_wconf 90' lang='lat' dir='ltr'>ut</span> <span class='ocrx_word' id='word_1_504' title='bbox 267 3525 298 3580; x_wconf 88' lang='lat' dir='ltr'>in</span> <span class='ocrx_word' id='word_1_505' title='bbox 313 3526 509 3583; x_wconf 79' lang='lat' dir='ltr'>retributione</span> <span class='ocrx_word' id='word_1_506' title='bbox 518 3531 683 3598; x_wconf 81' lang='lat' dir='ltr'>justornm,</span> <span class='ocrx_word' id='word_1_507' title='bbox 708 3533 764 3588; x_wconf 82' lang='lat' dir='ltr'>titi</span> <span class='ocrx_word' id='word_1_508' title='bbox 780 3533 862 3590; x_wconf 80' lang='lat' dir='ltr'>dieat</span> <span class='ocrx_word' id='word_1_509' title='bbox 882 3534 1053 3592; x_wconf 83' lang='lat' dir='ltr'>dominator</span> <span class='ocrx_word' id='word_1_510' title='bbox 1105 3538 1139 3588; x_wconf 93' lang='lat' dir='ltr'>ut</span> <span class='ocrx_word' id='word_1_511' title='bbox 1151 3547 1205 3605; x_wconf 89' lang='lat' dir='ltr'>per</span> <span class='ocrx_word' id='word_1_512' title='bbox 1220 3532 1284 3588; x_wconf 90' lang='lat' dir='ltr'>dies</span> <span class='ocrx_word' id='word_1_513' title='bbox 1296 3531 1446 3590; x_wconf 90' lang='lat' dir='ltr'>solemnes</span> <span class='ocrx_word' id='word_1_514' title='bbox 1455 3532 1502 3588; x_wconf 87' lang='lat' dir='ltr'>vix</span> <span class='ocrx_word' id='word_1_515' title='bbox 1535 3533 1647 3591; x_wconf 90' lang='lat' dir='ltr'>domini</span> <span class='ocrx_word' id='word_1_516' title='bbox 1669 3547 1810 3588; x_wconf 86' lang='lat' dir='ltr'>remanere</span> <span class='ocrx_word' id='word_1_517' title='bbox 1836 3531 1909 3586; x_wconf 76' lang='lat' dir='ltr'>vide</span> 
     </span>
     <span class='ocr_line' id='line_1_39' title="bbox 221 3611 1905 3697; baseline 0.007 -33"><span class='ocrx_word' id='word_1_518' title='bbox 221 3611 375 3668; x_wconf 85' lang='lat' dir='ltr'>omnium:</span> <span class='ocrx_word' id='word_1_519' title='bbox 401 3635 414 3662; x_wconf 77' lang='lat' dir='ltr'>a</span> <span class='ocrx_word' id='word_1_520' title='bbox 428 3615 523 3684; x_wconf 77' lang='lat' dir='ltr'>Euge,</span> <span class='ocrx_word' id='word_1_521' title='bbox 550 3631 633 3672; x_wconf 86' lang='lat' dir='ltr'>serve</span> <span class='ocrx_word' id='word_1_522' title='bbox 658 3619 731 3674; x_wconf 85' lang='lat' dir='ltr'>bane</span> <span class='ocrx_word' id='word_1_523' title='bbox 755 3627 783 3675; x_wconf 90' lang='lat' dir='ltr'>et</span> <span class='ocrx_word' id='word_1_524' title='bbox 803 3621 911 3690; x_wconf 72' lang='lat' dir='ltr'>fidelis,</span> <span class='ocrx_word' id='word_1_525' title='bbox 927 3623 997 3694; x_wconf 86' lang='lat' dir='ltr'>quia</span> <span class='ocrx_word' id='word_1_526' title='bbox 1019 3626 1051 3680; x_wconf 88' lang='lat' dir='ltr'>in</span> <span class='ocrx_word' id='word_1_527' title='bbox 1105 3627 1209 3678; x_wconf 89' lang='lat' dir='ltr'>rentur</span> <span class='ocrx_word' id='word_1_528' title='bbox 1221 3622 1264 3678; x_wconf 88' lang='lat' dir='ltr'>rei</span> <span class='ocrx_word' id='word_1_529' title='bbox 1277 3622 1431 3680; x_wconf 83' lang='lat' dir='ltr'>familiaris</span> <span class='ocrx_word' id='word_1_530' title='bbox 1443 3623 1594 3682; x_wconf 90' lang='lat' dir='ltr'>custodes.</span> <span class='ocrx_word' id='word_1_531' title='bbox 1605 3624 1648 3681; x_wconf 74' lang='lat' dir='ltr'>hd</span> <span class='ocrx_word' id='word_1_532' title='bbox 1656 3621 1814 3697; x_wconf 87' lang='lat' dir='ltr'>predulcem</span> <span class='ocrx_word' id='word_1_533' title='bbox 1831 3619 1905 3676; x_wconf 89' lang='lat' dir='ltr'>euim</span> 
     </span>
    </p>

    <p class='ocr_par' dir='ltr' id='par_1_4' title="bbox 136 3701 1913 3876">
     <span class='ocr_line' id='line_1_40' title="bbox 136 3701 1910 3784; baseline 0.006 -31"><span class='ocrx_word' id='word_1_534' title='bbox 136 3764 138 3768; x_wconf 23' lang='lat'>¹</span> <span class='ocrx_word' id='word_1_535' title='bbox 216 3701 421 3770; x_wconf 82' lang='lat' dir='ltr'>paueasuisti</span> <span class='ocrx_word' id='word_1_536' title='bbox 432 3703 542 3770; x_wconf 81' lang='lat' dir='ltr'>fidelis,</span> <span class='ocrx_word' id='word_1_537' title='bbox 559 3719 649 3773; x_wconf 85' lang='lat' dir='ltr'>super</span> <span class='ocrx_word' id='word_1_538' title='bbox 675 3708 772 3763; x_wconf 72' lang='lat' dir='ltr'>nauita</span> <span class='ocrx_word' id='word_1_539' title='bbox 796 3715 824 3764; x_wconf 89' lang='lat' dir='ltr'>te</span> <span class='ocrx_word' id='word_1_540' title='bbox 850 3711 1027 3768; x_wconf 83' lang='lat' dir='ltr'>constituam</span> <span class='ocrx_word' id='word_1_541' title='bbox 1040 3728 1053 3784; x_wconf 91' lang='lat'>,·</span> <span class='ocrx_word' id='word_1_542' title='bbox 1106 3711 1180 3769; x_wconf 89' lang='lat' dir='ltr'>tanti</span> <span class='ocrx_word' id='word_1_543' title='bbox 1220 3711 1369 3784; x_wconf 90' lang='lat' dir='ltr'>pontificis</span> <span class='ocrx_word' id='word_1_544' title='bbox 1407 3714 1645 3771; x_wconf 85' lang='lat' dir='ltr'>exhortationem</span> <span class='ocrx_word' id='word_1_545' title='bbox 1683 3713 1804 3770; x_wconf 88' lang='lat' dir='ltr'>certatim</span> <span class='ocrx_word' id='word_1_546' title='bbox 1830 3725 1910 3766; x_wconf 84' lang='lat' dir='ltr'>sexus</span> 
     </span>
     <span class='ocr_line' id='line_1_41' title="bbox 222 3787 1913 3876; baseline 0.008 -35"><span class='ocrx_word' id='word_1_547' title='bbox 222 3787 303 3844; x_wconf 87' lang='lat' dir='ltr'>intra</span> <span class='ocrx_word' id='word_1_548' title='bbox 319 3788 349 3844; x_wconf 90' lang='lat' dir='ltr'>in</span> <span class='ocrx_word' id='word_1_549' title='bbox 363 3790 509 3860; x_wconf 74' lang='lat' dir='ltr'>gaudium</span> <span class='ocrx_word' id='word_1_550' title='bbox 524 3793 647 3849; x_wconf 85' lang='lat' dir='ltr'>Domini</span> <span class='ocrx_word' id='word_1_551' title='bbox 660 3796 706 3850; x_wconf 89' lang='lat' dir='ltr'>tui</span> <span class='ocrx_word' id='word_1_552' title='bbox 719 3796 838 3868; x_wconf 77' lang='lat' dir='ltr'>(Marte.</span> <span class='ocrx_word' id='word_1_553' title='bbox 850 3815 918 3867; x_wconf 88' lang='lat' dir='ltr'>xxv,</span> <span class='ocrx_word' id='word_1_554' title='bbox 928 3801 983 3873; x_wconf 78' lang='lat'><strong>23).</strong></span> <span class='ocrx_word' id='word_1_555' title='bbox 999 3804 1051 3858; x_wconf 85' lang='lat' dir='ltr'>&#39;la-</span> <span class='ocrx_word' id='word_1_556' title='bbox 1106 3800 1262 3874; x_wconf 90' lang='lat' dir='ltr'>utriusque</span> <span class='ocrx_word' id='word_1_557' title='bbox 1277 3801 1366 3856; x_wconf 89' lang='lat' dir='ltr'>turba</span> <span class='ocrx_word' id='word_1_558' title='bbox 1390 3801 1543 3870; x_wconf 85' lang='lat' dir='ltr'>confluxit,</span> <span class='ocrx_word' id='word_1_559' title='bbox 1570 3819 1665 3876; x_wconf 93' lang='lat' dir='ltr'>quam</span> <span class='ocrx_word' id='word_1_560' title='bbox 1679 3802 1745 3859; x_wconf 89' lang='lat' dir='ltr'>illuc</span> <span class='ocrx_word' id='word_1_561' title='bbox 1767 3799 1913 3871; x_wconf 86' lang='lat' dir='ltr'>lragrantia</span> 
     </span>
    </p>
   </div>
   <div class='ocr_carea' id='block_1_3' title="bbox 220 3873 1913 3966">
    <p class='ocr_par' dir='ltr' id='par_1_5' title="bbox 220 3873 1913 3966">
     <span class='ocr_line' id='line_1_42' title="bbox 220 3873 1913 3966; baseline 0.008 -36"><span class='ocrx_word' id='word_1_562' title='bbox 220 3873 259 3930; x_wconf 88' lang='lat' dir='ltr'>lia</span> <span class='ocrx_word' id='word_1_563' title='bbox 272 3891 394 3949; x_wconf 91' lang='lat' dir='ltr'>quoquc</span> <span class='ocrx_word' id='word_1_564' title='bbox 405 3875 550 3951; x_wconf 64' lang='lat' dir='ltr'>pontifice</span> <span class='ocrx_word' id='word_1_565' title='bbox 566 3881 774 3955; x_wconf 87' lang='lat' dir='ltr'>proloquente,</span> <span class='ocrx_word' id='word_1_566' title='bbox 791 3885 836 3941; x_wconf 93' lang='lat' dir='ltr'>vir</span> <span class='ocrx_word' id='word_1_567' title='bbox 858 3889 1050 3945; x_wconf 89' lang='lat' dir='ltr'>venerandus</span> <span class='ocrx_word' id='word_1_568' title='bbox 1105 3891 1273 3947; x_wconf 86' lang='lat' dir='ltr'>coelestium</span> <span class='ocrx_word' id='word_1_569' title='bbox 1286 3896 1467 3960; x_wconf 90' lang='lat' dir='ltr'>aromatum,</span> <span class='ocrx_word' id='word_1_570' title='bbox 1482 3891 1549 3966; x_wconf 89' lang='lat' dir='ltr'>ipso</span> <span class='ocrx_word' id='word_1_571' title='bbox 1562 3908 1598 3949; x_wconf 89' lang='lat' dir='ltr'>ea</span> <span class='ocrx_word' id='word_1_572' title='bbox 1612 3893 1666 3966; x_wconf 93' lang='lat' dir='ltr'>qui</span> <span class='ocrx_word' id='word_1_573' title='bbox 1685 3892 1767 3948; x_wconf 88' lang='lat' dir='ltr'>dedit</span> <span class='ocrx_word' id='word_1_574' title='bbox 1784 3890 1913 3947; x_wconf 88' lang='lat' dir='ltr'>ventilan-</span> 
     </span>
    </p>
   </div>
   <div class='ocr_carea' id='block_1_4' title="bbox 109 3966 1916 4055">
    <p class='ocr_par' dir='ltr' id='par_1_6' title="bbox 109 3966 1916 4055">
     <span class='ocr_line' id='line_1_43' title="bbox 109 3966 1916 4055; baseline 0.008 -36"><span class='ocrx_word' id='word_1_575' title='bbox 109 4033 111 4036; x_wconf 78' lang='lat'>.</span> <span class='ocrx_word' id='word_1_576' title='bbox 220 3966 396 4038; x_wconf 86' lang='lat' dir='ltr'>permeatis</span> <span class='ocrx_word' id='word_1_577' title='bbox 419 3969 657 4042; x_wconf 89' lang='lat' dir='ltr'>speculationem</span> <span class='ocrx_word' id='word_1_578' title='bbox 684 3973 916 4047; x_wconf 89' lang='lat' dir='ltr'>dispensationis</span> <span class='ocrx_word' id='word_1_579' title='bbox 943 3976 1050 4034; x_wconf 88' lang='lat' dir='ltr'>divinae</span> <span class='ocrx_word' id='word_1_580' title='bbox 1104 3984 1142 4049; x_wconf 88' lang='lat' dir='ltr'>te,</span> <span class='ocrx_word' id='word_1_581' title='bbox 1156 3979 1283 4036; x_wconf 87' lang='lat' dir='ltr'>adduxit</span> <span class='ocrx_word' id='word_1_582' title='bbox 1299 3998 1305 4040; x_wconf 86' lang='lat'>;</span> <span class='ocrx_word' id='word_1_583' title='bbox 1321 3980 1424 4052; x_wconf 88' lang='lat' dir='ltr'>apium</span> <span class='ocrx_word' id='word_1_584' title='bbox 1440 3981 1543 4054; x_wconf 86' lang='lat' dir='ltr'>instar,</span> <span class='ocrx_word' id='word_1_585' title='bbox 1569 3998 1647 4055; x_wconf 91' lang='lat' dir='ltr'>quas</span> <span class='ocrx_word' id='word_1_586' title='bbox 1674 3987 1742 4055; x_wconf 90' lang='lat' dir='ltr'>post</span> <span class='ocrx_word' id='word_1_587' title='bbox 1761 3999 1792 4038; x_wconf 88' lang='lat' dir='ltr'>se</span> <span class='ocrx_word' id='word_1_588' title='bbox 1814 3981 1916 4036; x_wconf 84' lang='lat' dir='ltr'>trabere</span> 
     </span>
    </p>
   </div>
   <div class='ocr_carea' id='block_1_5' title="bbox 218 4053 1920 4949">
    <p class='ocr_par' dir='ltr' id='par_1_7' title="bbox 218 4053 1920 4949">
     <span class='ocr_line' id='line_1_44' title="bbox 219 4053 1917 4144; baseline 0.009 -36"><span class='ocrx_word' id='word_1_589' title='bbox 219 4053 338 4110; x_wconf 91' lang='lat' dir='ltr'>intuens</span> <span class='ocrx_word' id='word_1_590' title='bbox 361 4057 568 4128; x_wconf 90' lang='lat' dir='ltr'>moderamen,</span> <span class='ocrx_word' id='word_1_591' title='bbox 598 4061 791 4135; x_wconf 86' lang='lat' dir='ltr'>subsequitur</span> <span class='ocrx_word' id='word_1_592' title='bbox 819 4064 944 4122; x_wconf 87' lang='lat' dir='ltr'>dicens:</span> <span class='ocrx_word' id='word_1_593' title='bbox 974 4068 1051 4124; x_wconf 83' lang='lat' dir='ltr'>Eece</span> <span class='ocrx_word' id='word_1_594' title='bbox 1104 4067 1220 4125; x_wconf 90' lang='lat' dir='ltr'>videtur</span> <span class='ocrx_word' id='word_1_595' title='bbox 1234 4067 1330 4124; x_wconf 88' lang='lat' dir='ltr'>mellis</span> <span class='ocrx_word' id='word_1_596' title='bbox 1343 4069 1418 4124; x_wconf 93' lang='lat' dir='ltr'>odor</span> <span class='ocrx_word' id='word_1_597' title='bbox 1430 4072 1459 4124; x_wconf 92' lang='lat' dir='ltr'>et</span> <span class='ocrx_word' id='word_1_598' title='bbox 1477 4075 1588 4126; x_wconf 88' lang='lat' dir='ltr'>nectar.</span> <span class='ocrx_word' id='word_1_599' title='bbox 1619 4071 1736 4136; x_wconf 77' lang='lat' dir='ltr'>Quibus</span> <span class='ocrx_word' id='word_1_600' title='bbox 1760 4075 1842 4144; x_wconf 86' lang='lat' dir='ltr'>pater</span> <span class='ocrx_word' id='word_1_601' title='bbox 1862 4067 1917 4142; x_wconf 88' lang='lat' dir='ltr'>pius</span> 
     </span>
     <span class='ocr_line' id='line_1_45' title="bbox 220 4147 1917 4232; baseline 0.007 -35"><span class='ocrx_word' id='word_1_602' title='bbox 220 4158 321 4199; x_wconf 80' lang='lat' dir='ltr'>seruus</span> <span class='ocrx_word' id='word_1_603' title='bbox 332 4147 462 4217; x_wconf 88' lang='lat' dir='ltr'>Domini,</span> <span class='ocrx_word' id='word_1_604' title='bbox 477 4150 532 4218; x_wconf 76' lang='lat' dir='ltr'>fiat</span> <span class='ocrx_word' id='word_1_605' title='bbox 549 4151 624 4207; x_wconf 78' lang='lat' dir='ltr'>miii</span> <span class='ocrx_word' id='word_1_606' title='bbox 638 4154 799 4209; x_wconf 87' lang='lat' dir='ltr'>seeundum</span> <span class='ocrx_word' id='word_1_607' title='bbox 815 4155 936 4211; x_wconf 79' lang='lat' dir='ltr'>veroum</span> <span class='ocrx_word' id='word_1_608' title='bbox 966 4162 1049 4213; x_wconf 90' lang='lat' dir='ltr'>tuum</span> <span class='ocrx_word' id='word_1_609' title='bbox 1105 4172 1296 4229; x_wconf 91' lang='lat' dir='ltr'>summopere</span> <span class='ocrx_word' id='word_1_610' title='bbox 1311 4156 1486 4214; x_wconf 88' lang='lat' dir='ltr'>desiderans</span> <span class='ocrx_word' id='word_1_611' title='bbox 1499 4174 1565 4214; x_wconf 89' lang='lat' dir='ltr'>esse</span> <span class='ocrx_word' id='word_1_612' title='bbox 1576 4158 1655 4214; x_wconf 92' lang='lat' dir='ltr'>utilis</span> <span class='ocrx_word' id='word_1_613' title='bbox 1668 4163 1696 4216; x_wconf 89' lang='lat' dir='ltr'>et</span> <span class='ocrx_word' id='word_1_614' title='bbox 1711 4165 1811 4232; x_wconf 86' lang='lat' dir='ltr'>aptus,</span> <span class='ocrx_word' id='word_1_615' title='bbox 1836 4157 1917 4213; x_wconf 72' lang='lat' dir='ltr'>indis</span> 
     </span>
     <span class='ocr_line' id='line_1_46' title="bbox 220 4231 1917 4318; baseline 0.008 -31"><span class='ocrx_word' id='word_1_616' title='bbox 220 4231 303 4302; x_wconf 85' lang='lat' dir='ltr'>(Luc.</span> <span class='ocrx_word' id='word_1_617' title='bbox 320 4249 339 4303; x_wconf 88' lang='lat'>1,</span> <span class='ocrx_word' id='word_1_618' title='bbox 356 4237 410 4308; x_wconf 86' lang='grc'>38).</span> <span class='ocrx_word' id='word_1_619' title='bbox 427 4239 508 4294; x_wconf 90' lang='lat' dir='ltr'>Tunc</span> <span class='ocrx_word' id='word_1_620' title='bbox 521 4245 640 4313; x_wconf 86' lang='lat' dir='ltr'>arrepto</span> <span class='ocrx_word' id='word_1_621' title='bbox 652 4241 752 4298; x_wconf 89' lang='lat' dir='ltr'>itinere</span> <span class='ocrx_word' id='word_1_622' title='bbox 766 4260 836 4300; x_wconf 89' lang='lat' dir='ltr'>cum</span> <span class='ocrx_word' id='word_1_623' title='bbox 846 4245 892 4300; x_wconf 92' lang='lat' dir='ltr'>his</span> <span class='ocrx_word' id='word_1_624' title='bbox 904 4245 957 4318; x_wconf 89' lang='lat' dir='ltr'>qui</span> <span class='ocrx_word' id='word_1_625' title='bbox 966 4245 1050 4302; x_wconf 91' lang='lat' dir='ltr'>missi</span> <span class='ocrx_word' id='word_1_626' title='bbox 1103 4246 1239 4318; x_wconf 90' lang='lat' dir='ltr'>putando</span> <span class='ocrx_word' id='word_1_627' title='bbox 1252 4245 1288 4301; x_wconf 92' lang='lat' dir='ltr'>de</span> <span class='ocrx_word' id='word_1_628' title='bbox 1297 4247 1445 4315; x_wconf 84' lang='lat' dir='ltr'>regnouei</span> <span class='ocrx_word' id='word_1_629' title='bbox 1457 4251 1485 4302; x_wconf 90' lang='lat' dir='ltr'>et</span> <span class='ocrx_word' id='word_1_630' title='bbox 1494 4246 1646 4304; x_wconf 88' lang='lat' dir='ltr'>calcandis</span> <span class='ocrx_word' id='word_1_631' title='bbox 1655 4247 1917 4317; x_wconf 79' lang='lat' dir='ltr'>vanitatibusbujus</span> 
     </span>
     <span class='ocr_line' id='line_1_47' title="bbox 220 4323 1919 4412; baseline 0.009 -37"><span class='ocrx_word' id='word_1_632' title='bbox 220 4323 489 4397; x_wconf 86' lang='lat' dir='ltr'>erantapn‘ncipe,</span> <span class='ocrx_word' id='word_1_633' title='bbox 520 4329 642 4385; x_wconf 90' lang='lat' dir='ltr'>tetendit</span> <span class='ocrx_word' id='word_1_634' title='bbox 669 4330 700 4384; x_wconf 92' lang='lat' dir='ltr'>iu</span> <span class='ocrx_word' id='word_1_635' title='bbox 729 4337 829 4406; x_wconf 87' lang='lat' dir='ltr'>partes</span> <span class='ocrx_word' id='word_1_636' title='bbox 850 4333 1048 4392; x_wconf 84' lang='lat' dir='ltr'>occidentales</span> <span class='ocrx_word' id='word_1_637' title='bbox 1105 4336 1222 4403; x_wconf 89' lang='lat' dir='ltr'>mundi,</span> <span class='ocrx_word' id='word_1_638' title='bbox 1237 4337 1387 4410; x_wconf 79' lang='lat' dir='ltr'>perplexis</span> <span class='ocrx_word' id='word_1_639' title='bbox 1401 4342 1428 4393; x_wconf 90' lang='lat' dir='ltr'>et</span> <span class='ocrx_word' id='word_1_640' title='bbox 1455 4339 1624 4412; x_wconf 89' lang='lat' dir='ltr'>sophisticis</span> <span class='ocrx_word' id='word_1_641' title='bbox 1653 4339 1781 4397; x_wconf 90' lang='lat' dir='ltr'>minime</span> <span class='ocrx_word' id='word_1_642' title='bbox 1801 4339 1919 4395; x_wconf 85' lang='lat' dir='ltr'>utebatur</span> 
     </span>
     <span class='ocr_line' id='line_1_48' title="bbox 220 4394 1920 4506; baseline 0.011 -41"><span class='ocrx_word' id='word_1_643' title='bbox 220 4410 372 4481; x_wconf 82' lang='lat' dir='ltr'>Bajoariae.</span> <span class='ocrx_word' id='word_1_644' title='bbox 386 4414 520 4487; x_wconf 85' lang='lat' dir='ltr'>Cumque</span> <span class='ocrx_word' id='word_1_645' title='bbox 534 4423 714 4489; x_wconf 83' lang='lat' dir='ltr'>perventum</span> <span class='ocrx_word' id='word_1_646' title='bbox 734 4426 811 4478; x_wconf 89' lang='lat' dir='ltr'>esset</span> <span class='ocrx_word' id='word_1_647' title='bbox 839 4422 878 4478; x_wconf 87' lang='lat' dir='ltr'>ad</span> <span class='ocrx_word' id='word_1_648' title='bbox 904 4424 1048 4494; x_wconf 80' lang='lat' dir='ltr'>Reginam</span> <span class='ocrx_word' id='word_1_649' title='bbox 1070 4394 1089 4447; x_wconf 63' lang='grc' dir='ltr'>Ι)</span> <span class='ocrx_word' id='word_1_650' title='bbox 1106 4426 1329 4490; x_wconf 90' lang='lat' dir='ltr'>sententiis‚sed</span> <span class='ocrx_word' id='word_1_651' title='bbox 1341 4427 1382 4483; x_wconf 91' lang='lat' dir='ltr'>sic</span> <span class='ocrx_word' id='word_1_652' title='bbox 1393 4427 1494 4484; x_wconf 93' lang='lat' dir='ltr'>melliti</span> <span class='ocrx_word' id='word_1_653' title='bbox 1505 4429 1565 4484; x_wconf 92' lang='lat' dir='ltr'>oris</span> <span class='ocrx_word' id='word_1_654' title='bbox 1577 4429 1772 4487; x_wconf 88' lang='lat' dir='ltr'>dulcedinem</span> <span class='ocrx_word' id='word_1_655' title='bbox 1783 4447 1834 4506; x_wconf 89' lang='lat' dir='ltr'>per</span> <span class='ocrx_word' id='word_1_656' title='bbox 1843 4443 1920 4503; x_wconf 84' lang='lat' dir='ltr'>quan·</span> 
     </span>
     <span class='ocr_line' id='line_1_49' title="bbox 220 4499 1918 4592; baseline 0.011 -38"><span class='ocrx_word' id='word_1_657' title='bbox 220 4499 380 4580; x_wconf 84' lang='lat' dir='ltr'>eivitatem,</span> <span class='ocrx_word' id='word_1_658' title='bbox 397 4501 493 4558; x_wconf 89' lang='lat' dir='ltr'>clerus</span> <span class='ocrx_word' id='word_1_659' title='bbox 513 4510 541 4561; x_wconf 89' lang='lat' dir='ltr'>et</span> <span class='ocrx_word' id='word_1_660' title='bbox 556 4508 688 4579; x_wconf 93' lang='lat' dir='ltr'>populus</span> <span class='ocrx_word' id='word_1_661' title='bbox 700 4511 868 4568; x_wconf 89' lang='lat' dir='ltr'>secundum</span> <span class='ocrx_word' id='word_1_662' title='bbox 878 4529 993 4569; x_wconf 89' lang='lat' dir='ltr'>morem</span> <span class='ocrx_word' id='word_1_663' title='bbox 1003 4529 1048 4569; x_wconf 92' lang='lat' dir='ltr'>ee·</span> <span class='ocrx_word' id='word_1_664' title='bbox 1102 4514 1271 4586; x_wconf 86' lang='lat' dir='ltr'>demquam</span> <span class='ocrx_word' id='word_1_665' title='bbox 1283 4514 1382 4572; x_wconf 89' lang='lat' dir='ltr'>verbis</span> <span class='ocrx_word' id='word_1_666' title='bbox 1398 4515 1546 4589; x_wconf 89' lang='lat' dir='ltr'>explicare</span> <span class='ocrx_word' id='word_1_667' title='bbox 1558 4534 1620 4573; x_wconf 90' lang='lat' dir='ltr'>non</span> <span class='ocrx_word' id='word_1_668' title='bbox 1635 4523 1755 4591; x_wconf 87' lang='lat' dir='ltr'>potero,</span> <span class='ocrx_word' id='word_1_669' title='bbox 1788 4525 1918 4592; x_wconf 83' lang='lat' dir='ltr'>tempera·</span> 
     </span>
     <span class='ocr_line' id='line_1_50' title="bbox 218 4586 1919 4682; baseline 0.01 -39"><span class='ocrx_word' id='word_1_670' title='bbox 218 4586 417 4646; x_wconf 88' lang='lat' dir='ltr'>clesiasticum</span> <span class='ocrx_word' id='word_1_671' title='bbox 434 4593 615 4650; x_wconf 90' lang='lat' dir='ltr'>unanimiter</span> <span class='ocrx_word' id='word_1_672' title='bbox 627 4599 791 4672; x_wconf 90' lang='lat' dir='ltr'>episcopali</span> <span class='ocrx_word' id='word_1_673' title='bbox 806 4600 884 4656; x_wconf 89' lang='lat' dir='ltr'>lacta</span> <span class='ocrx_word' id='word_1_674' title='bbox 892 4601 1046 4670; x_wconf 88' lang='lat' dir='ltr'>electione,</span> <span class='ocrx_word' id='word_1_675' title='bbox 1101 4604 1154 4661; x_wconf 88' lang='lat' dir='ltr'>bat</span> <span class='ocrx_word' id='word_1_676' title='bbox 1167 4605 1380 4675; x_wconf 89' lang='lat' dir='ltr'>austeritatem,</span> <span class='ocrx_word' id='word_1_677' title='bbox 1395 4609 1427 4661; x_wconf 92' lang='lat' dir='ltr'>ut</span> <span class='ocrx_word' id='word_1_678' title='bbox 1443 4605 1617 4680; x_wconf 86' lang='lat' dir='ltr'>simpliciter</span> <span class='ocrx_word' id='word_1_679' title='bbox 1630 4613 1658 4664; x_wconf 92' lang='lat' dir='ltr'>et</span> <span class='ocrx_word' id='word_1_680' title='bbox 1682 4610 1804 4682; x_wconf 88' lang='lat' dir='ltr'>optimo</span> <span class='ocrx_word' id='word_1_681' title='bbox 1831 4619 1919 4678; x_wconf 86' lang='lat' dir='ltr'>genere</span> 
     </span>
     <span class='ocr_line' id='line_1_51' title="bbox 218 4677 1918 4772; baseline 0.009 -40"><span class='ocrx_word' id='word_1_682' title='bbox 218 4677 258 4733; x_wconf 91' lang='lat' dir='ltr'>ad</span> <span class='ocrx_word' id='word_1_683' title='bbox 270 4677 483 4752; x_wconf 90' lang='lat' dir='ltr'>imperatorem</span> <span class='ocrx_word' id='word_1_684' title='bbox 500 4699 569 4738; x_wconf 89' lang='lat' dir='ltr'>eum</span> <span class='ocrx_word' id='word_1_685' title='bbox 585 4685 731 4743; x_wconf 89' lang='lat' dir='ltr'>miseruut</span> <span class='ocrx_word' id='word_1_686' title='bbox 746 4704 813 4744; x_wconf 90' lang='lat' dir='ltr'>oum</span> <span class='ocrx_word' id='word_1_687' title='bbox 834 4689 994 4747; x_wconf 87' lang='lat' dir='ltr'>universali</span> <span class='ocrx_word' id='word_1_688' title='bbox 1005 4691 1046 4747; x_wconf 91' lang='lat' dir='ltr'>le·</span> <span class='ocrx_word' id='word_1_689' title='bbox 1100 4691 1260 4748; x_wconf 89' lang='lat' dir='ltr'>locutionis</span> <span class='ocrx_word' id='word_1_690' title='bbox 1275 4696 1396 4763; x_wconf 87' lang='lat' dir='ltr'>tangere</span> <span class='ocrx_word' id='word_1_691' title='bbox 1409 4694 1559 4752; x_wconf 87' lang='lat' dir='ltr'>videretur</span> <span class='ocrx_word' id='word_1_692' title='bbox 1577 4695 1682 4752; x_wconf 87' lang='lat' dir='ltr'>intima</span> <span class='ocrx_word' id='word_1_693' title='bbox 1707 4699 1860 4772; x_wconf 90' lang='lat' dir='ltr'>cujusque</span> <span class='ocrx_word' id='word_1_694' title='bbox 1882 4710 1918 4750; x_wconf 76' lang='lat' dir='ltr'>vo</span> 
     </span>
     <span class='ocr_line' id='line_1_52' title="bbox 218 4766 1918 4856; baseline 0.011 -35"><span class='ocrx_word' id='word_1_695' title='bbox 218 4766 348 4836; x_wconf 88' lang='lat' dir='ltr'>gatione.</span> <span class='ocrx_word' id='word_1_696' title='bbox 367 4769 431 4834; x_wconf 88' lang='lat' dir='ltr'>Qua</span> <span class='ocrx_word' id='word_1_697' title='bbox 443 4770 603 4829; x_wconf 88' lang='lat' dir='ltr'>clementer</span> <span class='ocrx_word' id='word_1_698' title='bbox 618 4781 767 4849; x_wconf 88' lang='lat' dir='ltr'>suscepta,</span> <span class='ocrx_word' id='word_1_699' title='bbox 789 4783 816 4834; x_wconf 91' lang='lat' dir='ltr'>et</span> <span class='ocrx_word' id='word_1_700' title='bbox 826 4777 915 4836; x_wconf 89' lang='lat' dir='ltr'>beato</span> <span class='ocrx_word' id='word_1_701' title='bbox 930 4780 994 4835; x_wconf 94' lang='lat' dir='ltr'>viro</span> <span class='ocrx_word' id='word_1_702' title='bbox 1007 4779 1047 4838; x_wconf 91' lang='lat' dir='ltr'>ab</span> <span class='ocrx_word' id='word_1_703' title='bbox 1102 4783 1262 4854; x_wconf 90' lang='lat' dir='ltr'>gitationis,</span> <span class='ocrx_word' id='word_1_704' title='bbox 1277 4783 1388 4856; x_wconf 89' lang='lat' dir='ltr'>talique</span> <span class='ocrx_word' id='word_1_705' title='bbox 1403 4789 1465 4840; x_wconf 90' lang='lat' dir='ltr'>arte</span> <span class='ocrx_word' id='word_1_706' title='bbox 1480 4785 1696 4842; x_wconf 86' lang='lat' dir='ltr'>nonnullorum</span> <span class='ocrx_word' id='word_1_707' title='bbox 1707 4803 1749 4844; x_wconf 88' lang='lat' dir='ltr'>ex</span> <span class='ocrx_word' id='word_1_708' title='bbox 1778 4787 1870 4846; x_wconf 89' lang='lat' dir='ltr'>oculis</span> <span class='ocrx_word' id='word_1_709' title='bbox 1887 4785 1918 4840; x_wconf 86' lang='lat' dir='ltr'>la·</span> 
     </span>
     <span class='ocr_line' id='line_1_53' title="bbox 218 4855 1919 4949; baseline 0.011 -39"><span class='ocrx_word' id='word_1_710' title='bbox 218 4855 367 4931; x_wconf 90' lang='lat' dir='ltr'>episcopis</span> <span class='ocrx_word' id='word_1_711' title='bbox 382 4859 519 4931; x_wconf 88' lang='lat' dir='ltr'>probata,</span> <span class='ocrx_word' id='word_1_712' title='bbox 537 4878 571 4918; x_wconf 87' lang='lat' dir='ltr'>ao</span> <span class='ocrx_word' id='word_1_713' title='bbox 584 4880 721 4922; x_wconf 88' lang='lat' dir='ltr'>sermone</span> <span class='ocrx_word' id='word_1_714' title='bbox 735 4867 766 4922; x_wconf 90' lang='lat' dir='ltr'>in</span> <span class='ocrx_word' id='word_1_715' title='bbox 778 4883 883 4941; x_wconf 84' lang='lat' dir='ltr'>presan</span> <span class='ocrx_word' id='word_1_716' title='bbox 890 4868 927 4924; x_wconf 92' lang='lat' dir='ltr'>tia</span> <span class='ocrx_word' id='word_1_717' title='bbox 942 4885 1047 4925; x_wconf 92' lang='lat' dir='ltr'>eorum</span> <span class='ocrx_word' id='word_1_718' title='bbox 1101 4872 1211 4927; x_wconf 86' lang='lat' dir='ltr'>crimes</span> <span class='ocrx_word' id='word_1_719' title='bbox 1231 4870 1348 4927; x_wconf 88' lang='lat' dir='ltr'>eliceret</span> <span class='ocrx_word' id='word_1_720' title='bbox 1359 4871 1472 4928; x_wconf 87' lang='lat' dir='ltr'>iudices</span> <span class='ocrx_word' id='word_1_721' title='bbox 1487 4873 1595 4930; x_wconf 90' lang='lat' dir='ltr'>cordis.</span> <span class='ocrx_word' id='word_1_722' title='bbox 1610 4877 1690 4930; x_wconf 87' lang='lat' dir='ltr'>Hanc</span> <span class='ocrx_word' id='word_1_723' title='bbox 1705 4875 1861 4949; x_wconf 90' lang='lat' dir='ltr'>siquidem</span> <span class='ocrx_word' id='word_1_724' title='bbox 1874 4881 1919 4930; x_wconf 87' lang='lat' dir='ltr'>tau</span> 
     </span>
    </p>
   </div>
   <div class='ocr_carea' id='block_1_6' title="bbox 216 4945 1919 5393">
    <p class='ocr_par' dir='ltr' id='par_1_8' title="bbox 216 4945 1919 5393">
     <span class='ocr_line' id='line_1_54' title="bbox 217 4945 1918 5038; baseline 0.008 -37"><span class='ocrx_word' id='word_1_725' title='bbox 217 4945 257 5002; x_wconf 89' lang='lat' dir='ltr'>ab</span> <span class='ocrx_word' id='word_1_726' title='bbox 271 4946 337 5019; x_wconf 89' lang='lat' dir='ltr'>ipso</span> <span class='ocrx_word' id='word_1_727' title='bbox 353 4949 501 5022; x_wconf 87' lang='lat' dir='ltr'>sapienter</span> <span class='ocrx_word' id='word_1_728' title='bbox 521 4953 648 5025; x_wconf 89' lang='lat' dir='ltr'>prolato,</span> <span class='ocrx_word' id='word_1_729' title='bbox 678 4956 840 5027; x_wconf 85' lang='lat' dir='ltr'>imperialis</span> <span class='ocrx_word' id='word_1_730' title='bbox 864 4974 934 5014; x_wconf 92' lang='lat' dir='ltr'>eum</span> <span class='ocrx_word' id='word_1_731' title='bbox 962 4975 1046 5015; x_wconf 87' lang='lat' dir='ltr'>assu·</span> <span class='ocrx_word' id='word_1_732' title='bbox 1101 4960 1289 5016; x_wconf 82' lang='lat' dir='ltr'>validama</span> <span class='ocrx_word' id='word_1_733' title='bbox 1324 4961 1433 5033; x_wconf 91' lang='lat' dir='ltr'>Spiritu</span> <span class='ocrx_word' id='word_1_734' title='bbox 1469 4967 1572 5019; x_wconf 88' lang='lat' dir='ltr'>sancto</span> <span class='ocrx_word' id='word_1_735' title='bbox 1601 4971 1766 5037; x_wconf 89' lang='lat' dir='ltr'>acceperat</span> <span class='ocrx_word' id='word_1_736' title='bbox 1799 4965 1918 5038; x_wconf 85' lang='lat' dir='ltr'>gratiam.</span> 
     </span>
     <span class='ocr_line' id='line_1_55' title="bbox 216 5039 1918 5126; baseline 0.01 -36"><span class='ocrx_word' id='word_1_737' title='bbox 216 5050 303 5092; x_wconf 90' lang='lat' dir='ltr'>mens</span> <span class='ocrx_word' id='word_1_738' title='bbox 317 5039 450 5110; x_wconf 88' lang='lat' dir='ltr'>potentia</span> <span class='ocrx_word' id='word_1_739' title='bbox 464 5041 587 5113; x_wconf 89' lang='lat' dir='ltr'>pediam</span> <span class='ocrx_word' id='word_1_740' title='bbox 604 5049 660 5126; x_wconf 77' lang='grc'>(95)</span> <span class='ocrx_word' id='word_1_741' title='bbox 689 5047 873 5118; x_wconf 90' lang='lat' dir='ltr'>pastoralem</span> <span class='ocrx_word' id='word_1_742' title='bbox 899 5049 1045 5106; x_wconf 88' lang='lat' dir='ltr'>honorem</span> <span class='ocrx_word' id='word_1_743' title='bbox 1100 5065 1162 5121; x_wconf 92' lang='lat' dir='ltr'>quo</span> <span class='ocrx_word' id='word_1_744' title='bbox 1177 5050 1218 5118; x_wconf 90' lang='lat' dir='ltr'>bi,</span> <span class='ocrx_word' id='word_1_745' title='bbox 1233 5050 1285 5122; x_wconf 93' lang='lat' dir='ltr'>qui</span> <span class='ocrx_word' id='word_1_746' title='bbox 1300 5050 1465 5122; x_wconf 89' lang='lat' dir='ltr'>predicanti</span> <span class='ocrx_word' id='word_1_747' title='bbox 1484 5053 1656 5110; x_wconf 87' lang='lat' dir='ltr'>assisterent</span> <span class='ocrx_word' id='word_1_748' title='bbox 1681 5057 1710 5109; x_wconf 90' lang='lat' dir='ltr'>et</span> <span class='ocrx_word' id='word_1_749' title='bbox 1738 5072 1813 5112; x_wconf 91' lang='lat' dir='ltr'>eum</span> <span class='ocrx_word' id='word_1_750' title='bbox 1828 5055 1918 5110; x_wconf 83' lang='lat' dir='ltr'>inune</span> 
     </span>
     <span class='ocr_line' id='line_1_56' title="bbox 217 5123 1919 5214; baseline 0.009 -32"><span class='ocrx_word' id='word_1_751' title='bbox 217 5123 336 5182; x_wconf 79' lang='lat' dir='ltr'>eideclit</span> <span class='ocrx_word' id='word_1_752' title='bbox 349 5129 551 5200; x_wconf 86' lang='lat' dir='ltr'>pontificalem</span> <span class='ocrx_word' id='word_1_753' title='bbox 567 5151 573 5200; x_wconf 92' lang='grc'>;</span> <span class='ocrx_word' id='word_1_754' title='bbox 592 5134 762 5207; x_wconf 86' lang='lat' dir='ltr'>statimque,</span> <span class='ocrx_word' id='word_1_755' title='bbox 781 5141 812 5193; x_wconf 92' lang='lat' dir='ltr'>ut</span> <span class='ocrx_word' id='word_1_756' title='bbox 826 5154 930 5194; x_wconf 92' lang='lat' dir='ltr'>curam</span> <span class='ocrx_word' id='word_1_757' title='bbox 957 5139 1003 5195; x_wconf 93' lang='lat' dir='ltr'>sui</span> <span class='ocrx_word' id='word_1_758' title='bbox 1019 5143 1047 5196; x_wconf 88' lang='lat' dir='ltr'>et</span> <span class='ocrx_word' id='word_1_759' title='bbox 1101 5138 1249 5208; x_wconf 89' lang='lat' dir='ltr'>audirent,</span> <span class='ocrx_word' id='word_1_760' title='bbox 1276 5155 1344 5196; x_wconf 89' lang='lat' dir='ltr'>raro</span> <span class='ocrx_word' id='word_1_761' title='bbox 1371 5145 1423 5197; x_wconf 91' lang='lat' dir='ltr'>aut</span> <span class='ocrx_word' id='word_1_762' title='bbox 1449 5157 1619 5214; x_wconf 91' lang='lat' dir='ltr'>numquam</span> <span class='ocrx_word' id='word_1_763' title='bbox 1659 5143 1861 5202; x_wconf 86' lang='lat' dir='ltr'>abscederent</span> <span class='ocrx_word' id='word_1_764' title='bbox 1889 5137 1919 5192; x_wconf 78' lang='lat' dir='ltr'>ab</span> 
     </span>
     <span class='ocr_line' id='line_1_57' title="bbox 218 5215 1918 5302; baseline 0.016 -34"><span class='ocrx_word' id='word_1_765' title='bbox 218 5227 340 5284; x_wconf 86' lang='lat' dir='ltr'>gregem</span> <span class='ocrx_word' id='word_1_766' title='bbox 354 5215 542 5275; x_wconf 91' lang='lat' dir='ltr'>dominicum</span> <span class='ocrx_word' id='word_1_767' title='bbox 557 5220 598 5277; x_wconf 92' lang='lat' dir='ltr'>illi</span> <span class='ocrx_word' id='word_1_768' title='bbox 613 5223 773 5292; x_wconf 89' lang='lat' dir='ltr'>commisit,</span> <span class='ocrx_word' id='word_1_769' title='bbox 787 5241 849 5282; x_wconf 90' lang='lat' dir='ltr'>non</span> <span class='ocrx_word' id='word_1_770' title='bbox 867 5243 936 5283; x_wconf 90' lang='lat' dir='ltr'>eum</span> <span class='ocrx_word' id='word_1_771' title='bbox 950 5245 1045 5301; x_wconf 89' lang='lat' dir='ltr'>parvo</span> <span class='ocrx_word' id='word_1_772' title='bbox 1101 5230 1165 5300; x_wconf 88' lang='lat' dir='ltr'>ejus</span> <span class='ocrx_word' id='word_1_773' title='bbox 1174 5229 1387 5302; x_wconf 82' lang='lat' dir='ltr'>praedicatione</span> <span class='ocrx_word' id='word_1_774' title='bbox 1402 5231 1465 5287; x_wconf 90' lang='lat' dir='ltr'>sine</span> <span class='ocrx_word' id='word_1_775' title='bbox 1477 5232 1671 5290; x_wconf 89' lang='lat' dir='ltr'>lacrimarum</span> <span class='ocrx_word' id='word_1_776' title='bbox 1684 5233 1845 5292; x_wconf 80' lang='lat' dir='ltr'>effusione.</span> <span class='ocrx_word' id='word_1_777' title='bbox 1870 5237 1918 5297; x_wconf 87' lang='lat' dir='ltr'>uu</span> 
     </span>
     <span class='ocr_line' id='line_1_58' title="bbox 218 5303 1918 5393; baseline 0.014 -36"><span class='ocrx_word' id='word_1_778' title='bbox 218 5303 361 5360; x_wconf 88' lang='lat' dir='ltr'>comitatu</span> <span class='ocrx_word' id='word_1_779' title='bbox 373 5305 412 5360; x_wconf 93' lang='lat' dir='ltr'>ad</span> <span class='ocrx_word' id='word_1_780' title='bbox 423 5306 619 5367; x_wconf 84' lang='lat' dir='ltr'>Ratisbonam</span> <span class='ocrx_word' id='word_1_781' title='bbox 634 5329 705 5369; x_wconf 89' lang='lat' dir='ltr'>eum</span> <span class='ocrx_word' id='word_1_782' title='bbox 716 5314 838 5372; x_wconf 87' lang='lat' dir='ltr'>remisit.</span> <span class='ocrx_word' id='word_1_783' title='bbox 1101 5319 1261 5392; x_wconf 86' lang='lat' dir='ltr'>pergrandi</span> <span class='ocrx_word' id='word_1_784' title='bbox 1283 5320 1376 5390; x_wconf 89' lang='lat' dir='ltr'>bonu,</span> <span class='ocrx_word' id='word_1_785' title='bbox 1400 5337 1418 5378; x_wconf 90' lang='lat' dir='ltr'>a</span> <span class='ocrx_word' id='word_1_786' title='bbox 1443 5321 1583 5393; x_wconf 88' lang='lat' dir='ltr'>largitore</span> <span class='ocrx_word' id='word_1_787' title='bbox 1611 5324 1752 5384; x_wconf 91' lang='lat' dir='ltr'>omnium</span> <span class='ocrx_word' id='word_1_788' title='bbox 1785 5326 1918 5382; x_wconf 84' lang='lat' dir='ltr'>bonorum</span> 
     </span>
    </p>
   </div>
   <div class='ocr_carea' id='block_1_7' title="bbox 1015 5469 1132 5526">
    <p class='ocr_par' dir='ltr' id='par_1_9' title="bbox 1015 5469 1132 5526">
     <span class='ocr_line' id='line_1_59' title="bbox 1015 5469 1132 5526; baseline 0 0"><span class='ocrx_word' id='word_1_789' title='bbox 1015 5469 1132 5526; x_wconf 79' lang='lat' dir='ltr'><strong>NOTAE.</strong></span> 
     </span>
    </p>
   </div>
   <div class='ocr_carea' id='block_1_8' title="bbox 265 5579 1406 5742">
    <p class='ocr_par' dir='ltr' id='par_1_10' title="bbox 265 5579 1406 5742">
     <span class='ocr_line' id='line_1_60' title="bbox 265 5579 1406 5669; baseline 0.018 -34"><span class='ocrx_word' id='word_1_790' title='bbox 265 5580 309 5653; x_wconf 76' lang='lat'>92)</span> <span class='ocrx_word' id='word_1_791' title='bbox 324 5579 399 5639; x_wconf 90' lang='lat' dir='ltr'>Psal.</span> <span class='ocrx_word' id='word_1_792' title='bbox 414 5597 461 5652; x_wconf 86' lang='lat' dir='ltr'>cx,</span> <span class='ocrx_word' id='word_1_793' title='bbox 478 5587 627 5659; x_wconf 84' lang='lat' dir='ltr'>lo;xv1u,</span> <span class='ocrx_word' id='word_1_794' title='bbox 643 5588 686 5644; x_wconf 91' lang='lat'>10.</span> <span class='ocrx_word' id='word_1_795' title='bbox 1139 5595 1195 5669; x_wconf 79' lang='lat'><strong>(94)</strong></span> <span class='ocrx_word' id='word_1_796' title='bbox 1211 5596 1309 5654; x_wconf 82' lang='lat' dir='ltr'>l&#39;lim.</span> <span class='ocrx_word' id='word_1_797' title='bbox 1323 5614 1363 5668; x_wconf 91' lang='grc' dir='ltr'>ιιι,</span> <span class='ocrx_word' id='word_1_798' title='bbox 1382 5603 1406 5656; x_wconf 90' lang='lat' dir='ltr'>l.</span> 
     </span>
     <span class='ocr_line' id='line_1_61' title="bbox 265 5653 1405 5742; baseline 0.02 -37"><span class='ocrx_word' id='word_1_799' title='bbox 265 5653 311 5722; x_wconf 85' lang='grc'>93)</span> <span class='ocrx_word' id='word_1_800' title='bbox 324 5653 409 5709; x_wconf 84' lang='lat' dir='ltr'>Rom.</span> <span class='ocrx_word' id='word_1_801' title='bbox 424 5669 463 5709; x_wconf 84' lang='lat' dir='ltr'>xv.</span> <span class='ocrx_word' id='word_1_802' title='bbox 480 5657 524 5712; x_wconf 74' lang='grc'>93.</span> <span class='ocrx_word' id='word_1_803' title='bbox 1138 5670 1194 5739; x_wconf 75' lang='grc'>(95)</span> <span class='ocrx_word' id='word_1_804' title='bbox 1208 5671 1228 5724; x_wconf 91' lang='lat'>1.</span> <span class='ocrx_word' id='word_1_805' title='bbox 1245 5683 1270 5726; x_wconf 87' lang='lat' dir='ltr'>e.</span> <span class='ocrx_word' id='word_1_806' title='bbox 1282 5668 1405 5742; x_wconf 90' lang='lat' dir='ltr'>pedum.</span> 
     </span>
    </p>
   </div>
   <div class='ocr_carea' id='block_1_9' title="bbox 0 0 1996 6182">
    <p class='ocr_par' dir='ltr' id='par_1_11' title="bbox 0 0 1996 6182">
     <span class='ocr_line' id='line_1_62' title="bbox 0 0 1996 6182; baseline 0 1"><span class='ocrx_word' id='word_1_807' title='bbox 0 0 1996 6182; x_wconf 95' lang='lat' dir='ltr'> </span> 
     </span>
    </p>
   </div>
  </div>
 </body>
</html>
