3996 6178
190 205 255 261 lm

185 327 236 386 llic
250 329 360 388 vocitat
369 325 508 398 populus,
523 323 576 395 qui
584 323 628 379 sit
641 321 813 394 regionibus
825 319 892 378 illis.

185 418 342 486 Contingit,
359 417 390 469 ut
404 412 526 468 veniens
538 413 619 470 huno
634 413 724 470 obvia
737 413 827 470 sidua
841 410 973 468 baberet.

186 508 247 562 Hoc
262 518 347 560 sacre
362 500 473 572 scripte
487 502 606 566 luerunt
636 520 642 558 r
672 503 737 558 brec
757 501 849 558 vidua
862 497 1010 569 turbaque

858 585 974 660 [multa.

182 679 342 736 Portsbant
353 677 471 751 lembo,
487 680 584 738 fueret
597 683 650 754 qui
663 681 743 738 filius
756 679 797 736 illi

183 769 303 840 Unicus,
330 769 537 832 exstinctum:
565 775 661 827 mater
688 767 874 826 merebunda
909 769 1010 822 secute

908 855 973 926 [est.

181 945 306 1002 Neseivit
323 946 484 1002 Dominum
499 951 646 1004 astantem
662 947 719 1002 sibi
730 959 813 1004 more
825 943 966 1012 benigne.

182 1034 237 1100 Qui
252 1033 399 1091 miserans
411 1034 485 1091 dixit
505 1051 511 1090 :
529 1058 543 1086 e
560 1035 670 1106 llulier,
684 1049 812 1108 puerum
827 1034 891 1089 sine
904 1032 1008 1088 llere.»

180 1123 393 1196 Accedeusque
406 1124 473 1196 pius
493 1125 585 1195 tetigit
600 1123 740 1180 manibus
751 1123 878 1197 pictatia,

180 1211 295 1268 Clarius
310 1212 484 1277 exclamans
501 1231 507 1268 :
525 1235 537 1262 ιι
555 1213 617 1269 'riti
632 1213 737 1282 dieo,o
751 1215 983 1280 mortuasurge.
996 1233 1010 1262 s

181 1300 236 1367 Qui
249 1314 375 1369 surgons
390 1301 482 1372 sedet,
499 1304 528 1358 ei
537 1301 679 1374 loquitur,
688 1301 740 1358 libi
756 1300 860 1371 gloria,
877 1299 1008 1374 Cbrisle1

682 198 884 256 FDOUMUNDl
903 191 1105 252 GOENOBIM
1122 195 1390 254 russeusuusu.

1024 319 1049 372 A
1066 316 1203 376 Officium
1218 319 1270 376 tibi
1284 319 1367 392 quod
1381 317 1449 375 lesit
1462 331 1546 374 nuuc
1558 316 1617 385 ille,
1634 316 1778 390 repende.

1066 409 1151 464 Porta
1163 413 1341 482 portantem,
1353 408 1431 464 bene
1446 407 1493 464 ies
1506 423 1513 462 s
1529 406 1582 480 qui
1592 421 1649 462 nee
1662 405 1745 464 male
1760 404 1856 461 sentit

1066 499 1140 556 Cum
1155 499 1290 570 graditur
1320 517 1326 554 r
1362 501 1432 554 tunc
1445 497 1532 570 plebs
1557 497 1656 553 omnis
1683 496 1807 552 christo
1822 495 1904 550 dedit

1765 584 1870 656 [oasa

1455 679 1507 733 llll.

1144 765 1194 822 Ad
1207 765 1562 837 recuperaverimus
1579 766 1821 836 Tecmessam.

1066 854 1222 911 versieulis
1237 871 1304 911 sum
1319 855 1453 912 dicturus
1466 854 1532 911 vele
1542 853 1684 912 omnibus
1699 869 1790 909 unus.

1100 943 1244 1016 Alloquor
1256 943 1415 1018 imprimis,
1430 943 1483 1016 qui
1495 947 1581 1016 pater
1593 947 1638 1000 est
1654 942 1791 1015 reliquis.

1065 1035 1180 1090 Patrem
1192 1037 1384 1104 perngerum,
1396 1034 1525 1107 pastoris
1540 1033 1663 1090 nomine
1678 1031 1810 1102 dignum

1103 1121 1198 1190 Salve,
1212 1121 1303 1193 digne
1317 1138 1438 1196 parens,
1452 1138 1564 1180 nomen
1576 1122 1701 1182 honoris
1715 1121 1839 1178 hebens

1067 1210 1123 1276 Qui
1132 1211 1233 1282 arguis
1249 1211 1390 1281 inientes,
1401 1213 1538 1284 juvenes,
1554 1217 1584 1269 et
1598 1227 1654 1268 nos
1665 1209 1812 1274 sanim-es,

1102 1299 1227 1356 Maxime
1241 1317 1290 1359 me
1305 1301 1404 1356 solum
1419 1315 1490 1356 eum
1503 1300 1624 1374 reliquis
1639 1300 1751 1373 pueris.

180 1395 260 1448 Tunc
288 1389 393 1462 recipit
420 1391 547 1460 genitrix
573 1391 731 1462 genitum,
773 1393 940 1463 natumque
968 1405 1012 1446 se·
1048 1389 1324 1464 'Quodnunqusm
1340 1391 1392 1448 tibi
1408 1391 1587 1448 versiculum
1602 1390 1742 1448 dedimus
1760 1390 1842 1446 bone
1858 1389 1900 1446 is-

178 1565 292 1638 Aceipit
306 1569 437 1623 astantes
452 1582 582 1637 magnus
597 1569 694 1637 timor,
707 1567 842 1641 undique
849 1478 972 1641 [rffl

1756 1481 1864 1550 icmm.

1102 1569 1167 1634 Quo
1181 1568 1261 1625 circa
1275 1568 1384 1624 isaiam
1399 1569 1536 1626 carmina
1545 1568 1707 1625 versieulis.

178 1655 427 1728 Magnificentque
439 1657 533 1714 Deum
548 1657 697 1714 dicentes:
715 1680 729 1708 «
742 1663 799 1714 lete
809 1658 954 1731 propbeta
1022 1669 1043 1728 fl
1065 1659 1148 1714 Nunc
1162 1655 1252 1714 incito
1266 1673 1381 1725 uersus,
1397 1657 1497 1713 omnis
1512 1660 1564 1731 qui
1578 1657 1708 1713 scribere
1719 1659 1811 1726 nosti,

178 1743 323 1801 Maximus
334 1745 365 1800 in
381 1745 469 1801 nobis
484 1747 619 1819 surrexit,
636 1748 772 1821 miraque
782 1747 858 1817 iecit,

179 1835 230 1888 Per
245 1848 337 1904 quem
351 1848 408 1889 nos
421 1833 610 1907 populosque
626 1852 698 1892 suos
714 1839 791 1892 Deus
803 1834 982 1908 ipserevisit.
993 1857 1007 1886 n

179 1921 302 1978 Summe
317 1924 406 1992 Deus,
422 1937 471 1978 me
485 1924 713 1980 Froumundum
728 1924 786 1982 sub
799 1929 895 1990 morte
908 1923 1007 1997 sepul-

178 2099 292 2156 Suseita
304 2099 450 2172 praeclara
464 2100 583 2174 pietate,
596 2101 750 2168 resuscita,
762 2014 970 2158 Chrisoellssffl·

177 2191 239 2244 Non
255 2192 357 2260 pereat
370 2187 454 2260 quo'd
465 2188 611 2262 plantavit
627 2193 678 2245 tua
696 2189 827 2258 dextera,
841 2190 963 2246 Christe.

557 2278 601 2332 'vl
629 2320 635 2333 .

211 2365 247 2420 In
261 2365 460 2436 hydropicum
471 2280 675 2423 cctffisu'tlate
687 2367 969 2426 subterlabentem.

177 2453 252 2510 cum
270 2455 488 2514 Pharisaeorum
502 2454 664 2514 Dominum
674 2473 745 2514 oum
770 2457 905 2531 puncipe
927 2457 1006 2516 chit-

176 2631 305 2702 Agnovit
319 2632 467 2692 Plrarisses
479 2651 589 2692 manus
600 2635 791 2692 discumbere
806 2548 967 2704 ooerfflrum·

173 2720 275 2778 Adfuit
288 2721 446 2790 insidians,
458 2723 483 2780 si
493 2724 590 2782 solvet
601 2725 742 2788 Sabbata.
759 2741 869 2790 curans
884 2725 897 2780 t

172 2810 238 2866 Vult
259 2827 350 2883 super
373 2811 455 2868 huno
482 2817 621 2886 reputare
647 2813 772 2881 malum,
797 2814 848 2886 qui
878 2812 1004 2873 crimina

173 2987 237 3043 Vult
250 3003 357 3060 capere
369 2988 495 3056 insidiis,
512 2989 564 3061 qui
575 2989 663 3047 solvit
676 2989 802 3054 erimina
816 2905 966 3048 suffixa,

133 3143 136 3150 1
172 3076 361 3152 Hydropieus
376 3077 508 3135 iuitanto
523 3077 618 3148 illum,
642 3094 795 3153 quemque
811 3079 860 3136 ille
873 3081 1003 3154 proben-

172 3253 302 3312 Snlvavit
314 3255 433 3328 penitus
449 3259 510 3314 toto
525 3259 641 3328 tergore
655 3257 785 3331 repulso.
872 3183 965 3240 [sum.

169 3345 309 3403 llussavit
320 3346 471 3404 Pbsrisses
485 3363 594 3404 manus
608 3347 782 3417 furibunda,
799 3363 852 3421 per
864 3346 950 3405 ulcus

169 3432 289 3488 invidiae
305 3436 504 3502 stomachata,
522 3435 584 3492 suis
597 3451 802 3508 percussaque
812 3435 887 3498 telis.

171 3519 302 3576 Sabbata
316 3522 401 3592 quod
417 3521 512 3578 solvat
526 3524 661 3580 curando
676 3538 804 3595 corpora
818 3523 921 3594 digna,

169 3609 244 3662 Cum
253 3607 294 3664 illi
313 3607 434 3666 asinum
447 3614 536 3680 atque
549 3610 660 3666 boram
675 3611 791 3668 solvant
803 3616 925 3684 propter
949 3627 1004 3670 sus

169 3803 182 3832 κ
201 3699 1003 3860 unsvesuumpecusinsipidnmuogo,ducimus

169 3962 197 4020 Si
212 3963 291 4021 cedit
306 3962 337 4020 in
350 3963 476 4034 lenum,
489 3963 616 4022 citiusne
628 3963 769 4020 revellere
783 3875 964 4022 eurriaeuin’

167 4051 294 4121 Dixerat,
310 4059 339 4110 et
352 4053 421 4112 victi
436 4057 593 4112 tacuerunt
607 4053 730 4112 verbere
742 4053 836 4113 verbi.

550 4147 571 4200 ll
607 4185 614 4201 .

272 4232 311 4288 1η
324 4232 488 4300 Christum,
501 4147 707 4304 peraticum
724 4240 890 4294 sanantem.

166 4324 258 4377 Trans
273 4318 422 4392 lretajam
433 4321 516 4378 venit
525 4322 680 4390 Dominus,
699 4323 853 4398 propriam
875 4341 997 4400 quoque

770 4412 813 4482 [in
827 4413 959 4472 urbemi
1017 4444 1029 4452 κ

166 4503 239 4556 Ecce
253 4500 374 4556 luerunt
391 4497 529 4558 homines
543 4497 698 4558 homiuem
711 4501 743 4558 in
757 4501 832 4560 leuto
850 4503 996 4562 recuban-

877 4591 959 4660 [lem

165 4681 202 4735 nt
213 4678 288 4736 vidit
299 4679 444 4736 Dominus
459 4681 676 4752 properantum
689 4677 812 4737 credula
821 4679 923 4747 cerda.

164 4767 241 4826 Dixit
251 4767 457 4828 sdinfirmum
473 4786 508 4826 z«
524 4769 618 4840 spere
630 4771 755 4842 peecata
770 4768 906 4830 remissa.
924 4791 938 4822 s

164 4859 308 4916 Dixerunt
320 4857 429 4916 Scribas
442 4857 546 4918 mberi
558 4857 678 4918 invidiis
691 4857 756 4916 [sss
767 4858 836 4916 tosti
852 4875 858 4915 :

165 4970 179 4998 «
195 4946 304 5006 Hierir
317 4946 606 5020 blasphemaque
619 4962 675 5004 nec
693 4951 816 5020 peecata
840 4947 963 5015 rdsxst.
981 4975 996 5010 u

163 5035 360 5109 Respondeas
373 5036 519 5094 Dominus
533 5038 619 5094 lesus
630 5036 674 5094 sic
687 5035 763 5094 disti
776 5035 814 5096 sd
825 5036 891 5096 illos
905 5055 913 5094 r

164 5145 180 5180 e
198 5123 275 5193 Quid
287 5124 373 5182 neus
384 5129 429 5182 est
441 5124 512 5184 huie
523 5124 618 5184 laxari
636 5125 681 5184 rel
692 5125 819 5184 erimine
830 5128 996 5196 gresssu‘l»

165 5219 230 5272 llaec
242 5213 373 5274 beminis
388 5216 462 5272 lteto
476 5213 558 5286 quod
575 5213 612 5275 sit
621 5213 692 5275 dats
704 5214 816 5289 quippe
830 5221 961 5289 poterim

164 5303 295 5360 Crimine
309 5301 442 5374 laxandi,
458 5300 547 5358 simul
559 5306 588 5364 et
601 5317 720 5375 gressus
728 5303 888 5361 tribuendi.

165 5395 222 5448 Vos
235 5397 263 5449 et
277 5392 329 5465 qui
344 5391 447 5466 populi
460 5391 552 5450 ,ansul
567 5393 688 5464 adsunt,
708 5392 817 5450 semite
830 5393 940 5452 cuneb'.

166 5481 242 5538 Dixit
256 5483 295 5538 ad
314 5485 461 5552 aegrotum
492 5499 499 5538 τ
522 5504 536 5532 u
554 5485 638 5544 llunc
664 5498 752 5554 surge
779 5487 807 5538 et
828 5483 944 5556 suscipe
956 5482 995 5540 le·

889 5575 994 5645 letum,

165 5662 305 5736 Corpore,
314 5661 405 5720 eorde
415 5676 490 5724 seno
504 5683 519 5715 e
534 5661 580 5722 Sic
589 5661 992 5736 coudscctoplimedbristo,

1078 1763 1082 1771 ·
1100 1748 1135 1802 Ut
1148 1746 1241 1802 modo
1259 1745 1389 1820 pellatur
1407 1746 1557 1802 ruentibus
1572 1747 1615 1802 irs
1628 1747 1700 1803 suis

1064 1834 1215 1892 Accedam
1228 1834 1308 1908 prior
1323 1839 1352 1892 ei
1366 1835 1467 1892 dinem
1483 1828 1539 1892 sitii
1558 1836 1638 1894 mille
1654 1837 1779 1906 salutes,

1099 1924 1128 1979 Si
1142 1924 1199 1980 hoe
1214 1924 1358 1998 placitum
1373 1923 1470 1994 luerit,
1486 1925 1555 1997 plus
1568 1940 1707 1981 resonare
1722 1925 1804 1980 volo.

1064 2013 1163 2068 Ludos
1175 2017 1205 2069 et
1215 2013 1322 2070 leudes
1334 2013 1470 2070 dieamus
1485 2014 1628 2082 carmine,
1644 2014 1760 2077 iratres,

1100 2105 1134 2159 Ut
1145 2104 1230 2176 pueri
1243 2102 1336 2173 digno
1350 2102 1560 2175 complaceant
1574 2103 1707 2160 modulo.

1064 2193 1177 2250 Centies
1188 2199 1216 2250 et
1229 2208 1320 2266 super
1333 2194 1398 2250 hec
1410 2193 1547 2250 millenas
1561 2193 1628 2250 dico
1644 2193 1755 2250 salutes

1097 2280 1234 2338 Patribus
1246 2285 1275 2337 et
1289 2281 1405 2336 cunetis
1420 2280 1561 2340 iratribus
1575 2281 1605 2336 in
1617 2281 1754 2338 Domino.

1062 2373 1229 2426 Ammoneo
1243 2369 1368 2440 ignaros
1382 2385 1491 2442 pueros
1512 2369 1701 2426 sermonibus
1714 2371 1789 2427 istos

1099 2463 1132 2516 st
1146 2460 1275 2518 tremula
1288 2476 1396 2518 revoco
1411 2475 1486 2516 voce
1500 2475 1569 2516 meo
1584 2460 1699 2530 grenio.

1062 2551 1142 2617 Quos
1166 2550 1324 2623 quondam
1351 2549 1451 2620 docui,
1479 2550 1648 2622 superbos
1675 2549 1777 2607 dearsit
1794 2555 1894 2622 grutu-

1792 2639 1859 2712 llari

1096 2732 1129 2786 Et
1144 2727 1226 2786 volui
1237 2727 1318 2786 refici
1338 2729 1471 2799 germine
1484 2729 1522 2785 de
1541 2729 1642 2785 studii.

1059 2817 1254 2890 inquantum
1270 2819 1363 2890 potui,
1377 2816 1433 2874 leci
1446 2833 1567 2891 quoque
1585 2818 1672 2889 signa
1686 2819 1822 2889 gerendi,

1095 2911 1177 2964 Nune
1191 2923 1305 2964 vacuos
1319 2908 1444 2964 lacrimo
1458 2907 1568 2987 sapius
1588 2913 1679 2980 atque
1694 2923 1794 2978 gemo.

1059 2997 1140 3067 Quos
1168 2997 1267 3068 genui,
1293 3009 1376 3052 nuno
1405 3011 1536 3064 aversor,
1564 2997 1636 3070 quis
1663 2998 1823 3054 stantibus
1838 3013 1889 3054 an·

1773 3089 1850 3159 [gor.

1096 3175 1238 3232 Sensibus
1251 3155 1504 3246 eversi,⁶·morlbus
1520 3175 1687 3247 improprii.

1059 3265 1118 3320 Neo
1129 3281 1177 3320 me
1193 3268 1389 3335 cognoscunt,
1405 3279 1459 3319 nee
1470 3263 1585 3336 seipsos
1597 3269 1698 3320 mente
1708 3265 1852 3338 rerisunt,

1095 3356 1130 3410 ut
1143 3353 1244 3410 dicant
1262 3353 1392 3426 pariter:
1410 3356 1458 3408 Est
1472 3367 1558 3408 meus
1574 3351 1627 3408 ists
1643 3353 1736 3408 Peter.

1059 3443 1189 3516 Eloquor
1199 3447 1228 3500 el
1243 3444 1410 3518 proprium,
1425 3459 1486 3498 uon
1504 3442 1618 3498 sentitis
1632 3443 1789 3512 genitorem
1804 3444 1818 3497 i

1095 3534 1183 3600 State,
1195 3532 1340 3589 renoscite
1356 3547 1421 3600 me;
1438 3547 1505 3587 sum
1516 3529 1728 3588 Pateriniacie.

1059 3621 1174 3694 Saeplus
1190 3621 1308 3692 edocui,
1325 3620 1440 3693 seriptis
1453 3619 1610 3692 verbisque
1623 3617 1735 3683 nutriri,

1064 3761 1065 3764 ,
1094 3711 1166 3767 Sum
1179 3710 1306 3767 mordax
1317 3709 1417 3778 verbo,
1433 3701 1552 3783 pectore
1568 3725 1621 3764 vos
1633 3707 1684 3763 sed
1698 3723 1774 3763 amo.

1058 3800 1106 3855 Est
1118 3815 1204 3856 meus
1218 3800 1272 3856 iste
1287 3798 1373 3856 labor
1387 3803 1532 3869 cassatus,
1543 3797 1677 3872 perditus
1691 3797 1797 3862 omnis,

1092 3890 1126 3944 Et
1140 3888 1231 3944 torvis
1246 3887 1340 3944 oculis
1353 3901 1401 3943 ms
1414 3887 1503 3943 simul
1517 3885 1675 3958 inspicitis.

1055 3975 1084 4031 Si
1098 3975 1228 4032 facerem
1243 3975 1317 4032 mihi
1329 3975 1495 4050 pendentes
1509 3989 1563 4048 per
1575 3974 1698 4045 cingula
1712 3973 1828 4032 enudas

1054 4065 1238 4123 Gesticulans
1249 4066 1405 4134 manibus,
1419 4065 1531 4121 lubrice
1546 4067 1629 4120 stans
1649 4061 1777 4136 pedibus
1792 4081 1799 4119 ε

1055 4155 1083 4213 Si
1093 4155 1184 4228 lupus
1198 4159 1249 4212 aut
1258 4170 1347 4212 ursus
1362 4154 1426 4226 (scd
1440 4153 1548 4210 vellem
1561 4153 1675 4224 lingere
1690 4152 1838 4226 uulpem).

1089 4243 1118 4302 Si
1128 4243 1228 4300 larvas
1244 4243 1373 4300 lacerem
1388 4242 1532 4299 lureileris
1545 4241 1690 4298 manibus
1706 4259 1713 4296 :

1053 4331 1181 4388 Dulciler
1193 4337 1246 4389 aut
1256 4332 1375 4388 tabulas
1388 4347 1508 4405 possem
1520 4346 1704 4406 componere
1714 4331 1854 4395 mendas,

1089 4421 1226 4493 Orpheus
1241 4423 1272 4477 ut
1282 4426 1408 4476 cantans
1421 4419 1576 4476 Euridicou
1590 4425 1713 4476 revocat
1729 4435 1736 4474 :

1053 4510 1082 4567 Si
1092 4525 1232 4567 canerem
1246 4509 1357 4566 multos
1368 4509 1448 4565 dulci
1464 4508 1670 4566 modulamine
1691 4509 1801 4564 leudos

1087 4597 1224 4672 Undique
1237 4603 1390 4656 currentes
1407 4615 1477 4655 eum
1492 4597 1616 4672 trepidis
1629 4596 1760 4671 pedibus
1771 4599 1778 4650 ¹:

1051 4685 1197 4743 Gauderel
1212 4685 1296 4754 mihi,
1308 4685 1360 4759 qui
1370 4686 1509 4760 proprior
1523 4685 1642 4742 visurus
1653 4685 1784 4748 adesset,

1089 4774 1241 4831 Ridiculus
1259 4779 1384 4831 cunctos
1399 4777 1572 4831 concuteret
1584 4789 1705 4847 pueros.

1053 4861 1161 4920 Fistula
1172 4862 1196 4918 si
1208 4861 1304 4918 duleis
1318 4862 1393 4934 inibi
1407 4862 1536 4923 tririsset
1550 4877 1618 4918 mss
1630 4860 1725 4924 labrs.

1086 4951 1204 5010 Risibus
1219 4951 1341 5008 alludis
1357 4951 1462 5008 oscula
1479 4951 1679 5023 conciperem.

1051 5041 1204 5099 veridicax
1217 5041 1316 5098 minor
1326 5045 1371 5098 est
1383 5041 1479 5108 vobis,
1491 5055 1584 5113 quam
1597 5038 1714 5108 angen
1738 5039 1891 5112 maridas,

1087 5131 1209 5202 Diligitis
1217 5131 1303 5203 jonos
1314 5147 1352 5186 sn
1373 5145 1461 5198 mage
1476 5145 1569 5202 quarn
1583 5129 1732 5186 metricos.

1051 5219 1163 5276 Ludere
1178 5218 1364 5282 carminibus
1377 5218 1484 5288 melius
1497 5233 1633 5291 nemque
1642 5215 1852 5288 unumst,

1086 5309 1158 5373 Qum
1169 5306 1283 5370 iaciunt
1295 5306 1431 5365 animum
1444 5319 1578 5366 crescere
1593 5311 1622 5363 st
1634 5304 1803 5375 ingenium

1050 5399 1106 5452 Vos
1122 5396 1230 5452 iterum
1244 5412 1352 5452 revoco
1368 5396 1547 5454 vocitamine
1561 5393 1647 5450 valde
1663 5393 1813 5466 preclaro.

1085 5483 1229 5542 Conlluite
1243 5485 1313 5554 huc,
1327 5483 1537 5557 pessinunte
1551 5496 1620 5556 que
1630 5481 1720 5542 snitu.

1048 5577 1112 5632 Non
1125 5587 1230 5630 omnes
1246 5573 1361 5642 odiunt,
1373 5571 1445 5645 quie
1459 5571 1584 5632 verbula
1603 5571 1680 5630 dura
1705 5570 1886 5644 loquuntr.

1079 5656 1177 5734 Diligit
1184 5660 1270 5721 baud
1280 5660 1393 5735 ornum,
1407 5659 1506 5736 lupide
1517 5659 1571 5738 qui
1584 5657 1728 5740 loqutus.
