3996 6178
152 58 218 111 ηπ
592 79 594 83 -
736 47 936 142 cnacmccu
959 20 1270 146 urenesuprulaqse.
1471 121 1473 126 ,
1586 114 1590 119 ,
1793 67 1860 156 ¹²⁷9

149 177 239 234 nibus
251 177 327 249 (219)
341 175 369 232 et
382 175 515 250 maxima
538 175 754 245 armigerorum
776 169 974 248 multitudine.
993 149 1015 225 ,i
1031 185 1214 240 gwerrarum
1231 159 1258 233 et
1277 177 1416 236 laborum
1439 181 1567 256 retinuit.
1592 183 1729 240 castrum
1746 169 1863 257 vynen·
1907 143 1916 160 ⁰

151 246 748 338 occurriteisproptervillaml'crin'ersen
761 259 978 334 (tillidommls
1031 259 1125 318 borch
1153 279 1172 321 a
1197 256 1305 322 e'or'riite
1331 251 1469 324 conrad'd
1491 261 1530 324 'de
1550 259 1779 342 werningerode
1805 262 1861 347 p'ro'

149 353 320 410 cherardus
348 352 517 426 episcopus,
545 355 574 408 et
602 351 695 428 prehc
716 348 884 409 diutissimo
902 349 980 402 ccm—
1033 357 1145 420 magna
1164 341 1285 410 summa
1306 355 1433 428 pecunie
1448 355 1528 413 emit.
1550 355 1685 416 Castrum
1698 359 1861 420 Blaucken·

148 443 254 513 misso,
280 442 443 500 auxihante
456 443 517 499 ileo
531 446 560 499 et
583 447 639 499 'sua
660 441 810 514 genitrice,
825 437 980 496 victoriam
1032 437 1127 496 borch
1141 443 1219 516 cepit
1233 443 1396 524 adjuvante
1408 443 1520 503 comite·
1530 445 1672 519 'lyderico
1682 448 1719 505 de
1730 451 1861 509 wernin-

150 532 312 604 gloriosam
338 529 432 588 nostrl
447 535 685 604 reportaverunt,
701 528 861 588 interiectis
875 543 980 600 quam·
1034 527 1153 598 gerode,
1169 531 1252 604 quod
1276 535 1376 590 tamen
1391 533 1422 590 iu
1435 524 1552 608 placitis
1574 540 1694 609 recepte
1708 537 1861 612 aliquanta

149 622 287 696 plurimis
302 621 338 657 ¹³⁸
352 620 605 690 adversariorum,
617 625 646 678 et
658 620 752 694 captis
762 616 980 691 dhccpredicto
1033 613 1168 688 pecuniae
1190 635 1310 678 summa
1331 619 1439 680 comite
1465 623 1502 660 ¹⁸⁰
1524 620 1678 681 Borchado
1701 622 1863 698 deRegen-

149 723 205 768 nec
231 707 292 767 non
317 709 459 783 episcopo
492 708 735 767 halberstadensi
761 708 879 764 alberto
910 721 980 761 cum
1034 707 1118 778 steyn
1136 707 1270 779 restituit,
1296 713 1433 768 castrum
1458 711 1666 784 Selymbrugge
1691 710 1862 788 construere

149 793 263 869 magna
278 811 400 855 suorum
423 791 623 860 multitudine.
649 797 793 870 aquibus
814 795 980 852 maximam
1034 793 1152 867 incepit.
1182 799 1214 852 ln
1229 795 1324 856 salina
1351 801 1439 874 Gyter
1453 801 1527 874 (224)
1553 802 1704 876 quosdam
1726 795 1861 859 redditus

147 885 274 961 pecunie
291 901 444 943 summam
459 883 522 960 ipse
543 885 684 943 dominus
705 891 806 943 noster
820 885 979 958 episcopus
1033 881 1129 939 dictos
1144 883 1335 959 bokpennige
1357 885 1467 946 abillis
1482 891 1519 948 de
1544 885 1692 966 Khystede
1707 891 1788 949 emit.
1803 879 1861 947 Vil-

147 979 323 1052 ertorquere
347 975 503 1050 potuisset,
529 975 582 1033 sed
604 973 714 1032 veritus
735 975 916 1032 tirannidem
936 987 981 1028 ar·
1033 972 1096 1029 lam
1110 973 1367 1032 muddesdeborch
1381 977 1453 1051 (225)
1472 983 1501 1036 et
1516 977 1621 1037 silvam
1635 976 1808 1038 attinentem
1821 977 1879 1037 ab*

147 1065 330 1139 chiepiscopi
343 1063 616 1136 ltagdeburgensis,
630 1065 683 1138 qui
698 1069 769 1121 tunc
796 1063 878 1136 apud
891 1065 982 1119 liare·
1034 1061 1090 1118 illis
1106 1059 1143 1119 de
1157 1063 1258 1120 ltoden
1281 1061 1428 1140 procerte
1453 1070 1579 1141 pecunie
1592 1087 1710 1128 summa
1724 1066 1862 1128 videlieet

145 1157 210 1212 lum
224 1151 367 1229 quartum
381 1155 594 1229 imperatorem
609 1171 719 1227 magne
734 1153 913 1211 auctoritatis
925 1153 979 1208 ha·
1033 1157 1086 1210 700
1101 1154 1135 1188 ¹⁶¹
1152 1145 1266 1210 markis
1280 1157 1475 1228 comparavit.
1493 1160 1621 1214 Domum
1634 1157 1785 1231 lapideam
1806 1171 1861 1216 seu

145 1239 283 1314 bebatur,
299 1249 328 1302 et
341 1244 431 1302 etiam
445 1245 611 1317 potentiam
635 1243 721 1301 ducis
735 1242 978 1315 ltagnijuniorls,
1033 1241 1185 1315 palacium
1212 1243 1242 1299 iu
1278 1245 1496 1318 Poppenboreh
1521 1245 1653 1303 edificari
1680 1244 1859 1320 procuravit.

146 1334 281 1406 quituue
294 1331 334 1391 ad
356 1319 483 1391 ducatus
505 1334 764 1391 Brnnswioensem
779 1337 807 1391 et
826 1332 980 1410 hunchur·
1033 1329 1151 1402 Organa
1170 1337 1271 1390 nostra
1286 1336 1367 1390 nova
1388 1335 1428 1391 ad
1453 1327 1593 1392 ornatum
1617 1335 1738 1392 ecclesie
1752 1331 1860 1412 nostra'e

147 1438 272 1492 gensem
287 1423 384 1480 fuerat
396 1423 552 1492 canimus,
569 1439 587 1480 a
607 1421 745 1498 predictis
760 1421 883 1499 captivis
899 1435 979 1477 sum·
1033 1419 1203 1494 sumptibus
1221 1416 1269 1479 100
1284 1424 1456 1498 marcarum
1472 1429 1500 1481 et
1514 1423 1589 1480 ultra
1608 1419 1740 1480 donavit.
1756 1415 1861 1480 Villam

146 1527 229 1568 mam
239 1509 374 1568 tridecim
383 1509 511 1568 millium
527 1511 698 1568 marearum
709 1505 863 1580 argentiis
874 1509 976 1567 amici·
996 1526 1017 1581 g
1032 1512 1129 1581 Peyue
1144 1526 1242 1588 prope¹
1252 1507 1423 1568 Kerkverde
1437 1529 1493 1585 pro
1517 1516 1566 1568 icc
1581 1511 1690 1568 marcis
1702 1505 1861 1585 compara-

145 1600 186 1656 tia
202 1594 361 1656 dumtaxat
368 1600 479 1673 recepit
495 1601 613 1658 ²⁸¹.Post
624 1600 682 1656 hoc
694 1604 759 1656 orta
774 1599 979 1655 estdisoordia
1004 1596 1017 1608 ''
1032 1598 1082 1654 vit.
1097 1597 1220 1674 insupe'r
1233 1595 1356 1657 calicem
1371 1599 1408 1657 de
1424 1617 1498 1658 auro
1521 1617 1597 1675 puro
1613 1599 1740 1670 gemmis
1755 1599 1863 1677 pretio-

146 1681 222 1744 i'nter
235 1687 394 1746 dominum
408 1691 545 1744 nostrum
560 1677 719 1762 epicopum
734 1693 762 1744 et
775 1705 811 1744 ex
826 1687 884 1745 alia
895 1691 978 1760 parte
1033 1685 1073 1740 sis
1086 1685 1267 1744 adornatum
1277 1687 1399 1745 ecclesie
1410 1681 1509 1746 nostr'e
1520 1676 1862 1766 dedit.snhiversa1·ium

145 1777 240 1834 duces
253 1780 390 1834 cttonem
415 1777 487 1850 (222)
506 1782 535 1835 et
557 1777 711 1835 sibertum
736 1779 807 1850 (222)
830 1779 867 1835 de
883 1777 976 1834 Brun-
1033 1789 1123 1830 suum
1137 1775 1261 1833 instituit
1285 1777 1478 1850 solempniter
1496 1775 1527 1834 lu
1543 1773 1670 1835 ecclesia
1693 1783 1795 1835 uestra
1809 1793 1861 1851 pe-

145 1863 252 1934 swigli;
264 1863 390 1938 quidam
402 1864 570 1932 def-,vasallis
582 1871 610 1922 et
625 1864 870 1921 ministerialibus
885 1865 976 1920 eccle·
1030 1857 1208 1932 regendum.
1225 1865 1332 1920 hidam
1358 1865 1559 1938 episcopalem
1582 1865 1671 1939 quasi
1689 1863 1820 1924 dirutam
1833 1869 1862 1922 et

146 1953 187 2008 sie
204 1951 457 2010 Hildensemensis
468 1953 610 2027 episcopo
622 1959 726 2010 nostro
737 1953 924 2016 rebellantes,
936 1953 976 2010 ad
1029 1955 1174 2009 vetustate
1181 1957 1393 2025 consumptam
1405 1953 1571 2010 reedificari
1581 1952 1762 2028 procuravit.
1776 1949 1861 2012 'clau-

143 2039 239 2096 dict'os
258 2039 350 2097 duces
373 2043 404 2096 se
426 2039 633 2123 contulerunt;
657 2041 733 2115 quos
758 2041 820 2115 ipse
844 2042 975 2098 domnus
1030 2044 1125 2097 strum
1135 2039 1390 2099 Caribusieusium
1403 2040 1540 2100 fundavit
1549 2039 1697 2116 adjutorio
1708 2028 1860 2101 bonorum

143 2123 348 2202 episcopusin
373 2131 472 2187 castro
496 2129 678 2188 Walmoden
703 2136 839 2204 potenter
857 2131 977 2188 obsedit
1029 2128 1162 2187 virorum
1178 2133 1206 2186 et
1219 2129 1385 2188 redditibus
1400 2132 1522 2190 dotavit.
1532 2133 1598 2207 lpse
1613 2134 1688 2188 rexit
1702 2129 1860 2189 ecclesiam

142 2210 204 2288 (αή.
231 2213 319 2286 iilic),
343 2223 372 2275 et
396 2219 472 2276 miro
487 2219 579 2276 modo
603 2235 657 2293 per
676 2219 855 2277 industriam
873 2218 976 2296 ipsum
1029 2223 1164 2276 nostram
1177 2220 1264 2276 annis
1288 2220 1407 2290 triginta
1430 2219 1534 2293 tritius,
1551 2224 1579 2278 et
1601 2227 1663 2278 erat
1677 2219 1738 2296 s'uis
1757 2219 1861 2276 subdi-

142 2307 274 2363 c'astrnm
288 2303 358 2364 cum
375 2291 454 2382 aque
471 2309 554 2364 iluxu
578 2315 765 2382 comportato
780 2325 889 2382 aggere
905 2307 975 2365 suh·'
1032 2307 1066 2363 tis
1082 2308 1237 2380 presertim
1253 2308 1366 2365 clericis
1379 2307 1506 2365 multum
1517 2307 1646 2366 affabilis
1658 2313 1686 2364 et
1699 2305 1859 2378 benignus

144 2387 240 2464 mergi
255 2390 323 2453 iecit
344 2401 372 2453 et
386 2409 422 2453 ex
448 2375 509 2453 icto
525 2395 647 2465 d‘estrul,
675 2402 764 2470 prout
786 2397 909 2455 intuitus
923 2397 976 2454 ho·
1031 2395 1085 2450 tuit
1096 2394 1277 2451 sufficienter
1289 2395 1444 2462 litteratae,
1459 2400 1488 2452 et
1500 2391 1568 2451 ideo
1581 2395 1759 2452 clericorum
1775 2394 1859 2476 tauc-

142 2481 264 2540 diernus
277 2483 459 2542 manifestat.
476 2481 599 2542 Sinistra
615 2489 715 2542 tamen
731 2488 837 2542 eventu
863 2487 975 2542 iactum
1031 2489 1085 2540 tor.
1096 2485 1190 2540 Etiam
1206 2484 1315 2541 multas
1331 2483 1481 2541 orationes
1496 2487 1525 2541 et
1539 2483 1702 2542 dictaturas¹
1717 2485 1778 2542 tam
1793 2499 1861 2562 pro

142 2573 186 2628 est
200 2567 291 2646 quod,
302 2571 481 2630 durantibus
489 2573 666 2650 huiusmodi
681 2571 975 2648 controversilspress
1030 2589 1138 2646 saycas
1152 2588 1244 2645 quam
1269 2569 1408 2631 metricas
1422 2589 1476 2648 per
1488 2573 1518 2628 se
1540 2567 1639 2647 ip'su'm
1655 2573 1748 2630 edidit
1761 2575 1789 2629 et
1799 2569 1861 2630 ilio-

143 2656 213 2718 alcu
228 2659 321 2718 duces
336 2661 461 2735 opidum
476 2659 600 2718 ecclesie
617 2665 727 2718 nostres
746 2662 867 2720 alvelde
888 2679 975 2740 cepe·
1030 2661 1108 2719 tavit.
1137 2663 1206 2736 lpse
1233 2651 1334 2718 autem
1361 2661 1392 2717 in
1414 2665 1490 2719 etate
1510 2658 1662 2736 decrepita
1690 2661 1859 2744 constituto,

142 2753 221 2819 runt,
249 2749 462 2823 spoliaverunt,
497 2755 526 2808 et
552 2755 683 2809 castrum
716 2767 830 2808 novum
862 2751 974 2810 ibidem
1030 2750 1141 2809 subditi
1157 2751 1202 2807 sul
1217 2756 1245 2809 et
1267 2751 1399 2809 riiaxlme
1412 2752 1534 2809 ecclesie
1553 2747 1660 2808 vasalli
1674 2749 1820 2808 tumultus
1833 2753 1862 2808 et

143 2842 301 2896 erexerunt
315 2839 376 2912 (on.
386 2839 474 2913 (370).
487 2839 543 2898 Sed
557 2841 700 2898 dominus
715 2843 792 2897 Deus
807 2842 834 2899 et
845 2843 897 2916 pia
912 2859 974 2900 me·
994 2869 1014 2922 0
1029 2857 1160 2912 gwerras
1173 2841 1250 2916 inter
1264 2837 1294 2898 se
1319 2855 1425 2912 graves
1444 2839 1680 2899 concitaverunt.
1703 2841 1735 2898 ln
1748 2839 1860 2914 quibus

143 2933 187 2984 ter
196 2929 261 2999 ejus
272 2944 334 2985 non
349 2927 432 2986 obliti
447 2927 647 2987 misericordie
669 2947 722 2987 suc
746 2929 801 2988 nac
815 2933 973 2989 ecclesiam
1031 2930 1155 2989 ecclesia
1170 2935 1272 2990 nostre
1286 2932 1417 2988 maxime
1431 2927 1607 3005 peliclitsita,
1618 2929 1725 3000 graves
1739 2927 1862 3005 oppres

146 3021 281 3074 nostram
292 3019 417 3075 omnino
428 3003 679 3094 derelinquentes
689 3037 725 3076 ex
737 3026 805 3092 post
815 3021 976 3094 aliqualem
1031 3019 1131 3076 sicnes
1146 3025 1174 3078 et
1188 3019 1313 3097 injurias
1329 3007 1504 3078 sustinebat.
1519 3017 1667 3094 Episco'p‘o
1684 3032 1755 3077 vero
1768 3031 1862 3094 prop-

144 3099 380 3162 consolationem
395 3105 579 3176 refuderunt,
605 3105 795 3181 disponendo
811 3103 894 3182 quod
910 3101 975 3166 'offi-
1030 3113 1074 3165 ter
1088 3109 1204 3166 senium
1215 3099 1370 3165 deficiente
1386 3111 1414 3165 et
1427 3103 1621 3166 rebellionem
1632 3109 1768 3182 ipsorum
1781 3105 1862 3164 com·

142 3190 210 3251 ciali
223 3193 339 3251 domiui
363 3195 455 3252 nostri
477 3191 611 3270 episcopi
632 3213 726 3271 prope
751 3202 882 3255 castrum
903 3198 977 3255 Wol-
1030 3197 1151 3270 pescere'
1165 3195 1227 3252 non
1241 3196 1369 3267 valente,
1385 3195 1452 3252 talis
1475 3196 1585 3252 modus
1600 3189 1766 3266 intervenit,
1779 3195 1862 3268 quod

142 3283 288 3357 densteyn
301 3281 405 3342 habito
420 3283 532 3343 insultu
542 3299 613 3343 cum
626 3287 816 3357 adversariis,
829 3291 863 3344 ti
878 3304 976 3344 arma·
1030 3285 1162 3342 domnus
1190 3287 1321 3342 loannes
1344 3283 1424 3341 fliius
1453 3283 1569 3342 comitis
1597 3283 1634 3340 de
1671 3282 1764 3357 hoya,
1791 3282 1863 3356 tunc

143 3377 188 3428 tos
211 3372 348 3446 pociores
369 3373 406 3430 de
431 3373 577 3432 dictorum
604 3376 715 3432 ducum
733 3374 868 3434 clientela
891 3370 975 3451 cepe·
1031 3373 1191 3447 episcopus
1206 3390 1258 3430 seu
1274 3373 1385 3432 electus
1409 3366 1722 3440 padeburnenscts;'ln
1737 3363 1863 3442 coadjui

143 3465 223 3530 rrmt,
233 3459 363 3528 ipsomet
372 3461 448 3519 (luce
461 3461 567 3520 ottone
578 3477 633 3536 per
647 3463 752 3536 fugam
763 3465 810 3520 vis
818 3459 973 3522 evadedte.
1029 3466 1124 3519 torem
1138 3461 1244 3518 domni
1271 3461 1405 3536 episcopi
1426 3459 1667 3518 llidensemehsis
1688 3461 1863 3534 assumptus¹

145 3551 184 3606 as
202 3543 271 3606 tirno
281 3549 546 3609 intervenientibus
559 3551 675 3626 placitis
687 3558 789 3622 treuge
804 3554 880 3610 lacte
896 3558 974 3624 sunt,
1030 3557 1082 3620 est,
1097 3552 1149 3624 qui
1172 3549 1346 3608 insolentias
1366 3555 1434 3607 ente
1447 3544 1566 3608 h‘ah'itai
1587 3529 1754 3616 retrentrit,
1774 3545 1863 3623 prout

144 3645 172 3696 et
188 3637 309 3696 tandem
324 3639 450 3714 opidum
474 3641 585 3698 Alvede
600 3637 670 3698 ‘cum
684 3647 780 3700 castro
794 3656 875 3698 novo
889 3637 975 3700 resti·¹
1030 3639 1198 3714 aliqualiter
1223 3641 1311 3711 tecit;
1337 3645 1399 3714 quo
1420 3639 1565 3696 translato
1588 3637 1627 3696 ed
1652 3637 1862 3716 episcopatum

145 3731 299 3786 tutumest
319 3729 417 3797 nobis,
434 3735 462 3786 et
483 3731 594 3806 captivi
617 3727 729 3786 ducum
743 3733 812 3787 suni
831 3731 915 3788 liberi
930 3731 974 3788 di·
1031 3731 1314 3798 hildensemensem,
1356 3729 1492 3787 domnus
1530 3718 1701 3788 cherardus
1742 3727 1863 3784 modico

143 3816 239 3875 uilssi.
258 3819 338 3876 idem
356 3817 499 3876 dominus
522 3823 622 3877 hoster
646 3821 808 3893 episcopus
833 3825 894 3876 toto
919 3837 975 3876 suo
1032 3825 1163 3892 tempore
1193 3819 1357 3890 supervixit
1378 3819 1425 3887 ¹⁸,
1451 3823 1480 3874 et
1503 3811 1663 3873 defunctus
1694 3816 1754 3886 (cn.
1782 3819 1861 3886 resa,

143 3901 277 3983 tempore
292 3909 402 3966 rutilias
414 3914 443 3966 et
457 3910 590 3966 diversas
602 3909 799 3967 adversitates
815 3911 844 3966 in
861 3908 973 3983 spoliis,
1030 3909 1106 3962 Nou.
1145 3908 1190 3970 l5)
1218 3905 1310 3977 apud
1341 3901 1567 3960 carthusienses
1600 3896 1862 3957 llildens'emenses'

143 3993 289 4055 incendiis
317 4002 345 4055 et
370 3991 583 4056 rebellionibus
607 4015 743 4069 suorum,
769 3999 809 4055 ab
834 3995 975 4056 omnibus
1031 3994 1176 4067 sepultus,
1206 3991 1327 4050 feliciter
1355 3994 1385 4048 in
1414 3991 1527 4049 Christo
1553 3981 1731 4063 requiescat.
1755 3993 1861 4058 Amen,

144 4086 426 4159 circumjacentibus
440 4084 578 4158 ducibus,
595 4083 758 4160 nobilibus,
772 4093 800 4144 st
815 4103 974 4161 oppresso·
1030 4073 1085 4141 etc‘.
1522 4081 1526 4088 '
1598 4076 1603 4096 ³

143 4169 227 4232 ribus
244 4177 306 4232 suis
331 4159 596 4250 Mpugnatoribu's
622 4175 797 4246 gravissime
813 4188 975 4271 perpessus
995 4213 1017 4266 D
1316 4169 1495 4228 JOHANNBS
1510 4171 1579 4226 ³8¹¹·-

144 4270 198 4332 est,
215 4265 268 4321 scd
284 4269 385 4322 tamen
402 4261 450 4321 ll‘ei
466 4269 494 4322 et
517 4261 666 4334 genitricis
680 4281 733 4321 sue
756 4259 842 4323 liaris
863 4265 980 4337 adjuto„
1069 4266 1143 4318 ante
1159 4257 1256 4316 dietus
1272 4263 1372 4315 autem
1382 4257 1532 4315 iohannes
1540 4255 1579 4316 ed
1589 4258 1798 4332 episcopatum
1806 4255 1864 4314 llil-

144 4356 199 4422 rio,
217 4357 246 4412 in
261 4372 324 4428 qua
338 4355 426 4429 plene
437 4355 619 4423 confidebat,
634 4355 666 4412 in
679 4355 803 4426 singulis
817 4355 975 4412 laudabili·
1030 4343 1257 4408 dense'mensem
1269 4347 1466 4420 promotus‚in
1479 4363 1534 4404 suo
1547 4347 1668 4404 introitu
1680 4345 1783 4419 a'liqua
1792 4344 1862 4400 satis

146 4451 189 4502 ter
203 4445 358 4520 prevaluit.
382 4446 520 4504 Castrum
534 4445 717 4502 calenberch
734 4445 862 4514 obsedit,
878 4452 905 4501 et
919 4444 976 4500 ilu-
1032 4447 1172 4497 strennue
1189 4433 1286 4509 gessit.
1305 4441 1378 4495 Nem
1391 4437 1499 4494 ducem
1515 4437 1705 4495 Frederlcuin'
1719 4428 1756 4490 de
1771 4435 1863 4489 lirun·

145 4534 227 4591 vium
244 4538 376 4608 leynam
398 4535 532 4602 abduxit,
558 4532 677 4605 magnis
701 4539 801 4602 tamen
822 4534 976 4592 laboribus
1031 4531 1246 4610 suiggterraur
1269 4528 1545 4584 hildensemensem
1562 4525 1784 4598 opprimentem
1798 4521 1861 4593 ipse

144 4628 173 4680 et
187 4623 337 4700 expensis,
350 4638 406 4706 pro
421 4627 453 4680 ut
462 4622 554 4716 liquet
565 4625 713 4688 Castrum.
725 4600 889 4696 coldingen
902 4601 977 4704 (223)
991 4643 994 4651 ’
1032 4607 1220 4702 compescuit
1228 4616 1513 4704 etrepressit.Etiam
1525 4619 1656 4698 castrum
1664 4595 1778 4687 V'redeu
1787 4611 1861 4706 (226)

146 4694 268 4788 ecclesie
292 4704 392 4770 nostre
423 4709 589 4786 aequisivit,
614 4728 668 4788 per
696 4709 791 4782 mulia
819 4698 978 4797 dispepdia
1032 4695 1543 4794 e'cclesieHilderrsemeirsimulium
1557 4695 1752 4800 prejudiciale
1769 4703 1861 4796 enpu-

832 4825 949 4907 ratde
969 4825 1170 4898 necatores

183 4943 216 4984 ¹⁸¹
232 4944 261 4998 et
274 4941 360 4999 addit
374 4957 400 4998 ο.
429 4942 467 4980 ⁸³⁹
481 4940 519 4998 de
533 4955 596 5014 qua
610 4941 740 5015 pecunia
756 4940 920 4999 construxit
932 4945 961 4998 et
975 4939 1090 4997 dotavit
1102 4954 1137 4994 ac
1151 4935 1287 4992 fundavit
1300 4932 1489 4990 carthusiam
1505 4946 1599 5005 prope
1614 4928 1739 4986 hildem,
1768 4928 1805 4969 us
1817 4928 1861 4984 tta

145 5029 171 5070 ο.
211 5015 246 5068 *2
262 5015 308 5070 llll
322 5030 348 5070 c.
364 5015 400 5050 ¹⁴³
415 5011 489 5070 obiit
503 5027 577 5084 ergo
591 5029 620 5071 a.
635 5015 669 5073 D.
685 5017 765 5072 taes.
780 5017 807 5070 2.
1211 5026 1215 5032 ·

947 5119 1066 5186 rote:

189 5232 244 5286 ste
268 5230 289 5284 t.
307 5245 332 5286 e.
347 5228 524 5287 baronibus.
1069 5225 1143 5287 (222)
1159 5223 1390 5292 Gottingensem.
1458 5291 1463 5302 ι

192 5303 246 5356 220
282 5303 424 5357 Farmsen
445 5300 484 5357 ah
507 5299 620 5357 oriente
641 5299 767 5356 civitatis
783 5319 789 5366 ;
812 5299 981 5358 chronicon
1069 5299 1140 5366 (222)
1152 5311 1171 5352 a
1183 5295 1288 5364 ldagnc
1303 5293 1379 5362 duce
1394 5293 1635 5366 oppigneratum.

146 5370 240 5428 sancti
254 5371 364 5443 AEgidii
378 5375 406 5430 et
420 5373 514 5429 Bothe
524 5371 728 5428 chaimessem
738 5375 767 5427 et
776 5371 899 5429 llinklar
911 5369 980 5430 scri·
1069 5367 1141 5440 (224)
1155 5365 1316 5448 salzgittcr.
1862 5433 1869 5438 ἱ

144 5441 230 5500 bunt.
943 5443 946 5451 '
1077 5439 1141 5511 225)
1156 5435 1574 5563 Μιοουοᾳροοῖιοβοηοονοο.

182 5513 255 5587 (222)
266 5512 570 5576 suederhstdensem.
1075 5510 1139 5584 226)
1152 5507 1193 5568 ad
1207 5507 1348 5581 temam,
1364 5501 1443 5598 sarid
1463 5504 1572 5600 procat
1593 5501 1856 5596 acshdtrsltfflm.
