4002 6174
109 257 154 312 595
452 253 497 309 ΕΤ
513 251 685 310 mutinen
701 251 996 310 Ascntrrrrnuna.
1016 255 1105 312 PARS
1123 258 1264 314 ALTERA
1282 257 1451 316 Garamas.

239 377 402 434 ANNALES
419 375 792 436 wursslttfflunuurtSES.

139 468 201 526 945.

139 703 190 758 945
204 699 286 772 (947).
302 698 406 756 litheid
417 698 522 770 regina
532 696 616 770 obiit,
635 695 684 754 cui
710 695 854 754 Adelheid
867 710 932 752 suc

106 787 200 846 cessit

139 968 201 1023 947.

138 1164 200 1219 945.
217 1160 346 1219 Sinodus
359 1161 397 1218 cd
413 1159 585 1232 Ingileheim
598 1164 790 1232 congregata,
805 1157 853 1215 cui
875 1161 931 1216 115-

103 1251 188 1307 51555
201 1250 317 1321 legatus
329 1248 511 1324 apostolicus
525 1248 674 1323 praesedit.

139 1343 202 1397 949.
217 1343 327 1397 lterum
341 1338 439 1396 55551
448 1339 609 1395 Grecorum
623 1337 663 1395 ad
675 1351 778 1407 regem
793 1338 930 1393 ottonem

103 1446 173 1486 cum
188 1427 399 1502 praeciossimis
411 1426 590 1484 muneribus
604 1430 751 1484 venerunt
761 1425 793 1482 in
817 1441 932 1482 memo·

101 1517 146 1574 ria
157 1517 296 1575 omnium
309 1519 483 1573 sanctorum
500 1519 548 1586 ;et
559 1517 625 1573 0555
650 1530 704 1572 rex
731 1513 813 1571 dedit
836 1513 931 1570 tiliam

102 1621 190 1663 suam
205 1603 345 1664 Conrado
357 1603 437 1661 duci.

136 1699 202 1753 950.
216 1694 384 1768 1155155515
393 1695 547 1765 55555555
563 1692 636 1766 (159)
665 1693 747 1750 5555.
775 1692 929 1763 Godefrid.

101 1785 252 1842 5555555515.

138 1877 202 1930 951.
215 1874 281 1930 Otto
292 1887 345 1928 rex
358 1869 489 1945 perrexit
509 1869 540 1928 15
566 1870 692 1938 ltaliam,
727 1875 755 1927 et
773 1867 932 1944 adquisivit

99 1960 304 2018 edelheidam
317 1961 453 2034 reginam
468 1979 475 2029 ;
488 1964 518 2018 55
530 1961 730 2032 Berengernm
744 1975 847 2030 regem
862 1957 932 2015 suh·

100 2048 182 2106 didit
193 2047 259 2106 sihi.

138 2931 202 2986 955.

139 3020 202 3074 555.
227 3016 302 3074 95515
323 3015 433 3074 acerba
456 3018 486 3072 et
507 3013 597 3072 nimis
624 3013 752 3072 crudelis
783 3012 932 3070 dissensio

101 3109 207 3162 exorta
222 3107 267 3162 est
279 3105 355 3162 inter
370 3103 541 3173 liutolfum,
563 3104 642 3175 regis
656 3102 763 3176 filium,
780 3101 930 3159 55551551-

100 3211 173 3252 5555
188 3197 330 3268 patruum
341 3210 440 3251 suum.
456 3194 569 3250 Eodem
583 3207 665 3250 5555
679 3192 804 3249 obsessa
817 3195 862 3249 est
875 3193 932 3248 lto

101 3283 208 3356 gentle
222 3287 251 3340 et
262 3282 389 3341 ltossad.

138 3714 203 3769 954.
218 3709 386 3768 Fridericus
404 3707 647 3784 archiepiscopus
661 3707 735 3766 obiit
749 3711 779 3765 et
793 3705 931 3764 Willihel-

100 3817 173 3858 mus
188 3800 342 3858 successit

137 4159 203 4212 955.
216 4156 282 4212 otto
296 4169 349 4212 rex
363 4153 509 4225 Ungarios
522 4169 593 4210 cum
607 4167 720 4223 megno
731 4150 865 4226 periculo
886 4149 934 4207 sui

100 4259 292 4317 suorumque
306 4259 419 4316 magna
432 4241 504 4302 cede
526 4241 688 4317 prostravit
698 4242 785 4313 juxte
807 4239 933 4297 fluvium

101 4333 182 4389 Lech
197 4332 230 4389 in
243 4332 395 4390 nativitate
407 4332 502 4389 sancti
529 4330 695 4399 Laurentii3
711 4330 741 4386 in
769 4327 934 4403 quostiam

100 4421 185 4478 bello
195 4421 260 4479 dux
274 4421 451 4480 cuonradus
467 4438 537 4480 cum
550 4420 615 4478 51115
630 4421 748 4477 5551555
760 4424 814 4476 555.

141 4938 365 4999 955115551155
378 4935 540 4996 1511511555
559 4935 699 5010 perrexit,
725 4949 854 5008 comque
879 4933 935 4992 sihi

106 5031 236 5102 subegit.

139 5652 210 5796 *tet
237 5649 396 5724 Spirensis.

159 5725 212 5781 155
234 5721 316 5781 deest
327 5723 356 5794 4,
370 5725 398 5778 5.

1757 267 1810 322 595

1213 382 1390 440 LAMBERTI
1409 383 1585 442 ANNALES.

1019 469 1081 524 945.
1093 469 1192 526 Nuntii
1207 472 1377 528 Groecorum
1392 472 1432 530 ed
1443 488 1547 544 regern
1571 476 1708 532 ottonem
1722 491 1809 534 5555

982 541 1054 664 Ἠ
1058 554 1134 666 ι5515
1148 542 1267 612 magnis
1285 543 1461 601 muncrihus
1488 545 1520 602 in
1549 545 1649 616 vigilia
1675 547 1810 604 omnium

1041 625 1057 665 5
1088 625 1166 667 rum.

1019 699 1075 844 945
1087 700 1171 773 (947).
1185 701 1279 758 Elhcit
1293 703 1397 776 regina
1412 702 1486 761 obiit
1501 722 1508 774 ;
1522 705 1571 762 551
1582 705 1720 764 Adelheit
1744 721 1811 763 suc-

985 801 1084 844 cessr.
1130 803 1134 810 ·

1021 967 1083 1021 947.

1019 1160 1082 1214 948.
1101 1159 1242 1231 synodus
1258 1159 1298 1216 ad
1317 1159 1527 1230 ingelemheim
1551 1169 1732 1236 congregate
1754 1167 1808 1232 555,

985 1244 1033 1300 551
1048 1247 1177 1305 Marinus
1185 1247 1303 1319 legatus
1314 1250 1495 1322 apostolicus
1509 1251 1658 1324 praesedit.

1020 1338 1082 1392 949.
1100 1341 1209 1394 lterum
1224 1338 1326 1395 nuncii
1341 1339 1512 1397 Groecorum
1540 1339 1579 1396 ad
1602 1355 1702 1412 regem
1731 1343 1811 1398 Otto·

985 1439 1054 1480 nem
1067 1426 1295 1498 preciosissimis
1308 1428 1487 1486 muneribus
1508 1433 1655 1486 venerunt
1681 1428 1753 1502 (155)
1781 1429 1813 1486 15

984 1513 1132 1572 memoria
1144 1515 1281 1572 omnium
1298 1519 1471 1574 sanctorum
1490 1534 1496 1585 ;
1523 1520 1551 1574 et
1570 1519 1636 1575 Otto
1656 1532 1709 1574 rex
1732 1516 1814 1574 dedit

984 1599 1079 1658 filiam
1094 1603 1253 1660 Cuomedo
1268 1603 1349 1661 duci.

1020 1694 1083 1748 955.
1097 1693 1220 1749 Factum
1234 1695 1279 1748 555
1292 1707 1439 1764 magnum
1449 1691 1591 1767 proeliurn
1602 1692 1679 1751 inter
1705 1693 1812 1764 Bajoc·

984 1776 1045 1834 rios
1059 1782 1088 1836 et
1100 1778 1254 1849 Ungarios.

1020 1871 1082 1924 951.
1099 1870 1165 1926 Otto
1176 1883 1229 1926 rex
1242 1869 1373 1943 perrexit
1385 1869 1417 1926 in
1441 1867 1566 1941 ltaliam,
1594 1873 1624 1927 55
1651 1868 1814 1944 adquisivit

985 1956 1182 2014 Adelheidem
1195 1958 1331 2030 reginam
1343 1977 1351 2028 3
1366 1963 1395 2016 55
1403 1959 1587 2031 Berngerum
1594 1973 1697 2030 regem
1709 1957 1812 2016 subdi-

984 2045 1029 2102 dit
1038 2045 1104 2103 sibi.

1020 2949 1083 3004 951.

1020 3037 1083 3092 959.
1096 3033 1190 3093 Nimis
1206 3034 1334 3092 crudelis
1360 3033 1509 3091 dissensio
1536 3037 1641 3092 exorta
1668 3036 1815 3093 55515555

986 3123 1167 3196 Liudollum,
1186 3123 1266 3195 regis
1292 3123 1398 3192 filium,
1424 3127 1453 3180 55
1475 3123 1647 3182 5515515555
1672 3127 1815 3198 petrum

986 3229 1086 3270 suurn.
1104 3213 1216 3270 Eodem
1235 3227 1317 3269 5555
1331 3211 1458 3268 obsessa
1467 3212 1617 3282 ltogontie
1629 3215 1658 3267 et
1671 3211 1817 3268 Rossedol

985 3299 1154 3370 castollum,
1167 3299 1308 3374 iactaque
1322 3299 1412 3358 estin
1426 3298 1477 3356 illo
1491 3297 1559 3356 loco
1573 3314 1688 3371 magne
1699 3313 1815 3371 pugne.

1020 3729 1083 3785 954.
1106 3727 1272 3784 thidericus
1299 3725 1544 3799 archiepiscopus
1569 3725 1816 3797 ttossontiacensis

985 3814 1069 3884 obiit,
1083 3814 1131 3872 cui
1144 3813 1328 3887 wilhelmus,
1341 3811 1421 3872 filius
1434 3813 1526 3882 regis,
1537 3813 1691 3870 successit.

1023 4172 1086 4226 955.
1099 4169 1164 4224 Otto
1176 4181 1229 4223 rex
1242 4163 1388 4236 Ungarios
1403 4178 1474 4220 cum
1494 4176 1609 4234 magno
1622 4161 1755 4238 periculo
1771 4163 1818 4222 sui

988 4272 1174 4330 suorumque
1189 4269 1303 4326 magna
1317 4253 1398 4312 caede
1411 4252 1574 4327 prostravit
1587 4253 1618 4311 15
1634 4253 1762 4312 Lechielt
1786 4252 1818 4312 15

987 4345 1082 4404 555511
1097 4345 1193 4402 555551
1208 4343 1356 4402 Laurentii
1372 4361 1379 4413 ;
1395 4343 1426 4399 in
1452 4357 1514 4417 quo
1536 4343 1626 4410 etiem
1651 4343 1731 4401 bello
1754 4344 1818 4401 dux

989 4435 1166 4496 cuonradus
1178 4451 1249 4492 cum
1263 4433 1327 4491 aliis
1341 4431 1444 4491 multis
1456 4432 1572 4491 occisus
1584 4437 1639 4491 est.
1662 4433 1817 4491 Heinricus

989 4541 1121 4600 quoque,
1136 4525 1199 4582 dux
1209 4523 1428 4597 Bcjoariorum,
1444 4522 1527 4580 obiit.

1026 4957 1089 5012 955.
1115 4949 1304 5008 ltuodhertue
1341 4947 1528 5021 archiepisco
1551 4960 1587 4999 us
1627 4941 1820 5001 Trercrensis

990 5025 1065 5083 obiit
1079 5023 1127 5080 551
1142 5020 1296 5078 1151551555
1311 5018 1453 5076 suecessit
1468 5036 1476 5086 ς
1492 5019 1521 5073 55
1558 5011 1722 5096 ademarus
1752 5013 1820 5072 Ful·

991 5094 1093 5153 densis
1104 5092 1201 5150 obbas
1213 5089 1295 5158 obiit,
1311 5089 1360 5148 cui
1370 5088 1458 5145 Hstto
1474 5087 1626 5142 successrt.
1639 5083 1752 5142 Eodem
1767 5101 1821 5144 an·

991 5180 1033 5222 no
1046 5161 1199 5220 liudolfus
1209 5160 1240 5217 in
1250 5157 1367 5216 ltaliem
1379 5155 1519 5231 perrexit,
1531 5171 1661 5229 eamque
1685 5155 1743 5213 sihi
1768 5175 1819 5216 su-

991 5234 1083 5316 begit.
1100 5235 1134 5287 nt
1148 5230 1220 5303 (151)
1235 5228 1387 5300 1155515355
1400 5225 1608 5285 herveldensis
1622 5227 1719 5286 abbas
1734 5229 1819 5302 obiit,

993 5301 1181 5371 5551153555
1193 5299 1344 5357 successit.

1030 5639 1150 5716 (151)Ε5
1160 5631 1303 5694 suecessit
1318 5633 1425 5693 derum
1435 5638 1462 5692 4.
