<?xml version="1.0" encoding="UTF-8"?>
<!DOCTYPE html PUBLIC "-//W3C//DTD XHTML 1.0 Transitional//EN"
    "http://www.w3.org/TR/xhtml1/DTD/xhtml1-transitional.dtd">
<html xmlns="http://www.w3.org/1999/xhtml" xml:lang="en" lang="en">
 <head>
  <title>
</title>
<meta http-equiv="Content-Type" content="text/html;charset=utf-8" />
  <meta name='ocr-system' content='tesseract 3.04.00' />
  <meta name='ocr-capabilities' content='ocr_page ocr_carea ocr_par ocr_line ocrx_word'/>
</head>
<body>
  <div class='ocr_page' id='page_1' title='image "./patrologiaecurs127unkngoog/patrologiaecurs127unkngoog_0734.png"; bbox 0 0 3990 6184; ppageno 0'>
   <div class='ocr_carea' id='block_1_1' title="bbox 165 141 1877 246">
    <p class='ocr_par' dir='ltr' id='par_1_1' title="bbox 165 141 1877 246">
     <span class='ocr_line' id='line_1_1' title="bbox 165 141 1877 246; baseline -0.006 -2"><span class='ocrx_word' id='word_1_1' title='bbox 165 187 231 246; x_wconf 83' lang='lat' dir='ltr'>nor</span> <span class='ocrx_word' id='word_1_2' title='bbox 528 187 536 192; x_wconf 91' lang='lat'>·</span> <span class='ocrx_word' id='word_1_3' title='bbox 675 181 903 243; x_wconf 81' lang='lat' dir='ltr'>anoaananrn</span> <span class='ocrx_word' id='word_1_4' title='bbox 922 175 1073 236; x_wconf 82' lang='lat' dir='ltr'>aaasrrs</span> <span class='ocrx_word' id='word_1_5' title='bbox 1102 180 1347 240; x_wconf 81' lang='lat' dir='ltr'>cauruannsrs.</span> <span class='ocrx_word' id='word_1_6' title='bbox 1663 141 1669 150; x_wconf 61' lang='grc'><em>’</em></span> <span class='ocrx_word' id='word_1_7' title='bbox 1802 179 1877 234; x_wconf 77' lang='lat' dir='ltr'>isos</span> 
     </span>
    </p>
   </div>
   <div class='ocr_carea' id='block_1_2' title="bbox 163 299 1885 3414">
    <p class='ocr_par' dir='ltr' id='par_1_2' title="bbox 163 299 1885 3414">
     <span class='ocr_line' id='line_1_2' title="bbox 199 299 1877 385; baseline -0.008 -15"><span class='ocrx_word' id='word_1_8' title='bbox 199 317 225 370; x_wconf 80' lang='lat'>5.</span> <span class='ocrx_word' id='word_1_9' title='bbox 246 313 339 385; x_wconf 86' lang='lat' dir='ltr'>liujus</span> <span class='ocrx_word' id='word_1_10' title='bbox 351 327 422 382; x_wconf 88' lang='lat' dir='ltr'>ergo</span> <span class='ocrx_word' id='word_1_11' title='bbox 443 316 551 367; x_wconf 88' lang='lat' dir='ltr'>aventu</span> <span class='ocrx_word' id='word_1_12' title='bbox 564 309 687 382; x_wconf 90' lang='lat' dir='ltr'>itineris,</span> <span class='ocrx_word' id='word_1_13' title='bbox 702 309 747 368; x_wconf 91' lang='lat' dir='ltr'>vir</span> <span class='ocrx_word' id='word_1_14' title='bbox 763 307 813 366; x_wconf 92' lang='lat' dir='ltr'>iiei</span> <span class='ocrx_word' id='word_1_15' title='bbox 827 304 986 374; x_wconf 82' lang='lat' dir='ltr'>angelran-</span> <span class='ocrx_word' id='word_1_16' title='bbox 1002 304 1027 358; x_wconf 82' lang='grc' dir='ltr'><strong>Δ</strong></span> <span class='ocrx_word' id='word_1_17' title='bbox 1047 300 1262 362; x_wconf 77' lang='lat' dir='ltr'>benevolentiae</span> <span class='ocrx_word' id='word_1_18' title='bbox 1276 309 1322 362; x_wconf 90' lang='lat' dir='ltr'>sat</span> <span class='ocrx_word' id='word_1_19' title='bbox 1334 309 1379 362; x_wconf 90' lang='lat' dir='ltr'>est</span> <span class='ocrx_word' id='word_1_20' title='bbox 1393 303 1563 362; x_wconf 87' lang='lat' dir='ltr'>animarum</span> <span class='ocrx_word' id='word_1_21' title='bbox 1584 303 1712 361; x_wconf 67' lang='lat' dir='ltr'>salumin</span> <span class='ocrx_word' id='word_1_22' title='bbox 1724 299 1877 368; x_wconf 79' lang='lat' dir='ltr'>obtinere,</span> 
     </span>
     <span class='ocr_line' id='line_1_3' title="bbox 163 389 1880 472; baseline -0.007 -14"><span class='ocrx_word' id='word_1_23' title='bbox 163 417 221 459; x_wconf 92' lang='lat' dir='ltr'>nus</span> <span class='ocrx_word' id='word_1_24' title='bbox 234 401 273 458; x_wconf 90' lang='lat' dir='ltr'>ad</span> <span class='ocrx_word' id='word_1_25' title='bbox 286 401 374 471; x_wconf 84' lang='lat' dir='ltr'>Regis</span> <span class='ocrx_word' id='word_1_26' title='bbox 386 399 521 460; x_wconf 90' lang='lat' dir='ltr'>notitiam</span> <span class='ocrx_word' id='word_1_27' title='bbox 537 399 644 468; x_wconf 53' lang='lat' dir='ltr'>veniis</span> <span class='ocrx_word' id='word_1_28' title='bbox 658 401 842 472; x_wconf 90' lang='lat' dir='ltr'>quapropter</span> <span class='ocrx_word' id='word_1_29' title='bbox 860 395 925 468; x_wconf 89' lang='lat' dir='ltr'>ipse</span> <span class='ocrx_word' id='word_1_30' title='bbox 937 408 990 448; x_wconf 89' lang='lat' dir='ltr'>rex</span> <span class='ocrx_word' id='word_1_31' title='bbox 1047 391 1098 448; x_wconf 88' lang='lat' dir='ltr'>sed</span> <span class='ocrx_word' id='word_1_32' title='bbox 1115 397 1198 451; x_wconf 90' lang='lat' dir='ltr'>curat</span> <span class='ocrx_word' id='word_1_33' title='bbox 1212 394 1302 452; x_wconf 89' lang='lat' dir='ltr'>etiam</span> <span class='ocrx_word' id='word_1_34' title='bbox 1321 394 1444 451; x_wconf 87' lang='lat' dir='ltr'>terrenis</span> <span class='ocrx_word' id='word_1_35' title='bbox 1468 393 1601 450; x_wconf 79' lang='lat' dir='ltr'>aediliciis</span> <span class='ocrx_word' id='word_1_36' title='bbox 1618 392 1720 450; x_wconf 86' lang='lat' dir='ltr'>iocum</span> <span class='ocrx_word' id='word_1_37' title='bbox 1734 389 1880 448; x_wconf 71' lang='lat' dir='ltr'>wmmis·</span> 
     </span>
     <span class='ocr_line' id='line_1_4' title="bbox 163 482 1880 561; baseline -0.008 -12"><span class='ocrx_word' id='word_1_38' title='bbox 163 506 225 549; x_wconf 90' lang='lat' dir='ltr'>non</span> <span class='ocrx_word' id='word_1_39' title='bbox 251 505 321 547; x_wconf 91' lang='lat' dir='ltr'>eum</span> <span class='ocrx_word' id='word_1_40' title='bbox 344 490 420 546; x_wconf 88' lang='lat' dir='ltr'>inter</span> <span class='ocrx_word' id='word_1_41' title='bbox 445 488 566 548; x_wconf 86' lang='lat' dir='ltr'>iniimos</span> <span class='ocrx_word' id='word_1_42' title='bbox 593 487 760 561; x_wconf 88' lang='lat' dir='ltr'>relinquere</span> <span class='ocrx_word' id='word_1_43' title='bbox 785 485 874 542; x_wconf 89' lang='lat' dir='ltr'>corde</span> <span class='ocrx_word' id='word_1_44' title='bbox 904 487 990 539; x_wconf 87' lang='lat' dir='ltr'>tenus</span> <span class='ocrx_word' id='word_1_45' title='bbox 1044 484 1422 558; x_wconf 86' lang='lat' dir='ltr'>sumhonorare.itenique</span> <span class='ocrx_word' id='word_1_46' title='bbox 1436 484 1549 541; x_wconf 82' lang='lat' dir='ltr'>moenia</span> <span class='ocrx_word' id='word_1_47' title='bbox 1565 482 1880 550; x_wconf 71' lang='lat' dir='ltr'>sanxitsacrasaras</span> 
     </span>
     <span class='ocr_line' id='line_1_5' title="bbox 163 572 1883 650; baseline -0.007 -14"><span class='ocrx_word' id='word_1_48' title='bbox 163 577 297 637; x_wconf 78' lang='lat' dir='ltr'><strong>ambivit.</strong></span> <span class='ocrx_word' id='word_1_49' title='bbox 326 577 444 635; x_wconf 79' lang='lat' dir='ltr'><strong>Interim</strong></span> <span class='ocrx_word' id='word_1_50' title='bbox 473 593 555 647; x_wconf 88' lang='lat' dir='ltr'>vero,</span> <span class='ocrx_word' id='word_1_51' title='bbox 581 578 655 634; x_wconf 93' lang='lat' dir='ltr'>dum</span> <span class='ocrx_word' id='word_1_52' title='bbox 680 593 732 632; x_wconf 86' lang='lat' dir='ltr'>rex</span> <span class='ocrx_word' id='word_1_53' title='bbox 760 572 903 650; x_wconf 77' lang='lat' dir='ltr'>perquirit</span> <span class='ocrx_word' id='word_1_54' title='bbox 929 587 990 645; x_wconf 91' lang='lat' dir='ltr'>quo</span> <span class='ocrx_word' id='word_1_55' title='bbox 1045 587 1119 628; x_wconf 89' lang='lat' dir='ltr'>auro</span> <span class='ocrx_word' id='word_1_56' title='bbox 1134 576 1162 630; x_wconf 92' lang='lat' dir='ltr'>et</span> <span class='ocrx_word' id='word_1_57' title='bbox 1176 578 1300 644; x_wconf 88' lang='lat' dir='ltr'>argento</span> <span class='ocrx_word' id='word_1_58' title='bbox 1314 573 1439 645; x_wconf 82' lang='lat' dir='ltr'>vestivit,</span> <span class='ocrx_word' id='word_1_59' title='bbox 1451 573 1616 647; x_wconf 82' lang='lat' dir='ltr'>Christique</span> <span class='ocrx_word' id='word_1_60' title='bbox 1630 586 1702 628; x_wconf 88' lang='lat' dir='ltr'>vasa</span> <span class='ocrx_word' id='word_1_61' title='bbox 1717 583 1883 626; x_wconf 78' lang='lat' dir='ltr'>sacmsm·</span> 
     </span>
     <span class='ocr_line' id='line_1_6' title="bbox 163 659 1880 742; baseline -0.006 -17"><span class='ocrx_word' id='word_1_62' title='bbox 163 684 234 725; x_wconf 92' lang='lat' dir='ltr'>eam</span> <span class='ocrx_word' id='word_1_63' title='bbox 257 669 370 727; x_wconf 87' lang='lat' dir='ltr'>bonore</span> <span class='ocrx_word' id='word_1_64' title='bbox 396 668 507 738; x_wconf 81' lang='lat' dir='ltr'>traiciat,</span> <span class='ocrx_word' id='word_1_65' title='bbox 528 684 647 742; x_wconf 88' lang='lat' dir='ltr'>semper</span> <span class='ocrx_word' id='word_1_66' title='bbox 668 664 858 725; x_wconf 90' lang='lat' dir='ltr'>venerandus</span> <span class='ocrx_word' id='word_1_67' title='bbox 882 661 991 734; x_wconf 80' lang='lat' dir='ltr'>Angei—</span> <span class='ocrx_word' id='word_1_68' title='bbox 1045 668 1093 720; x_wconf 89' lang='lat' dir='ltr'>cta</span> <span class='ocrx_word' id='word_1_69' title='bbox 1111 678 1167 735; x_wconf 91' lang='lat' dir='ltr'>pro</span> <span class='ocrx_word' id='word_1_70' title='bbox 1188 679 1277 737; x_wconf 88' lang='lat' dir='ltr'>posse</span> <span class='ocrx_word' id='word_1_71' title='bbox 1301 663 1463 738; x_wconf 87' lang='lat' dir='ltr'>ampliavit.</span> <span class='ocrx_word' id='word_1_72' title='bbox 1481 662 1687 720; x_wconf 74' lang='lat' dir='ltr'><strong>Delectabatur</strong></span> <span class='ocrx_word' id='word_1_73' title='bbox 1700 659 1797 735; x_wconf 86' lang='lat' dir='ltr'>piane</span> <span class='ocrx_word' id='word_1_74' title='bbox 1811 672 1880 714; x_wconf 85' lang='lat' dir='ltr'>sen-</span> 
     </span>
     <span class='ocr_line' id='line_1_7' title="bbox 163 747 1881 831; baseline -0.008 -16"><span class='ocrx_word' id='word_1_75' title='bbox 163 772 278 816; x_wconf 88' lang='lat' dir='ltr'>rannus</span> <span class='ocrx_word' id='word_1_76' title='bbox 305 773 361 815; x_wconf 90' lang='lat' dir='ltr'>sua</span> <span class='ocrx_word' id='word_1_77' title='bbox 382 757 599 815; x_wconf 71' lang='lat' dir='ltr'>inhabitatione</span> <span class='ocrx_word' id='word_1_78' title='bbox 630 756 785 816; x_wconf 79' lang='lat' dir='ltr'>centulam</span> <span class='ocrx_word' id='word_1_79' title='bbox 811 753 938 820; x_wconf 85' lang='lat' dir='ltr'>exaitat;</span> <span class='ocrx_word' id='word_1_80' title='bbox 963 754 992 807; x_wconf 93' lang='lat' dir='ltr'>et</span> <span class='ocrx_word' id='word_1_81' title='bbox 1045 755 1127 808; x_wconf 90' lang='lat' dir='ltr'>otum</span> <span class='ocrx_word' id='word_1_82' title='bbox 1141 751 1295 823; x_wconf 80' lang='lat' dir='ltr'>ingenium</span> <span class='ocrx_word' id='word_1_83' title='bbox 1310 751 1392 809; x_wconf 93' lang='lat' dir='ltr'>bono</span> <span class='ocrx_word' id='word_1_84' title='bbox 1406 767 1507 826; x_wconf 89' lang='lat' dir='ltr'>opere,</span> <span class='ocrx_word' id='word_1_85' title='bbox 1522 750 1703 824; x_wconf 88' lang='lat' dir='ltr'>pascebatur</span> <span class='ocrx_word' id='word_1_86' title='bbox 1722 747 1881 831; x_wconf 28' lang='lat' dir='ltr'>pianmcns</span> 
     </span>
     <span class='ocr_line' id='line_1_8' title="bbox 163 835 1882 918; baseline -0.006 -17"><span class='ocrx_word' id='word_1_87' title='bbox 163 844 302 918; x_wconf 88' lang='lat' dir='ltr'>provenit</span> <span class='ocrx_word' id='word_1_88' title='bbox 327 848 387 903; x_wconf 85' lang='lat' dir='ltr'>iieo</span> <span class='ocrx_word' id='word_1_89' title='bbox 414 845 581 911; x_wconf 78' lang='lat' dir='ltr'>ordinante,</span> <span class='ocrx_word' id='word_1_90' title='bbox 607 850 639 902; x_wconf 89' lang='lat' dir='ltr'>ut</span> <span class='ocrx_word' id='word_1_91' title='bbox 662 842 785 901; x_wconf 79' lang='lat' dir='ltr'>abbatia</span> <span class='ocrx_word' id='word_1_92' title='bbox 809 837 992 900; x_wconf 79' lang='lat' dir='ltr'>centulensis</span> <span class='ocrx_word' id='word_1_93' title='bbox 1046 845 1151 899; x_wconf 87' lang='lat' dir='ltr'>sancta</span> <span class='ocrx_word' id='word_1_94' title='bbox 1163 841 1381 900; x_wconf 87' lang='lat' dir='ltr'>exercitatione.</span> <span class='ocrx_word' id='word_1_95' title='bbox 1396 843 1510 898; x_wconf 91' lang='lat' dir='ltr'>interea</span> <span class='ocrx_word' id='word_1_96' title='bbox 1523 840 1667 898; x_wconf 81' lang='lat' dir='ltr'>Notirerus</span> <span class='ocrx_word' id='word_1_97' title='bbox 1685 835 1882 895; x_wconf 83' lang='lat' dir='ltr'>Laodicensis</span> 
     </span>
     <span class='ocr_line' id='line_1_9' title="bbox 163 923 1881 1007; baseline -0.008 -15"><span class='ocrx_word' id='word_1_98' title='bbox 163 939 289 1007; x_wconf 86' lang='lat' dir='ltr'>paterna</span> <span class='ocrx_word' id='word_1_99' title='bbox 302 933 469 1007; x_wconf 81' lang='lat' dir='ltr'>privaretur</span> <span class='ocrx_word' id='word_1_100' title='bbox 484 933 691 991; x_wconf 87' lang='lat' dir='ltr'>sollieitudine.</span> <span class='ocrx_word' id='word_1_101' title='bbox 706 936 840 990; x_wconf 81' lang='lat' dir='ltr'>Fratrum</span> <span class='ocrx_word' id='word_1_102' title='bbox 859 943 930 999; x_wconf 87' lang='lat' dir='ltr'>ergo</span> <span class='ocrx_word' id='word_1_103' title='bbox 942 943 991 984; x_wconf 89' lang='lat' dir='ltr'>sa·</span> <span class='ocrx_word' id='word_1_104' title='bbox 1045 930 1215 1004; x_wconf 89' lang='lat' dir='ltr'>episcopus,</span> <span class='ocrx_word' id='word_1_105' title='bbox 1225 931 1272 986; x_wconf 90' lang='lat' dir='ltr'>cui</span> <span class='ocrx_word' id='word_1_106' title='bbox 1285 930 1427 988; x_wconf 91' lang='lat' dir='ltr'>adomno</span> <span class='ocrx_word' id='word_1_107' title='bbox 1441 928 1595 1001; x_wconf 91' lang='lat' dir='ltr'>ingelardo</span> <span class='ocrx_word' id='word_1_108' title='bbox 1609 927 1720 984; x_wconf 88' lang='lat' dir='ltr'>abbate</span> <span class='ocrx_word' id='word_1_109' title='bbox 1733 923 1881 998; x_wconf 76' lang='lat' dir='ltr'>quaedam</span> 
     </span>
     <span class='ocr_line' id='line_1_10' title="bbox 163 1013 1884 1094; baseline -0.005 -16"><span class='ocrx_word' id='word_1_110' title='bbox 163 1021 256 1079; x_wconf 90' lang='lat' dir='ltr'>nioris</span> <span class='ocrx_word' id='word_1_111' title='bbox 269 1023 384 1080; x_wconf 88' lang='lat' dir='ltr'>consilii</span> <span class='ocrx_word' id='word_1_112' title='bbox 399 1023 541 1080; x_wconf 80' lang='lat' dir='ltr'>concordi</span> <span class='ocrx_word' id='word_1_113' title='bbox 556 1022 698 1081; x_wconf 89' lang='lat' dir='ltr'>electione</span> <span class='ocrx_word' id='word_1_114' title='bbox 712 1022 742 1079; x_wconf 93' lang='lat' dir='ltr'>id</span> <span class='ocrx_word' id='word_1_115' title='bbox 758 1019 846 1078; x_wconf 86' lang='lat' dir='ltr'>offleii</span> <span class='ocrx_word' id='word_1_116' title='bbox 862 1017 992 1092; x_wconf 89' lang='lat' dir='ltr'>suscipe·</span> <span class='ocrx_word' id='word_1_117' title='bbox 1046 1020 1144 1076; x_wconf 87' lang='lat' dir='ltr'>Sancti</span> <span class='ocrx_word' id='word_1_118' title='bbox 1159 1020 1286 1077; x_wconf 87' lang='lat' dir='ltr'>Richarii</span> <span class='ocrx_word' id='word_1_119' title='bbox 1308 1020 1423 1094; x_wconf 71' lang='lat' dir='ltr'>predia</span> <span class='ocrx_word' id='word_1_120' title='bbox 1438 1019 1556 1077; x_wconf 88' lang='lat' dir='ltr'>inerant</span> <span class='ocrx_word' id='word_1_121' title='bbox 1570 1017 1785 1091; x_wconf 86' lang='lat' dir='ltr'>oppignerata,</span> <span class='ocrx_word' id='word_1_122' title='bbox 1801 1013 1884 1070; x_wconf 83' lang='lat' dir='ltr'>obie-</span> 
     </span>
     <span class='ocr_line' id='line_1_11' title="bbox 164 1102 1883 1187; baseline -0.007 -19"><span class='ocrx_word' id='word_1_123' title='bbox 164 1127 196 1168; x_wconf 89' lang='lat' dir='ltr'>re</span> <span class='ocrx_word' id='word_1_124' title='bbox 218 1111 334 1183; x_wconf 88' lang='lat' dir='ltr'>cogitur</span> <span class='ocrx_word' id='word_1_125' title='bbox 355 1113 576 1185; x_wconf 65' lang='lat' dir='ltr'>ingelrannus,</span> <span class='ocrx_word' id='word_1_126' title='bbox 590 1112 643 1187; x_wconf 91' lang='lat' dir='ltr'>qui</span> <span class='ocrx_word' id='word_1_127' title='bbox 666 1111 783 1171; x_wconf 92' lang='lat' dir='ltr'>iiomini</span> <span class='ocrx_word' id='word_1_128' title='bbox 805 1107 992 1184; x_wconf 82' lang='lat' dir='ltr'>praescientia</span> <span class='ocrx_word' id='word_1_129' title='bbox 1045 1112 1101 1177; x_wconf 91' lang='lat' dir='ltr'>rat,</span> <span class='ocrx_word' id='word_1_130' title='bbox 1117 1113 1146 1165; x_wconf 87' lang='lat' dir='ltr'>ei</span> <span class='ocrx_word' id='word_1_131' title='bbox 1159 1112 1227 1182; x_wconf 88' lang='lat' dir='ltr'>post</span> <span class='ocrx_word' id='word_1_132' title='bbox 1249 1109 1324 1166; x_wconf 89' lang='lat' dir='ltr'>aiios</span> <span class='ocrx_word' id='word_1_133' title='bbox 1339 1108 1416 1165; x_wconf 90' lang='lat' dir='ltr'>duos</span> <span class='ocrx_word' id='word_1_134' title='bbox 1441 1107 1598 1165; x_wconf 88' lang='lat' dir='ltr'>[iurandus</span> <span class='ocrx_word' id='word_1_135' title='bbox 1624 1105 1720 1181; x_wconf 87' lang='lat' dir='ltr'>ipsius</span> <span class='ocrx_word' id='word_1_136' title='bbox 1735 1102 1822 1159; x_wconf 89' lang='lat' dir='ltr'>sedis</span> <span class='ocrx_word' id='word_1_137' title='bbox 1837 1118 1883 1157; x_wconf 89' lang='lat' dir='ltr'>su-</span> 
     </span>
     <span class='ocr_line' id='line_1_12' title="bbox 165 1189 1882 1273; baseline -0.007 -15"><span class='ocrx_word' id='word_1_138' title='bbox 165 1205 234 1258; x_wconf 90' lang='lat' dir='ltr'>ante</span> <span class='ocrx_word' id='word_1_139' title='bbox 260 1201 363 1259; x_wconf 92' lang='lat' dir='ltr'>omnia</span> <span class='ocrx_word' id='word_1_140' title='bbox 389 1201 499 1258; x_wconf 84' lang='lat' dir='ltr'>saecula</span> <span class='ocrx_word' id='word_1_141' title='bbox 521 1202 561 1259; x_wconf 90' lang='lat' dir='ltr'>ad</span> <span class='ocrx_word' id='word_1_142' title='bbox 589 1202 646 1259; x_wconf 89' lang='lat' dir='ltr'>hoo</span> <span class='ocrx_word' id='word_1_143' title='bbox 675 1201 772 1258; x_wconf 90' lang='lat' dir='ltr'>iuerat</span> <span class='ocrx_word' id='word_1_144' title='bbox 795 1201 990 1273; x_wconf 77' lang='lat' dir='ltr'>preparatus.</span> <span class='ocrx_word' id='word_1_145' title='bbox 1046 1201 1182 1270; x_wconf 90' lang='lat' dir='ltr'>sceperat</span> <span class='ocrx_word' id='word_1_146' title='bbox 1205 1198 1410 1270; x_wconf 73' lang='lat' dir='ltr'>praesulatum.</span> <span class='ocrx_word' id='word_1_147' title='bbox 1426 1197 1510 1252; x_wconf 87' lang='lat' dir='ltr'>Hunc</span> <span class='ocrx_word' id='word_1_148' title='bbox 1530 1196 1631 1268; x_wconf 89' lang='lat' dir='ltr'>itaque</span> <span class='ocrx_word' id='word_1_149' title='bbox 1652 1193 1752 1250; x_wconf 87' lang='lat' dir='ltr'>abbas</span> <span class='ocrx_word' id='word_1_150' title='bbox 1767 1189 1882 1261; x_wconf 75' lang='lat' dir='ltr'>Angei-</span> 
     </span>
     <span class='ocr_line' id='line_1_13' title="bbox 164 1281 1885 1366; baseline -0.007 -20"><span class='ocrx_word' id='word_1_151' title='bbox 164 1291 245 1348; x_wconf 73' lang='lat' dir='ltr'>iuno</span> <span class='ocrx_word' id='word_1_152' title='bbox 257 1305 310 1347; x_wconf 86' lang='lat' dir='ltr'>rex</span> <span class='ocrx_word' id='word_1_153' title='bbox 323 1306 418 1348; x_wconf 89' lang='lat' dir='ltr'>ovans</span> <span class='ocrx_word' id='word_1_154' title='bbox 433 1291 527 1366; x_wconf 89' lang='lat' dir='ltr'>quod,</span> <span class='ocrx_word' id='word_1_155' title='bbox 541 1291 618 1349; x_wconf 89' lang='lat' dir='ltr'>sieut</span> <span class='ocrx_word' id='word_1_156' title='bbox 629 1290 772 1364; x_wconf 91' lang='lat' dir='ltr'>cupierat,</span> <span class='ocrx_word' id='word_1_157' title='bbox 784 1289 886 1346; x_wconf 91' lang='lat' dir='ltr'>locum</span> <span class='ocrx_word' id='word_1_158' title='bbox 899 1288 993 1344; x_wconf 91' lang='lat' dir='ltr'>bono·</span> <span class='ocrx_word' id='word_1_159' title='bbox 1046 1301 1159 1343; x_wconf 90' lang='lat' dir='ltr'>rannus</span> <span class='ocrx_word' id='word_1_160' title='bbox 1183 1285 1265 1355; x_wconf 88' lang='lat' dir='ltr'>adiit,</span> <span class='ocrx_word' id='word_1_161' title='bbox 1291 1291 1329 1357; x_wconf 92' lang='lat' dir='ltr'>et,</span> <span class='ocrx_word' id='word_1_162' title='bbox 1346 1291 1378 1342; x_wconf 92' lang='lat' dir='ltr'>ut</span> <span class='ocrx_word' id='word_1_163' title='bbox 1398 1285 1600 1342; x_wconf 88' lang='lat' dir='ltr'>conditionem</span> <span class='ocrx_word' id='word_1_164' title='bbox 1626 1299 1723 1358; x_wconf 89' lang='lat' dir='ltr'>quam</span> <span class='ocrx_word' id='word_1_165' title='bbox 1750 1281 1835 1338; x_wconf 88' lang='lat' dir='ltr'>iliius</span> <span class='ocrx_word' id='word_1_166' title='bbox 1855 1283 1885 1335; x_wconf 89' lang='lat' dir='ltr'>et</span> 
     </span>
     <span class='ocr_line' id='line_1_14' title="bbox 164 1373 1882 1455; baseline -0.006 -19"><span class='ocrx_word' id='word_1_167' title='bbox 164 1379 251 1436; x_wconf 88' lang='lat' dir='ltr'>randi</span> <span class='ocrx_word' id='word_1_168' title='bbox 274 1381 440 1455; x_wconf 87' lang='lat' dir='ltr'>reperisset,</span> <span class='ocrx_word' id='word_1_169' title='bbox 463 1397 543 1454; x_wconf 77' lang='lat' dir='ltr'>saepe</span> <span class='ocrx_word' id='word_1_170' title='bbox 567 1381 679 1437; x_wconf 90' lang='lat' dir='ltr'>dictam</span> <span class='ocrx_word' id='word_1_171' title='bbox 699 1379 853 1437; x_wconf 77' lang='lat' dir='ltr'>caninam</span> <span class='ocrx_word' id='word_1_172' title='bbox 876 1379 933 1434; x_wconf 92' lang='lat' dir='ltr'>hao</span> <span class='ocrx_word' id='word_1_173' title='bbox 955 1377 992 1433; x_wconf 86' lang='lat' dir='ltr'>de</span> <span class='ocrx_word' id='word_1_174' title='bbox 1047 1393 1120 1433; x_wconf 89' lang='lat' dir='ltr'>suus</span> <span class='ocrx_word' id='word_1_175' title='bbox 1135 1376 1245 1434; x_wconf 85' lang='lat' dir='ltr'>lecerat</span> <span class='ocrx_word' id='word_1_176' title='bbox 1256 1381 1426 1434; x_wconf 88' lang='lat' dir='ltr'>antecessor</span> <span class='ocrx_word' id='word_1_177' title='bbox 1437 1378 1605 1444; x_wconf 88' lang='lat' dir='ltr'>renovaret,</span> <span class='ocrx_word' id='word_1_178' title='bbox 1613 1390 1651 1431; x_wconf 92' lang='lat' dir='ltr'>ne</span> <span class='ocrx_word' id='word_1_179' title='bbox 1661 1373 1882 1436; x_wconf 84' lang='lat' dir='ltr'>infirmaretur,</span> 
     </span>
     <span class='ocr_line' id='line_1_15' title="bbox 165 1459 1884 1540; baseline -0.004 -16"><span class='ocrx_word' id='word_1_180' title='bbox 165 1483 257 1525; x_wconf 90' lang='lat' dir='ltr'>causa</span> <span class='ocrx_word' id='word_1_181' title='bbox 281 1469 428 1526; x_wconf 89' lang='lat' dir='ltr'>concitato</span> <span class='ocrx_word' id='word_1_182' title='bbox 449 1468 546 1540; x_wconf 90' lang='lat' dir='ltr'>gradu</span> <span class='ocrx_word' id='word_1_183' title='bbox 567 1469 697 1526; x_wconf 89' lang='lat' dir='ltr'>devenit.</span> <span class='ocrx_word' id='word_1_184' title='bbox 715 1468 800 1524; x_wconf 83' lang='lat' dir='ltr'>Enim</span> <span class='ocrx_word' id='word_1_185' title='bbox 820 1481 890 1522; x_wconf 89' lang='lat' dir='ltr'>vero</span> <span class='ocrx_word' id='word_1_186' title='bbox 904 1464 992 1521; x_wconf 80' lang='lat' dir='ltr'>famae</span> <span class='ocrx_word' id='word_1_187' title='bbox 1047 1466 1189 1522; x_wconf 88' lang='lat' dir='ltr'>exoravit.</span> <span class='ocrx_word' id='word_1_188' title='bbox 1209 1465 1264 1531; x_wconf 87' lang='lat' dir='ltr'>Qui</span> <span class='ocrx_word' id='word_1_189' title='bbox 1282 1466 1443 1540; x_wconf 88' lang='lat' dir='ltr'>episcopus</span> <span class='ocrx_word' id='word_1_190' title='bbox 1465 1463 1627 1522; x_wconf 88' lang='lat' dir='ltr'>venerandi</span> <span class='ocrx_word' id='word_1_191' title='bbox 1654 1461 1712 1519; x_wconf 87' lang='lat' dir='ltr'>viri</span> <span class='ocrx_word' id='word_1_192' title='bbox 1736 1459 1884 1535; x_wconf 82' lang='lat' dir='ltr'>precibus</span> 
     </span>
     <span class='ocr_line' id='line_1_16' title="bbox 164 1552 1885 1632; baseline -0.006 -19"><span class='ocrx_word' id='word_1_193' title='bbox 164 1556 317 1628; x_wconf 86' lang='lat' dir='ltr'>velocitas,</span> <span class='ocrx_word' id='word_1_194' title='bbox 332 1558 514 1628; x_wconf 78' lang='lat' dir='ltr'>angelranni</span> <span class='ocrx_word' id='word_1_195' title='bbox 528 1574 615 1616; x_wconf 90' lang='lat' dir='ltr'>aures</span> <span class='ocrx_word' id='word_1_196' title='bbox 628 1556 803 1632; x_wconf 87' lang='lat' dir='ltr'>percellens,</span> <span class='ocrx_word' id='word_1_197' title='bbox 812 1555 891 1612; x_wconf 87' lang='lat' dir='ltr'>dicto</span> <span class='ocrx_word' id='word_1_198' title='bbox 906 1553 991 1610; x_wconf 87' lang='lat' dir='ltr'>citius</span> <span class='ocrx_word' id='word_1_199' title='bbox 1047 1555 1334 1628; x_wconf 87' lang='lat' dir='ltr'>acquiescens,nam</span> <span class='ocrx_word' id='word_1_200' title='bbox 1349 1560 1377 1612; x_wconf 88' lang='lat' dir='ltr'>et</span> <span class='ocrx_word' id='word_1_201' title='bbox 1390 1571 1410 1612; x_wconf 92' lang='lat' dir='ltr'>a</span> <span class='ocrx_word' id='word_1_202' title='bbox 1423 1555 1538 1612; x_wconf 91' lang='lat' dir='ltr'>domno</span> <span class='ocrx_word' id='word_1_203' title='bbox 1551 1552 1703 1624; x_wconf 75' lang='lat' dir='ltr'>ErabioiE)</span> <span class='ocrx_word' id='word_1_204' title='bbox 1714 1553 1885 1606; x_wconf 80' lang='lat' dir='ltr'>Remorum</span> 
     </span>
     <span class='ocr_line' id='line_1_17' title="bbox 166 1637 1884 1721; baseline -0.005 -19"><span class='ocrx_word' id='word_1_205' title='bbox 166 1646 271 1703; x_wconf 92' lang='lat' dir='ltr'>timore</span> <span class='ocrx_word' id='word_1_206' title='bbox 285 1647 397 1704; x_wconf 86' lang='lat' dir='ltr'>salubri</span> <span class='ocrx_word' id='word_1_207' title='bbox 420 1649 485 1720; x_wconf 87' lang='lat' dir='ltr'>ejus</span> <span class='ocrx_word' id='word_1_208' title='bbox 502 1649 667 1721; x_wconf 75' lang='lat' dir='ltr'>precordia</span> <span class='ocrx_word' id='word_1_209' title='bbox 682 1647 784 1720; x_wconf 89' lang='lat' dir='ltr'>replet.</span> <span class='ocrx_word' id='word_1_210' title='bbox 802 1644 878 1712; x_wconf 87' lang='lat' dir='ltr'>Quid</span> <span class='ocrx_word' id='word_1_211' title='bbox 892 1647 993 1714; x_wconf 88' lang='lat' dir='ltr'>ageret</span> <span class='ocrx_word' id='word_1_212' title='bbox 1008 1653 1030 1707; x_wconf 79' lang='grc' dir='ltr'><strong>Β</strong></span> <span class='ocrx_word' id='word_1_213' title='bbox 1048 1644 1176 1701; x_wconf 90' lang='lat' dir='ltr'>antistite</span> <span class='ocrx_word' id='word_1_214' title='bbox 1188 1644 1320 1717; x_wconf 89' lang='lat' dir='ltr'>idipsam</span> <span class='ocrx_word' id='word_1_215' title='bbox 1332 1643 1430 1700; x_wconf 87' lang='lat' dir='ltr'>iacere</span> <span class='ocrx_word' id='word_1_216' title='bbox 1444 1637 1884 1710; x_wconf 85' lang='lat' dir='ltr'>iueratexoratus,taledenuo</span> 
     </span>
     <span class='ocr_line' id='line_1_18' title="bbox 165 1732 1882 1808; baseline -0.005 -16"><span class='ocrx_word' id='word_1_217' title='bbox 165 1751 228 1793; x_wconf 88' lang='lat' dir='ltr'>non</span> <span class='ocrx_word' id='word_1_218' title='bbox 240 1737 431 1806; x_wconf 87' lang='lat' dir='ltr'>inveniebat;</span> <span class='ocrx_word' id='word_1_219' title='bbox 446 1738 572 1795; x_wconf 85' lang='lat' dir='ltr'>fratrum</span> <span class='ocrx_word' id='word_1_220' title='bbox 586 1737 737 1794; x_wconf 90' lang='lat' dir='ltr'>unanimis</span> <span class='ocrx_word' id='word_1_221' title='bbox 752 1734 865 1798; x_wconf 87' lang='lat' dir='ltr'>eiectio.</span> <span class='ocrx_word' id='word_1_222' title='bbox 877 1740 995 1790; x_wconf 88' lang='lat' dir='ltr'>exstan-</span> <span class='ocrx_word' id='word_1_223' title='bbox 1049 1734 1227 1807; x_wconf 83' lang='lat' dir='ltr'>rescriptum</span> <span class='ocrx_word' id='word_1_224' title='bbox 1248 1733 1470 1808; x_wconf 89' lang='lat' dir='ltr'>promulgavit:</span> <span class='ocrx_word' id='word_1_225' title='bbox 1496 1735 1529 1788; x_wconf 93' lang='lat' dir='ltr'>in</span> <span class='ocrx_word' id='word_1_226' title='bbox 1547 1732 1668 1788; x_wconf 90' lang='lat' dir='ltr'>nornine</span> <span class='ocrx_word' id='word_1_227' title='bbox 1682 1735 1810 1796; x_wconf 73' lang='lat' dir='ltr'>macte,</span> <span class='ocrx_word' id='word_1_228' title='bbox 1827 1732 1882 1783; x_wconf 87' lang='lat' dir='ltr'>etc.</span> 
     </span>
     <span class='ocr_line' id='line_1_19' title="bbox 166 1816 1883 1901; baseline -0.006 -19"><span class='ocrx_word' id='word_1_229' title='bbox 166 1830 194 1882; x_wconf 87' lang='lat' dir='ltr'>te</span> <span class='ocrx_word' id='word_1_230' title='bbox 217 1826 384 1883; x_wconf 87' lang='lat' dir='ltr'>admodum</span> <span class='ocrx_word' id='word_1_231' title='bbox 408 1843 503 1901; x_wconf 88' lang='lat' dir='ltr'>parva</span> <span class='ocrx_word' id='word_1_232' title='bbox 528 1826 732 1900; x_wconf 91' lang='lat' dir='ltr'>quorumdam</span> <span class='ocrx_word' id='word_1_233' title='bbox 761 1841 816 1880; x_wconf 92' lang='lat' dir='ltr'>sua</span> <span class='ocrx_word' id='word_1_234' title='bbox 842 1823 994 1880; x_wconf 89' lang='lat' dir='ltr'>nobilitate</span> <span class='ocrx_word' id='word_1_235' title='bbox 1049 1827 1123 1882; x_wconf 74' lang='lat' dir='ltr'>Acta</span> <span class='ocrx_word' id='word_1_236' title='bbox 1145 1830 1214 1881; x_wconf 87' lang='lat' dir='ltr'>sant</span> <span class='ocrx_word' id='word_1_237' title='bbox 1237 1825 1302 1880; x_wconf 84' lang='lat' dir='ltr'>ineo</span> <span class='ocrx_word' id='word_1_238' title='bbox 1327 1824 1435 1880; x_wconf 80' lang='lat' dir='ltr'>leodio</span> <span class='ocrx_word' id='word_1_239' title='bbox 1456 1821 1585 1897; x_wconf 81' lang='lat' dir='ltr'>publice,</span> <span class='ocrx_word' id='word_1_240' title='bbox 1601 1819 1658 1878; x_wconf 90' lang='lat' dir='ltr'>sub</span> <span class='ocrx_word' id='word_1_241' title='bbox 1684 1819 1735 1876; x_wconf 87' lang='lat' dir='ltr'>die</span> <span class='ocrx_word' id='word_1_242' title='bbox 1749 1834 1801 1874; x_wconf 85' lang='lat' dir='ltr'>xrv</span> <span class='ocrx_word' id='word_1_243' title='bbox 1816 1816 1883 1872; x_wconf 82' lang='lat' dir='ltr'>Kal</span> 
     </span>
     <span class='ocr_line' id='line_1_20' title="bbox 165 1906 1883 1989; baseline -0.005 -19"><span class='ocrx_word' id='word_1_244' title='bbox 165 1914 337 1971; x_wconf 88' lang='lat' dir='ltr'>inflatorum</span> <span class='ocrx_word' id='word_1_245' title='bbox 353 1915 597 1986; x_wconf 87' lang='lat' dir='ltr'>contradictione,</span> <span class='ocrx_word' id='word_1_246' title='bbox 614 1915 849 1989; x_wconf 85' lang='lat' dir='ltr'>pastoralitatem</span> <span class='ocrx_word' id='word_1_247' title='bbox 865 1913 992 1985; x_wconf 87' lang='lat' dir='ltr'>srrsoipe·</span> <span class='ocrx_word' id='word_1_248' title='bbox 1050 1914 1193 1982; x_wconf 88' lang='lat' dir='ltr'>Octobris,</span> <span class='ocrx_word' id='word_1_249' title='bbox 1210 1929 1290 1970; x_wconf 93' lang='lat' dir='ltr'>anno</span> <span class='ocrx_word' id='word_1_250' title='bbox 1311 1911 1472 1970; x_wconf 83' lang='lat' dir='ltr'>Dominicae</span> <span class='ocrx_word' id='word_1_251' title='bbox 1495 1909 1710 1968; x_wconf 84' lang='lat' dir='ltr'>incarnationis</span> <span class='ocrx_word' id='word_1_252' title='bbox 1731 1910 1814 1977; x_wconf 69' lang='lat' dir='ltr'>iim,</span> <span class='ocrx_word' id='word_1_253' title='bbox 1830 1906 1883 1962; x_wconf 86' lang='lat' dir='ltr'>im·</span> 
     </span>
     <span class='ocr_line' id='line_1_21' title="bbox 165 1997 1883 2077; baseline -0.003 -19"><span class='ocrx_word' id='word_1_254' title='bbox 165 2017 197 2058; x_wconf 90' lang='lat' dir='ltr'>re</span> <span class='ocrx_word' id='word_1_255' title='bbox 225 2002 362 2074; x_wconf 90' lang='lat' dir='ltr'>cogebat,</span> <span class='ocrx_word' id='word_1_256' title='bbox 383 2004 464 2074; x_wconf 88' lang='lat' dir='ltr'>regia</span> <span class='ocrx_word' id='word_1_257' title='bbox 486 2005 576 2061; x_wconf 90' lang='lat' dir='ltr'>etiam</span> <span class='ocrx_word' id='word_1_258' title='bbox 603 2003 765 2059; x_wconf 88' lang='lat' dir='ltr'>auctoritas</span> <span class='ocrx_word' id='word_1_259' title='bbox 792 2001 832 2058; x_wconf 92' lang='lat' dir='ltr'>ad</span> <span class='ocrx_word' id='word_1_260' title='bbox 856 2001 914 2058; x_wconf 93' lang='lat' dir='ltr'>boc</span> <span class='ocrx_word' id='word_1_261' title='bbox 941 1999 996 2057; x_wconf 89' lang='lat' dir='ltr'>im·</span> <span class='ocrx_word' id='word_1_262' title='bbox 1048 2004 1206 2077; x_wconf 77' lang='lat' dir='ltr'>periinere</span> <span class='ocrx_word' id='word_1_263' title='bbox 1222 2003 1339 2060; x_wconf 88' lang='lat' dir='ltr'>ilenrici</span> <span class='ocrx_word' id='word_1_264' title='bbox 1352 2019 1413 2072; x_wconf 73' lang='grc' dir='ltr'>ια,</span> <span class='ocrx_word' id='word_1_265' title='bbox 1424 2007 1479 2060; x_wconf 92' lang='lat' dir='ltr'>eto.</span> <span class='ocrx_word' id='word_1_266' title='bbox 1496 2005 1554 2060; x_wconf 90' lang='lat' dir='ltr'>iiac</span> <span class='ocrx_word' id='word_1_267' title='bbox 1567 2000 1657 2071; x_wconf 89' lang='lat' dir='ltr'>igitur</span> <span class='ocrx_word' id='word_1_268' title='bbox 1670 1998 1815 2072; x_wconf 85' lang='lat' dir='ltr'>pactione</span> <span class='ocrx_word' id='word_1_269' title='bbox 1829 1997 1883 2053; x_wconf 89' lang='lat' dir='ltr'>uti·</span> 
     </span>
     <span class='ocr_line' id='line_1_22' title="bbox 165 2089 1723 2166; baseline -0.003 -21"><span class='ocrx_word' id='word_1_270' title='bbox 165 2089 292 2164; x_wconf 87' lang='lat' dir='ltr'>puisura</span> <span class='ocrx_word' id='word_1_271' title='bbox 305 2092 537 2166; x_wconf 85' lang='lat' dir='ltr'>propinquabat.</span> <span class='ocrx_word' id='word_1_272' title='bbox 555 2092 612 2151; x_wconf 88' lang='lat' dir='ltr'>Sed</span> <span class='ocrx_word' id='word_1_273' title='bbox 628 2091 686 2164; x_wconf 92' lang='lat' dir='ltr'>iile,</span> <span class='ocrx_word' id='word_1_274' title='bbox 697 2093 749 2164; x_wconf 92' lang='lat' dir='ltr'>qui</span> <span class='ocrx_word' id='word_1_275' title='bbox 764 2091 889 2148; x_wconf 87' lang='lat' dir='ltr'>subesse</span> <span class='ocrx_word' id='word_1_276' title='bbox 900 2105 994 2162; x_wconf 89' lang='lat' dir='ltr'>quarn</span> <span class='ocrx_word' id='word_1_277' title='bbox 1048 2091 1113 2148; x_wconf 89' lang='lat' dir='ltr'>liter</span> <span class='ocrx_word' id='word_1_278' title='bbox 1126 2095 1275 2165; x_wconf 85' lang='lat' dir='ltr'>reparata,</span> <span class='ocrx_word' id='word_1_279' title='bbox 1289 2089 1504 2147; x_wconf 89' lang='lat' dir='ltr'>monasterium</span> <span class='ocrx_word' id='word_1_280' title='bbox 1518 2103 1655 2146; x_wconf 84' lang='lat' dir='ltr'>reversas</span> <span class='ocrx_word' id='word_1_281' title='bbox 1668 2090 1723 2142; x_wconf 90' lang='lat' dir='ltr'>est.</span> 
     </span>
     <span class='ocr_line' id='line_1_23' title="bbox 165 2174 1879 2254; baseline -0.004 -18"><span class='ocrx_word' id='word_1_282' title='bbox 165 2194 294 2252; x_wconf 74' lang='lat' dir='ltr'>praeesse</span> <span class='ocrx_word' id='word_1_283' title='bbox 322 2181 463 2250; x_wconf 89' lang='lat' dir='ltr'>malebat,</span> <span class='ocrx_word' id='word_1_284' title='bbox 481 2182 605 2238; x_wconf 93' lang='lat' dir='ltr'>omnino</span> <span class='ocrx_word' id='word_1_285' title='bbox 633 2197 665 2238; x_wconf 89' lang='lat' dir='ltr'>sc</span> <span class='ocrx_word' id='word_1_286' title='bbox 690 2180 850 2252; x_wconf 89' lang='lat' dir='ltr'>indignum</span> <span class='ocrx_word' id='word_1_287' title='bbox 870 2179 995 2249; x_wconf 87' lang='lat' dir='ltr'>hujusce</span> <span class='ocrx_word' id='word_1_288' title='bbox 1085 2189 1111 2238; x_wconf 84' lang='lat'>7.</span> <span class='ocrx_word' id='word_1_289' title='bbox 1129 2179 1299 2254; x_wconf 81' lang='lat' dir='ltr'>Aliquando</span> <span class='ocrx_word' id='word_1_290' title='bbox 1312 2180 1403 2238; x_wconf 87' lang='lat' dir='ltr'>etiam</span> <span class='ocrx_word' id='word_1_291' title='bbox 1417 2177 1583 2235; x_wconf 85' lang='lat' dir='ltr'>Naustriam</span> <span class='ocrx_word' id='word_1_292' title='bbox 1597 2176 1660 2244; x_wconf 84' lang='lat' dir='ltr'>ivit,</span> <span class='ocrx_word' id='word_1_293' title='bbox 1675 2179 1705 2232; x_wconf 87' lang='lat' dir='ltr'>et</span> <span class='ocrx_word' id='word_1_294' title='bbox 1728 2174 1879 2247; x_wconf 85' lang='lat' dir='ltr'>colloquio</span> 
     </span>
     <span class='ocr_line' id='line_1_24' title="bbox 166 2263 1876 2344; baseline -0.004 -20"><span class='ocrx_word' id='word_1_295' title='bbox 166 2268 209 2324; x_wconf 90' lang='lat' dir='ltr'>rei</span> <span class='ocrx_word' id='word_1_296' title='bbox 247 2271 436 2344; x_wconf 87' lang='lat' dir='ltr'>perceptione</span> <span class='ocrx_word' id='word_1_297' title='bbox 474 2270 700 2344; x_wconf 74' lang='lat' dir='ltr'>praeiudicabat.</span> <span class='ocrx_word' id='word_1_298' title='bbox 742 2272 867 2343; x_wconf 84' lang='lat' dir='ltr'>sumpto</span> <span class='ocrx_word' id='word_1_299' title='bbox 906 2267 995 2339; x_wconf 91' lang='lat' dir='ltr'>igitur</span> <span class='ocrx_word' id='word_1_300' title='bbox 1049 2271 1232 2330; x_wconf 89' lang='lat' dir='ltr'>marchionis</span> <span class='ocrx_word' id='word_1_301' title='bbox 1247 2264 1656 2341; x_wconf 79' lang='lat' dir='ltr'>Richardiusus,postuiavit</span> <span class='ocrx_word' id='word_1_302' title='bbox 1669 2264 1808 2321; x_wconf 84' lang='lat' dir='ltr'>eumdem</span> <span class='ocrx_word' id='word_1_303' title='bbox 1820 2263 1876 2318; x_wconf 92' lang='lat' dir='ltr'>du-</span> 
     </span>
     <span class='ocr_line' id='line_1_25' title="bbox 166 2351 1878 2434; baseline -0.004 -20"><span class='ocrx_word' id='word_1_304' title='bbox 166 2351 244 2414; x_wconf 84' lang='lat' dir='ltr'>ausu</span> <span class='ocrx_word' id='word_1_305' title='bbox 261 2357 407 2416; x_wconf 90' lang='lat' dir='ltr'>silvarum</span> <span class='ocrx_word' id='word_1_306' title='bbox 432 2359 526 2417; x_wconf 90' lang='lat' dir='ltr'>lustra</span> <span class='ocrx_word' id='word_1_307' title='bbox 540 2359 660 2434; x_wconf 83' lang='lat' dir='ltr'>expetit,</span> <span class='ocrx_word' id='word_1_308' title='bbox 677 2358 777 2433; x_wconf 87' lang='lat' dir='ltr'>ibique</span> <span class='ocrx_word' id='word_1_309' title='bbox 801 2369 839 2414; x_wconf 88' lang='lat' dir='ltr'>se·</span> <span class='ocrx_word' id='word_1_310' title='bbox 856 2373 895 2416; x_wconf 87' lang='lat' dir='ltr'>ne</span> <span class='ocrx_word' id='word_1_311' title='bbox 915 2359 995 2414; x_wconf 91' lang='lat' dir='ltr'>inve·</span> <span class='ocrx_word' id='word_1_312' title='bbox 1049 2377 1125 2424; x_wconf 82' lang='lat' dir='ltr'>cem.</span> <span class='ocrx_word' id='word_1_313' title='bbox 1136 2365 1168 2416; x_wconf 93' lang='lat' dir='ltr'>ut</span> <span class='ocrx_word' id='word_1_314' title='bbox 1181 2375 1237 2432; x_wconf 94' lang='lat' dir='ltr'>pro</span> <span class='ocrx_word' id='word_1_315' title='bbox 1252 2359 1345 2416; x_wconf 89' lang='lat' dir='ltr'>sainte</span> <span class='ocrx_word' id='word_1_316' title='bbox 1361 2373 1423 2414; x_wconf 85' lang='lat' dir='ltr'>suae</span> <span class='ocrx_word' id='word_1_317' title='bbox 1438 2356 1547 2414; x_wconf 79' lang='lat' dir='ltr'>animia</span> <span class='ocrx_word' id='word_1_318' title='bbox 1560 2357 1671 2413; x_wconf 86' lang='lat' dir='ltr'>Sancto</span> <span class='ocrx_word' id='word_1_319' title='bbox 1681 2353 1817 2411; x_wconf 81' lang='lat' dir='ltr'>illaberis</span> <span class='ocrx_word' id='word_1_320' title='bbox 1827 2352 1878 2408; x_wconf 79' lang='lat' dir='ltr'>aii·</span> 
     </span>
     <span class='ocr_line' id='line_1_26' title="bbox 166 2441 1881 2523; baseline -0.002 -21"><span class='ocrx_word' id='word_1_321' title='bbox 166 2441 279 2504; x_wconf 85' lang='lat' dir='ltr'>niretur</span> <span class='ocrx_word' id='word_1_322' title='bbox 291 2448 400 2506; x_wconf 89' lang='lat' dir='ltr'>abditis</span> <span class='ocrx_word' id='word_1_323' title='bbox 410 2449 595 2522; x_wconf 88' lang='lat' dir='ltr'>quibusdam</span> <span class='ocrx_word' id='word_1_324' title='bbox 605 2449 749 2506; x_wconf 83' lang='lat' dir='ltr'>recondit.</span> <span class='ocrx_word' id='word_1_325' title='bbox 763 2451 823 2504; x_wconf 80' lang='lat' dir='ltr'>ilex</span> <span class='ocrx_word' id='word_1_326' title='bbox 834 2447 995 2504; x_wconf 83' lang='lat' dir='ltr'>adveniens</span> <span class='ocrx_word' id='word_1_327' title='bbox 1049 2449 1122 2523; x_wconf 90' lang='lat' dir='ltr'>quid</span> <span class='ocrx_word' id='word_1_328' title='bbox 1135 2447 1302 2520; x_wconf 85' lang='lat' dir='ltr'>largiretur.</span> <span class='ocrx_word' id='word_1_329' title='bbox 1319 2448 1385 2518; x_wconf 81' lang='lat' dir='ltr'>Qui,</span> <span class='ocrx_word' id='word_1_330' title='bbox 1396 2445 1492 2502; x_wconf 88' lang='lat' dir='ltr'>sciens</span> <span class='ocrx_word' id='word_1_331' title='bbox 1505 2445 1605 2501; x_wconf 91' lang='lat' dir='ltr'>virum</span> <span class='ocrx_word' id='word_1_332' title='bbox 1619 2457 1685 2500; x_wconf 86' lang='lat' dir='ltr'>esse</span> <span class='ocrx_word' id='word_1_333' title='bbox 1699 2441 1881 2516; x_wconf 86' lang='lat' dir='ltr'>prudentem</span> 
     </span>
     <span class='ocr_line' id='line_1_27' title="bbox 165 2531 1880 2608; baseline 0.001 -17"><span class='ocrx_word' id='word_1_334' title='bbox 165 2533 265 2592; x_wconf 89' lang='lat' dir='ltr'>virum</span> <span class='ocrx_word' id='word_1_335' title='bbox 279 2536 457 2608; x_wconf 88' lang='lat' dir='ltr'>interrogat;</span> <span class='ocrx_word' id='word_1_336' title='bbox 481 2538 583 2594; x_wconf 87' lang='lat' dir='ltr'>iurtirn</span> <span class='ocrx_word' id='word_1_337' title='bbox 605 2554 674 2596; x_wconf 90' lang='lat' dir='ltr'>eum</span> <span class='ocrx_word' id='word_1_338' title='bbox 690 2537 873 2594; x_wconf 85' lang='lat' dir='ltr'>abscessisse</span> <span class='ocrx_word' id='word_1_339' title='bbox 888 2551 994 2592; x_wconf 90' lang='lat' dir='ltr'>mona·</span> <span class='ocrx_word' id='word_1_340' title='bbox 1050 2544 1077 2595; x_wconf 94' lang='lat' dir='ltr'>et</span> <span class='ocrx_word' id='word_1_341' title='bbox 1093 2537 1249 2595; x_wconf 87' lang='lat' dir='ltr'>monastici</span> <span class='ocrx_word' id='word_1_342' title='bbox 1265 2536 1391 2593; x_wconf 85' lang='lat' dir='ltr'>tramitis</span> <span class='ocrx_word' id='word_1_343' title='bbox 1401 2539 1579 2603; x_wconf 91' lang='lat' dir='ltr'>amatorem,</span> <span class='ocrx_word' id='word_1_344' title='bbox 1587 2532 1718 2604; x_wconf 87' lang='lat' dir='ltr'>benigne</span> <span class='ocrx_word' id='word_1_345' title='bbox 1731 2531 1761 2588; x_wconf 90' lang='lat' dir='ltr'>ei</span> <span class='ocrx_word' id='word_1_346' title='bbox 1771 2532 1880 2604; x_wconf 69' lang='lat' dir='ltr'>paruit</span> 
     </span>
     <span class='ocr_line' id='line_1_28' title="bbox 165 2621 1884 2700; baseline -0.003 -20"><span class='ocrx_word' id='word_1_347' title='bbox 165 2623 293 2681; x_wconf 89' lang='lat' dir='ltr'>oboram</span> <span class='ocrx_word' id='word_1_348' title='bbox 327 2627 415 2683; x_wconf 89' lang='lat' dir='ltr'>turba</span> <span class='ocrx_word' id='word_1_349' title='bbox 446 2626 623 2700; x_wconf 87' lang='lat' dir='ltr'>proclamat.</span> <span class='ocrx_word' id='word_1_350' title='bbox 654 2629 715 2682; x_wconf 76' lang='lat' dir='ltr'>ilex</span> <span class='ocrx_word' id='word_1_351' title='bbox 744 2626 868 2682; x_wconf 88' lang='lat' dir='ltr'>miratur</span> <span class='ocrx_word' id='word_1_352' title='bbox 899 2624 994 2680; x_wconf 90' lang='lat' dir='ltr'>inten-</span> <span class='ocrx_word' id='word_1_353' title='bbox 1050 2627 1207 2684; x_wconf 82' lang='lat' dir='ltr'>conterens</span> <span class='ocrx_word' id='word_1_354' title='bbox 1222 2626 1353 2700; x_wconf 86' lang='lat' dir='ltr'>perejus</span> <span class='ocrx_word' id='word_1_355' title='bbox 1368 2639 1496 2681; x_wconf 91' lang='lat' dir='ltr'>manum</span> <span class='ocrx_word' id='word_1_356' title='bbox 1510 2625 1620 2680; x_wconf 87' lang='lat' dir='ltr'>Sancto</span> <span class='ocrx_word' id='word_1_357' title='bbox 1644 2621 1784 2677; x_wconf 86' lang='lat' dir='ltr'>iiiobario</span> <span class='ocrx_word' id='word_1_358' title='bbox 1798 2636 1884 2676; x_wconf 79' lang='lat' dir='ltr'>easa-</span> 
     </span>
     <span class='ocr_line' id='line_1_29' title="bbox 165 2709 1882 2791; baseline 0.001 -21"><span class='ocrx_word' id='word_1_359' title='bbox 165 2713 288 2786; x_wconf 88' lang='lat' dir='ltr'>tionem‚</span> <span class='ocrx_word' id='word_1_360' title='bbox 302 2717 445 2790; x_wconf 74' lang='lat' dir='ltr'>praedicat</span> <span class='ocrx_word' id='word_1_361' title='bbox 468 2717 677 2784; x_wconf 91' lang='lat' dir='ltr'>humilitatem,</span> <span class='ocrx_word' id='word_1_362' title='bbox 691 2716 837 2788; x_wconf 81' lang='lat' dir='ltr'>J&#39;ubeique</span> <span class='ocrx_word' id='word_1_363' title='bbox 865 2719 896 2771; x_wconf 92' lang='lat' dir='ltr'>ut</span> <span class='ocrx_word' id='word_1_364' title='bbox 909 2713 995 2771; x_wconf 89' lang='lat' dir='ltr'>citius</span> <span class='ocrx_word' id='word_1_365' title='bbox 1049 2717 1111 2773; x_wconf 88' lang='lat' dir='ltr'>iam</span> <span class='ocrx_word' id='word_1_366' title='bbox 1123 2716 1425 2791; x_wconf 81' lang='lat' dir='ltr'>pretiosrepurpune.</span> <span class='ocrx_word' id='word_1_367' title='bbox 1441 2717 1469 2769; x_wconf 89' lang='lat' dir='ltr'>et</span> <span class='ocrx_word' id='word_1_368' title='bbox 1483 2710 1641 2770; x_wconf 87' lang='lat' dir='ltr'>ecclesiam</span> <span class='ocrx_word' id='word_1_369' title='bbox 1661 2709 1882 2772; x_wconf 57' lang='lat' dir='ltr'>scabellivillae</span> 
     </span>
     <span class='ocr_line' id='line_1_30' title="bbox 165 2797 1884 2877; baseline -0.005 -17"><span class='ocrx_word' id='word_1_370' title='bbox 165 2808 318 2875; x_wconf 89' lang='lat' dir='ltr'>pergatur,</span> <span class='ocrx_word' id='word_1_371' title='bbox 348 2821 384 2860; x_wconf 91' lang='lat' dir='ltr'>ac</span> <span class='ocrx_word' id='word_1_372' title='bbox 410 2805 521 2862; x_wconf 89' lang='lat' dir='ltr'>electus</span> <span class='ocrx_word' id='word_1_373' title='bbox 547 2805 663 2861; x_wconf 91' lang='lat' dir='ltr'>iiomini</span> <span class='ocrx_word' id='word_1_374' title='bbox 689 2803 727 2860; x_wconf 89' lang='lat' dir='ltr'>ed</span> <span class='ocrx_word' id='word_1_375' title='bbox 760 2819 791 2860; x_wconf 88' lang='lat' dir='ltr'>se</span> <span class='ocrx_word' id='word_1_376' title='bbox 823 2803 994 2860; x_wconf 91' lang='lat' dir='ltr'>reducatur.</span> <span class='ocrx_word' id='word_1_377' title='bbox 1049 2805 1086 2862; x_wconf 92' lang='lat' dir='ltr'>de</span> <span class='ocrx_word' id='word_1_378' title='bbox 1102 2804 1188 2877; x_wconf 84' lang='lat' dir='ltr'>cnjus</span> <span class='ocrx_word' id='word_1_379' title='bbox 1202 2803 1365 2860; x_wconf 89' lang='lat' dir='ltr'>donatione</span> <span class='ocrx_word' id='word_1_380' title='bbox 1379 2801 1469 2859; x_wconf 67' lang='lat' dir='ltr'>niem</span> <span class='ocrx_word' id='word_1_381' title='bbox 1486 2799 1621 2857; x_wconf 90' lang='lat' dir='ltr'>condidit</span> <span class='ocrx_word' id='word_1_382' title='bbox 1633 2797 1884 2870; x_wconf 87' lang='lat' dir='ltr'>descriptionem.</span> 
     </span>
     <span class='ocr_line' id='line_1_31' title="bbox 166 2886 1885 2966; baseline -0.003 -20"><span class='ocrx_word' id='word_1_383' title='bbox 166 2893 281 2949; x_wconf 85' lang='lat' dir='ltr'>Exeunt</span> <span class='ocrx_word' id='word_1_384' title='bbox 292 2909 363 2962; x_wconf 87' lang='lat' dir='ltr'>ergo</span> <span class='ocrx_word' id='word_1_385' title='bbox 376 2893 517 2950; x_wconf 87' lang='lat' dir='ltr'>militares</span> <span class='ocrx_word' id='word_1_386' title='bbox 532 2893 711 2966; x_wconf 75' lang='lat' dir='ltr'>praeclarum</span> <span class='ocrx_word' id='word_1_387' title='bbox 727 2892 776 2948; x_wconf 89' lang='lat' dir='ltr'>Dei</span> <span class='ocrx_word' id='word_1_388' title='bbox 789 2891 912 2948; x_wconf 90' lang='lat' dir='ltr'>militem</span> <span class='ocrx_word' id='word_1_389' title='bbox 927 2906 995 2964; x_wconf 90' lang='lat' dir='ltr'>per·</span> <span class='ocrx_word' id='word_1_390' title='bbox 1085 2916 1099 2944; x_wconf 78' lang='lat' dir='ltr'>u</span> <span class='ocrx_word' id='word_1_391' title='bbox 1118 2897 1149 2950; x_wconf 94' lang='lat' dir='ltr'>in</span> <span class='ocrx_word' id='word_1_392' title='bbox 1170 2892 1293 2948; x_wconf 90' lang='lat' dir='ltr'>nomine</span> <span class='ocrx_word' id='word_1_393' title='bbox 1306 2895 1417 2948; x_wconf 83' lang='lat' dir='ltr'>sancire</span> <span class='ocrx_word' id='word_1_394' title='bbox 1431 2895 1460 2946; x_wconf 86' lang='lat' dir='ltr'>et</span> <span class='ocrx_word' id='word_1_395' title='bbox 1472 2887 1634 2946; x_wconf 76' lang='lat' dir='ltr'>individuae</span> <span class='ocrx_word' id='word_1_396' title='bbox 1648 2886 1811 2952; x_wconf 72' lang='lat' dir='ltr'>trinitatis,</span> <span class='ocrx_word' id='word_1_397' title='bbox 1826 2901 1885 2957; x_wconf 85' lang='lat' dir='ltr'>ego</span> 
     </span>
     <span class='ocr_line' id='line_1_32' title="bbox 165 2975 1884 3060; baseline -0.003 -24"><span class='ocrx_word' id='word_1_398' title='bbox 165 2981 328 3053; x_wconf 88' lang='lat' dir='ltr'>quireutes,</span> <span class='ocrx_word' id='word_1_399' title='bbox 343 2982 528 3039; x_wconf 89' lang='lat' dir='ltr'>sciscitantur</span> <span class='ocrx_word' id='word_1_400' title='bbox 551 2997 569 3039; x_wconf 91' lang='lat' dir='ltr'>a</span> <span class='ocrx_word' id='word_1_401' title='bbox 590 2981 823 3055; x_wconf 87' lang='lat' dir='ltr'>quibuscunque</span> <span class='ocrx_word' id='word_1_402' title='bbox 848 2981 995 3038; x_wconf 88' lang='lat' dir='ltr'>obvianti·</span> <span class='ocrx_word' id='word_1_403' title='bbox 1011 3007 1031 3060; x_wconf 65' lang='grc' dir='ltr'><strong>ῃ</strong></span> <span class='ocrx_word' id='word_1_404' title='bbox 1049 2981 1214 3040; x_wconf 86' lang='lat' dir='ltr'>iiiohardus</span> <span class='ocrx_word' id='word_1_405' title='bbox 1234 2983 1271 3054; x_wconf 82' lang='grc'>(3)</span> <span class='ocrx_word' id='word_1_406' title='bbox 1286 2980 1390 3038; x_wconf 90' lang='lat' dir='ltr'>divina</span> <span class='ocrx_word' id='word_1_407' title='bbox 1411 2978 1592 3036; x_wconf 81' lang='lat' dir='ltr'>concedente</span> <span class='ocrx_word' id='word_1_408' title='bbox 1615 2975 1710 3047; x_wconf 82' lang='lat' dir='ltr'>gratia</span> <span class='ocrx_word' id='word_1_409' title='bbox 1722 2978 1884 3032; x_wconf 85' lang='lat' dir='ltr'>Nortrnan-</span> 
     </span>
     <span class='ocr_line' id='line_1_33' title="bbox 165 3064 1884 3142; baseline -0.002 -18"><span class='ocrx_word' id='word_1_410' title='bbox 165 3067 223 3124; x_wconf 89' lang='lat' dir='ltr'>bus</span> <span class='ocrx_word' id='word_1_411' title='bbox 238 3067 332 3124; x_wconf 87' lang='lat' dir='ltr'>sicubi</span> <span class='ocrx_word' id='word_1_412' title='bbox 343 3070 426 3127; x_wconf 87' lang='lat' dir='ltr'>visus</span> <span class='ocrx_word' id='word_1_413' title='bbox 441 3069 546 3128; x_wconf 86' lang='lat' dir='ltr'>luisset</span> <span class='ocrx_word' id='word_1_414' title='bbox 558 3072 602 3127; x_wconf 92' lang='lat' dir='ltr'>vir</span> <span class='ocrx_word' id='word_1_415' title='bbox 615 3070 856 3139; x_wconf 85' lang='lat' dir='ltr'>cluentissimus;</span> <span class='ocrx_word' id='word_1_416' title='bbox 872 3071 993 3128; x_wconf 67' lang='lat' dir='ltr'>andem</span> <span class='ocrx_word' id='word_1_417' title='bbox 1049 3088 1159 3130; x_wconf 91' lang='lat' dir='ltr'>norum</span> <span class='ocrx_word' id='word_1_418' title='bbox 1181 3070 1253 3127; x_wconf 87' lang='lat' dir='ltr'>dux.</span> <span class='ocrx_word' id='word_1_419' title='bbox 1274 3073 1466 3142; x_wconf 81' lang='lat' dir='ltr'>compertum</span> <span class='ocrx_word' id='word_1_420' title='bbox 1487 3081 1551 3124; x_wconf 86' lang='lat' dir='ltr'>esso</span> <span class='ocrx_word' id='word_1_421' title='bbox 1576 3064 1720 3122; x_wconf 88' lang='lat' dir='ltr'>volumus</span> <span class='ocrx_word' id='word_1_422' title='bbox 1741 3065 1884 3122; x_wconf 88' lang='lat' dir='ltr'>omnium</span> 
     </span>
     <span class='ocr_line' id='line_1_34' title="bbox 165 3153 1884 3230; baseline -0.001 -18"><span class='ocrx_word' id='word_1_423' title='bbox 165 3156 264 3227; x_wconf 89' lang='lat' dir='ltr'>igitur,</span> <span class='ocrx_word' id='word_1_424' title='bbox 278 3164 401 3230; x_wconf 90' lang='lat' dir='ltr'>peracta</span> <span class='ocrx_word' id='word_1_425' title='bbox 426 3159 521 3216; x_wconf 91' lang='lat' dir='ltr'>multa</span> <span class='ocrx_word' id='word_1_426' title='bbox 546 3159 736 3226; x_wconf 90' lang='lat' dir='ltr'>scrutatione,</span> <span class='ocrx_word' id='word_1_427' title='bbox 755 3160 786 3216; x_wconf 92' lang='lat' dir='ltr'>in</span> <span class='ocrx_word' id='word_1_428' title='bbox 809 3159 883 3217; x_wconf 91' lang='lat' dir='ltr'>silva</span> <span class='ocrx_word' id='word_1_429' title='bbox 909 3160 995 3218; x_wconf 87' lang='lat' dir='ltr'>Oino-</span> <span class='ocrx_word' id='word_1_430' title='bbox 1050 3167 1160 3219; x_wconf 79' lang='lat' dir='ltr'>sancta</span> <span class='ocrx_word' id='word_1_431' title='bbox 1176 3160 1224 3218; x_wconf 89' lang='lat' dir='ltr'>iiei</span> <span class='ocrx_word' id='word_1_432' title='bbox 1247 3157 1382 3216; x_wconf 79' lang='lat' dir='ltr'>Ecclesia</span> <span class='ocrx_word' id='word_1_433' title='bbox 1396 3157 1530 3214; x_wconf 87' lang='lat' dir='ltr'>fidelium</span> <span class='ocrx_word' id='word_1_434' title='bbox 1547 3154 1702 3212; x_wconf 71' lang='lat' dir='ltr'>indust-ire</span> <span class='ocrx_word' id='word_1_435' title='bbox 1722 3153 1808 3227; x_wconf 87' lang='lat' dir='ltr'>quod</span> <span class='ocrx_word' id='word_1_436' title='bbox 1825 3157 1884 3210; x_wconf 83' lang='lat' dir='ltr'>An·</span> 
     </span>
     <span class='ocr_line' id='line_1_35' title="bbox 165 3243 1883 3323; baseline -0.002 -21"><span class='ocrx_word' id='word_1_437' title='bbox 165 3245 236 3302; x_wconf 89' lang='lat' dir='ltr'>dicii</span> <span class='ocrx_word' id='word_1_438' title='bbox 259 3245 446 3317; x_wconf 91' lang='lat' dir='ltr'>dignoscitur</span> <span class='ocrx_word' id='word_1_439' title='bbox 474 3249 575 3306; x_wconf 88' lang='lat' dir='ltr'>latere.</span> <span class='ocrx_word' id='word_1_440' title='bbox 601 3252 661 3305; x_wconf 91' lang='lat' dir='ltr'>itur</span> <span class='ocrx_word' id='word_1_441' title='bbox 686 3248 780 3320; x_wconf 89' lang='lat' dir='ltr'>ocius,</span> <span class='ocrx_word' id='word_1_442' title='bbox 804 3249 993 3323; x_wconf 89' lang='lat' dir='ltr'>perquiritur,</span> <span class='ocrx_word' id='word_1_443' title='bbox 1050 3251 1212 3322; x_wconf 90' lang='lat' dir='ltr'>gairannus</span> <span class='ocrx_word' id='word_1_444' title='bbox 1235 3248 1331 3306; x_wconf 89' lang='lat' dir='ltr'>abbas</span> <span class='ocrx_word' id='word_1_445' title='bbox 1355 3245 1540 3305; x_wconf 82' lang='lat' dir='ltr'>centulensis</span> <span class='ocrx_word' id='word_1_446' title='bbox 1564 3243 1704 3311; x_wconf 81' lang='lat' dir='ltr'>ooeuobii,</span> <span class='ocrx_word' id='word_1_447' title='bbox 1720 3243 1774 3300; x_wconf 90' lang='lat' dir='ltr'>ubi</span> <span class='ocrx_word' id='word_1_448' title='bbox 1793 3258 1883 3299; x_wconf 77' lang='lat' dir='ltr'>vene</span> 
     </span>
     <span class='ocr_line' id='line_1_36' title="bbox 164 3331 1882 3414; baseline -0.003 -22"><span class='ocrx_word' id='word_1_449' title='bbox 164 3336 302 3394; x_wconf 87' lang='lat' dir='ltr'>inventus</span> <span class='ocrx_word' id='word_1_450' title='bbox 324 3337 493 3410; x_wconf 88' lang='lat' dir='ltr'>adducitur,</span> <span class='ocrx_word' id='word_1_451' title='bbox 519 3341 657 3414; x_wconf 83' lang='lat' dir='ltr'>regisque</span> <span class='ocrx_word' id='word_1_452' title='bbox 685 3340 803 3396; x_wconf 88' lang='lat' dir='ltr'>iioberti</span> <span class='ocrx_word' id='word_1_453' title='bbox 830 3339 994 3414; x_wconf 76' lang='lat' dir='ltr'>praesentior</span> <span class='ocrx_word' id='word_1_454' title='bbox 1049 3340 1151 3397; x_wconf 89' lang='lat' dir='ltr'>rabilis</span> <span class='ocrx_word' id='word_1_455' title='bbox 1175 3338 1329 3396; x_wconf 77' lang='lat' dir='ltr'>consessor</span> <span class='ocrx_word' id='word_1_456' title='bbox 1351 3339 1474 3393; x_wconf 86' lang='lat' dir='ltr'>sanctus</span> <span class='ocrx_word' id='word_1_457' title='bbox 1490 3333 1644 3392; x_wconf 75' lang='lat' dir='ltr'>ilicitanus</span> <span class='ocrx_word' id='word_1_458' title='bbox 1668 3332 1808 3406; x_wconf 86' lang='lat' dir='ltr'>quiescit,</span> <span class='ocrx_word' id='word_1_459' title='bbox 1825 3331 1882 3388; x_wconf 75' lang='lat' dir='ltr'>cle</span> 
     </span>
    </p>
   </div>
   <div class='ocr_carea' id='block_1_3' title="bbox 165 3415 1990 3501">
    <p class='ocr_par' dir='ltr' id='par_1_3' title="bbox 165 3415 1990 3501">
     <span class='ocr_line' id='line_1_37' title="bbox 165 3415 1990 3501; baseline -0.002 -21"><span class='ocrx_word' id='word_1_460' title='bbox 165 3425 287 3482; x_wconf 89' lang='lat' dir='ltr'>sistitur.</span> <span class='ocrx_word' id='word_1_461' title='bbox 313 3429 373 3484; x_wconf 85' lang='lat' dir='ltr'>ilex</span> <span class='ocrx_word' id='word_1_462' title='bbox 397 3427 499 3501; x_wconf 92' lang='lat' dir='ltr'>itaque</span> <span class='ocrx_word' id='word_1_463' title='bbox 522 3429 658 3498; x_wconf 90' lang='lat' dir='ltr'>gaudens</span> <span class='ocrx_word' id='word_1_464' title='bbox 681 3428 813 3486; x_wconf 88' lang='lat' dir='ltr'>ecclesiae</span> <span class='ocrx_word' id='word_1_465' title='bbox 837 3427 994 3484; x_wconf 88' lang='lat' dir='ltr'>basilicam</span> <span class='ocrx_word' id='word_1_466' title='bbox 1048 3431 1194 3487; x_wconf 86' lang='lat' dir='ltr'>mantiam</span> <span class='ocrx_word' id='word_1_467' title='bbox 1216 3431 1351 3484; x_wconf 89' lang='lat' dir='ltr'>nostram</span> <span class='ocrx_word' id='word_1_468' title='bbox 1367 3423 1520 3499; x_wconf 87' lang='lat' dir='ltr'>expetierit</span> <span class='ocrx_word' id='word_1_469' title='bbox 1533 3427 1680 3497; x_wconf 84' lang='lat' dir='ltr'>quatenus</span> <span class='ocrx_word' id='word_1_470' title='bbox 1697 3421 1755 3493; x_wconf 85' lang='lat' dir='ltr'>ipsi</span> <span class='ocrx_word' id='word_1_471' title='bbox 1770 3425 1881 3478; x_wconf 84' lang='lat' dir='ltr'>sancto</span> <span class='ocrx_word' id='word_1_472' title='bbox 1989 3415 1990 3428; x_wconf 59' lang='lat'>¹</span> 
     </span>
    </p>
   </div>
   <div class='ocr_carea' id='block_1_4' title="bbox 164 3508 1874 3590">
    <p class='ocr_par' dir='ltr' id='par_1_4' title="bbox 164 3508 1874 3590">
     <span class='ocr_line' id='line_1_38' title="bbox 164 3508 1874 3590; baseline -0.004 -21"><span class='ocrx_word' id='word_1_473' title='bbox 164 3513 417 3589; x_wconf 87' lang='lat' dir='ltr'>intrat,omnique</span> <span class='ocrx_word' id='word_1_474' title='bbox 430 3523 583 3588; x_wconf 88' lang='lat' dir='ltr'>spectante</span> <span class='ocrx_word' id='word_1_475' title='bbox 598 3515 802 3575; x_wconf 91' lang='lat' dir='ltr'>nobiliumvei</span> <span class='ocrx_word' id='word_1_476' title='bbox 816 3517 994 3588; x_wconf 90' lang='lat' dir='ltr'>ignobilium</span> <span class='ocrx_word' id='word_1_477' title='bbox 1048 3517 1206 3590; x_wconf 89' lang='lat' dir='ltr'>largitione</span> <span class='ocrx_word' id='word_1_478' title='bbox 1229 3520 1339 3573; x_wconf 83' lang='lat' dir='ltr'>nostrae</span> <span class='ocrx_word' id='word_1_479' title='bbox 1364 3514 1563 3586; x_wconf 74' lang='lat' dir='ltr'>eleemosyna</span> <span class='ocrx_word' id='word_1_480' title='bbox 1589 3510 1788 3568; x_wconf 70' lang='lat' dir='ltr'>conferremus</span> <span class='ocrx_word' id='word_1_481' title='bbox 1815 3508 1874 3564; x_wconf 82' lang='lat' dir='ltr'>aii·</span> 
     </span>
    </p>
   </div>
   <div class='ocr_carea' id='block_1_5' title="bbox 164 3595 1990 3774">
    <p class='ocr_par' dir='ltr' id='par_1_5' title="bbox 164 3595 1990 3774">
     <span class='ocr_line' id='line_1_39' title="bbox 165 3595 1990 3682; baseline -0.003 -25"><span class='ocrx_word' id='word_1_482' title='bbox 165 3607 294 3669; x_wconf 85' lang='lat' dir='ltr'>caterva,</span> <span class='ocrx_word' id='word_1_483' title='bbox 309 3620 364 3677; x_wconf 90' lang='lat' dir='ltr'>per</span> <span class='ocrx_word' id='word_1_484' title='bbox 377 3604 464 3661; x_wconf 87' lang='lat' dir='ltr'>ianas</span> <span class='ocrx_word' id='word_1_485' title='bbox 487 3605 525 3662; x_wconf 91' lang='lat' dir='ltr'>ad</span> <span class='ocrx_word' id='word_1_486' title='bbox 552 3607 639 3676; x_wconf 84' lang='lat' dir='ltr'>signa</span> <span class='ocrx_word' id='word_1_487' title='bbox 653 3605 819 3679; x_wconf 86' lang='lat' dir='ltr'>pendentes</span> <span class='ocrx_word' id='word_1_488' title='bbox 834 3605 891 3678; x_wconf 86' lang='lat' dir='ltr'>ipsi</span> <span class='ocrx_word' id='word_1_489' title='bbox 906 3607 994 3662; x_wconf 90' lang='lat' dir='ltr'>totius</span> <span class='ocrx_word' id='word_1_490' title='bbox 1048 3608 1132 3682; x_wconf 89' lang='lat' dir='ltr'>quid.</span> <span class='ocrx_word' id='word_1_491' title='bbox 1149 3607 1276 3665; x_wconf 86' lang='lat' dir='ltr'>Consilio</span> <span class='ocrx_word' id='word_1_492' title='bbox 1299 3619 1370 3675; x_wconf 90' lang='lat' dir='ltr'>ergo</span> <span class='ocrx_word' id='word_1_493' title='bbox 1395 3607 1425 3660; x_wconf 90' lang='lat' dir='ltr'>et</span> <span class='ocrx_word' id='word_1_494' title='bbox 1444 3607 1586 3675; x_wconf 85' lang='lat' dir='ltr'>suggestu</span> <span class='ocrx_word' id='word_1_495' title='bbox 1607 3603 1777 3656; x_wconf 78' lang='lat' dir='ltr'>nosborarn</span> <span class='ocrx_word' id='word_1_496' title='bbox 1791 3595 1872 3652; x_wconf 84' lang='lat' dir='ltr'>fide-</span> <span class='ocrx_word' id='word_1_497' title='bbox 1989 3617 1990 3630; x_wconf 69' lang='lat'>.</span> 
     </span>
     <span class='ocr_line' id='line_1_40' title="bbox 164 3683 1990 3774; baseline -0.002 -30"><span class='ocrx_word' id='word_1_498' title='bbox 164 3688 222 3744; x_wconf 90' lang='lat' dir='ltr'>ioci</span> <span class='ocrx_word' id='word_1_499' title='bbox 236 3689 474 3750; x_wconf 88' lang='lat' dir='ltr'>dominationem</span> <span class='ocrx_word' id='word_1_500' title='bbox 490 3692 615 3762; x_wconf 87' lang='lat' dir='ltr'>delegat.</span> <span class='ocrx_word' id='word_1_501' title='bbox 634 3694 704 3749; x_wconf 86' lang='lat' dir='ltr'>iiein</span> <span class='ocrx_word' id='word_1_502' title='bbox 724 3692 846 3763; x_wconf 87' lang='lat' dir='ltr'>jubetur</span> <span class='ocrx_word' id='word_1_503' title='bbox 868 3693 907 3750; x_wconf 91' lang='lat' dir='ltr'>ab</span> <span class='ocrx_word' id='word_1_504' title='bbox 927 3693 994 3766; x_wconf 90' lang='lat' dir='ltr'>ipso</span> <span class='ocrx_word' id='word_1_505' title='bbox 1048 3696 1132 3763; x_wconf 86' lang='lat' dir='ltr'>Eum,</span> <span class='ocrx_word' id='word_1_506' title='bbox 1148 3693 1337 3750; x_wconf 88' lang='lat' dir='ltr'>decrevimus</span> <span class='ocrx_word' id='word_1_507' title='bbox 1351 3690 1467 3748; x_wconf 91' lang='lat' dir='ltr'>tradere</span> <span class='ocrx_word' id='word_1_508' title='bbox 1481 3693 1626 3763; x_wconf 86' lang='lat' dir='ltr'>perpetuo</span> <span class='ocrx_word' id='word_1_509' title='bbox 1645 3683 1789 3761; x_wconf 68' lang='lat' dir='ltr'>mediato</span> <span class='ocrx_word' id='word_1_510' title='bbox 1804 3701 1879 3741; x_wconf 82' lang='lat' dir='ltr'>san·</span> <span class='ocrx_word' id='word_1_511' title='bbox 1989 3747 1990 3774; x_wconf 23' lang='lat'>¹</span> 
     </span>
    </p>
   </div>
   <div class='ocr_carea' id='block_1_6' title="bbox 163 3775 1885 4126">
    <p class='ocr_par' dir='ltr' id='par_1_6' title="bbox 163 3775 1885 4126">
     <span class='ocr_line' id='line_1_41' title="bbox 164 3775 1884 3854; baseline -0.001 -21"><span class='ocrx_word' id='word_1_512' title='bbox 164 3791 233 3848; x_wconf 88' lang='lat' dir='ltr'>rege</span> <span class='ocrx_word' id='word_1_513' title='bbox 263 3782 296 3835; x_wconf 94' lang='lat' dir='ltr'>ut</span> <span class='ocrx_word' id='word_1_514' title='bbox 318 3779 508 3852; x_wconf 63' lang='lat' dir='ltr'>:quantocius</span> <span class='ocrx_word' id='word_1_515' title='bbox 537 3779 753 3838; x_wconf 88' lang='lat' dir='ltr'>acceleraretur</span> <span class='ocrx_word' id='word_1_516' title='bbox 779 3781 994 3838; x_wconf 86' lang='lat' dir='ltr'>benedictionis</span> <span class='ocrx_word' id='word_1_517' title='bbox 1049 3790 1095 3842; x_wconf 90' lang='lat' dir='ltr'>cto</span> <span class='ocrx_word' id='word_1_518' title='bbox 1111 3788 1140 3842; x_wconf 89' lang='lat' dir='ltr'>et</span> <span class='ocrx_word' id='word_1_519' title='bbox 1153 3782 1246 3840; x_wconf 89' lang='lat' dir='ltr'>servis</span> <span class='ocrx_word' id='word_1_520' title='bbox 1261 3781 1327 3854; x_wconf 87' lang='lat' dir='ltr'>ejus</span> <span class='ocrx_word' id='word_1_521' title='bbox 1349 3779 1506 3838; x_wconf 89' lang='lat' dir='ltr'>ecclesiam</span> <span class='ocrx_word' id='word_1_522' title='bbox 1531 3793 1601 3852; x_wconf 77' lang='lat' dir='ltr'>qum</span> <span class='ocrx_word' id='word_1_523' title='bbox 1616 3776 1672 3834; x_wconf 89' lang='lat' dir='ltr'>sita</span> <span class='ocrx_word' id='word_1_524' title='bbox 1691 3779 1736 3832; x_wconf 87' lang='lat' dir='ltr'>est</span> <span class='ocrx_word' id='word_1_525' title='bbox 1755 3775 1790 3832; x_wconf 88' lang='lat' dir='ltr'>ic</span> <span class='ocrx_word' id='word_1_526' title='bbox 1811 3777 1884 3832; x_wconf 82' lang='lat' dir='ltr'>Sca-</span> 
     </span>
     <span class='ocr_line' id='line_1_42' title="bbox 165 3865 1884 3943; baseline -0.001 -20"><span class='ocrx_word' id='word_1_527' title='bbox 165 3868 349 3926; x_wconf 89' lang='lat' dir='ltr'>consooratio</span> <span class='ocrx_word' id='word_1_528' title='bbox 363 3868 466 3941; x_wconf 85' lang='lat' dir='ltr'>digna.</span> <span class='ocrx_word' id='word_1_529' title='bbox 483 3872 555 3928; x_wconf 84' lang='lat' dir='ltr'>Vere</span> <span class='ocrx_word' id='word_1_530' title='bbox 579 3885 651 3942; x_wconf 87' lang='lat' dir='ltr'>ergo</span> <span class='ocrx_word' id='word_1_531' title='bbox 676 3870 730 3927; x_wconf 89' lang='lat' dir='ltr'>iste</span> <span class='ocrx_word' id='word_1_532' title='bbox 755 3869 877 3943; x_wconf 88' lang='lat' dir='ltr'>superni</span> <span class='ocrx_word' id='word_1_533' title='bbox 898 3887 993 3928; x_wconf 92' lang='lat' dir='ltr'>mem·</span> <span class='ocrx_word' id='word_1_534' title='bbox 1047 3874 1117 3932; x_wconf 89' lang='lat' dir='ltr'>beili</span> <span class='ocrx_word' id='word_1_535' title='bbox 1131 3873 1212 3930; x_wconf 91' lang='lat' dir='ltr'>villa.</span> <span class='ocrx_word' id='word_1_536' title='bbox 1227 3871 1370 3928; x_wconf 90' lang='lat' dir='ltr'>Prssiatus</span> <span class='ocrx_word' id='word_1_537' title='bbox 1383 3870 1456 3926; x_wconf 81' lang='lat' dir='ltr'>vero</span> <span class='ocrx_word' id='word_1_538' title='bbox 1476 3868 1575 3926; x_wconf 88' lang='lat' dir='ltr'>abbas</span> <span class='ocrx_word' id='word_1_539' title='bbox 1587 3873 1617 3925; x_wconf 85' lang='lat' dir='ltr'>et</span> <span class='ocrx_word' id='word_1_540' title='bbox 1630 3867 1747 3934; x_wconf 83' lang='lat' dir='ltr'>tratres,</span> <span class='ocrx_word' id='word_1_541' title='bbox 1763 3865 1826 3922; x_wconf 90' lang='lat' dir='ltr'>sab</span> <span class='ocrx_word' id='word_1_542' title='bbox 1843 3869 1884 3922; x_wconf 87' lang='lat' dir='ltr'>te-</span> 
     </span>
     <span class='ocr_line' id='line_1_43' title="bbox 163 3954 1885 4034; baseline -0.001 -22"><span class='ocrx_word' id='word_1_543' title='bbox 163 3955 254 4013; x_wconf 91' lang='lat' dir='ltr'>brum</span> <span class='ocrx_word' id='word_1_544' title='bbox 276 3958 381 4032; x_wconf 89' lang='lat' dir='ltr'>capitis</span> <span class='ocrx_word' id='word_1_545' title='bbox 408 3958 471 4030; x_wconf 88' lang='lat' dir='ltr'>luit,</span> <span class='ocrx_word' id='word_1_546' title='bbox 488 3960 540 4032; x_wconf 91' lang='lat' dir='ltr'>qui</span> <span class='ocrx_word' id='word_1_547' title='bbox 565 3975 681 4015; x_wconf 91' lang='lat' dir='ltr'>memor</span> <span class='ocrx_word' id='word_1_548' title='bbox 707 3975 796 4015; x_wconf 91' lang='lat' dir='ltr'>suum</span> <span class='ocrx_word' id='word_1_549' title='bbox 821 3959 992 4028; x_wconf 84' lang='lat' dir='ltr'>Dominum,</span> <span class='ocrx_word' id='word_1_550' title='bbox 1048 3961 1223 4020; x_wconf 88' lang='lat' dir='ltr'>stificatione</span> <span class='ocrx_word' id='word_1_551' title='bbox 1246 3958 1401 4034; x_wconf 82' lang='lat' dir='ltr'>presentis</span> <span class='ocrx_word' id='word_1_552' title='bbox 1422 3957 1625 4030; x_wconf 87' lang='lat' dir='ltr'>chirographi,</span> <span class='ocrx_word' id='word_1_553' title='bbox 1651 3954 1885 4029; x_wconf 88' lang='lat' dir='ltr'>spoponderunt</span> 
     </span>
     <span class='ocr_line' id='line_1_44' title="bbox 163 4043 1884 4126; baseline -0.001 -25"><span class='ocrx_word' id='word_1_554' title='bbox 163 4044 322 4103; x_wconf 89' lang='lat' dir='ltr'>dameam</span> <span class='ocrx_word' id='word_1_555' title='bbox 345 4047 453 4105; x_wconf 89' lang='lat' dir='ltr'>veilent</span> <span class='ocrx_word' id='word_1_556' title='bbox 477 4047 582 4122; x_wconf 89' lang='lat' dir='ltr'>popuii</span> <span class='ocrx_word' id='word_1_557' title='bbox 598 4049 694 4106; x_wconf 90' lang='lat' dir='ltr'>lacere</span> <span class='ocrx_word' id='word_1_558' title='bbox 709 4064 822 4120; x_wconf 88' lang='lat' dir='ltr'>regem,</span> <span class='ocrx_word' id='word_1_559' title='bbox 838 4048 948 4120; x_wconf 90' lang='lat' dir='ltr'>iugisse</span> <span class='ocrx_word' id='word_1_560' title='bbox 962 4049 993 4106; x_wconf 90' lang='lat' dir='ltr'>in</span> <span class='ocrx_word' id='word_1_561' title='bbox 1047 4051 1130 4126; x_wconf 91' lang='lat' dir='ltr'>quod</span> <span class='ocrx_word' id='word_1_562' title='bbox 1156 4065 1260 4107; x_wconf 90' lang='lat' dir='ltr'>amore</span> <span class='ocrx_word' id='word_1_563' title='bbox 1285 4047 1428 4119; x_wconf 87' lang='lat' dir='ltr'>genitoris</span> <span class='ocrx_word' id='word_1_564' title='bbox 1448 4045 1553 4112; x_wconf 87' lang='lat' dir='ltr'>nostri,</span> <span class='ocrx_word' id='word_1_565' title='bbox 1575 4049 1691 4112; x_wconf 87' lang='lat' dir='ltr'>nostro,</span> <span class='ocrx_word' id='word_1_566' title='bbox 1714 4048 1745 4100; x_wconf 89' lang='lat' dir='ltr'>et</span> <span class='ocrx_word' id='word_1_567' title='bbox 1766 4043 1884 4112; x_wconf 80' lang='lat' dir='ltr'>man-is,</span> 
     </span>
    </p>
   </div>
   <div class='ocr_carea' id='block_1_7' title="bbox 115 4131 1990 4300">
    <p class='ocr_par' dir='ltr' id='par_1_7' title="bbox 115 4131 1990 4300">
     <span class='ocr_line' id='line_1_45' title="bbox 115 4131 1990 4212; baseline 0.001 -23"><span class='ocrx_word' id='word_1_568' title='bbox 115 4131 116 4136; x_wconf 74' lang='grc'>’</span> <span class='ocrx_word' id='word_1_569' title='bbox 163 4137 307 4202; x_wconf 88' lang='lat' dir='ltr'>montem,</span> <span class='ocrx_word' id='word_1_570' title='bbox 338 4151 375 4192; x_wconf 92' lang='lat' dir='ltr'>ne</span> <span class='ocrx_word' id='word_1_571' title='bbox 404 4136 562 4210; x_wconf 92' lang='lat' dir='ltr'>supercilio</span> <span class='ocrx_word' id='word_1_572' title='bbox 588 4136 769 4210; x_wconf 77' lang='lat' dir='ltr'>prelationis</span> <span class='ocrx_word' id='word_1_573' title='bbox 795 4137 992 4208; x_wconf 79' lang='lat' dir='ltr'>extolleretur,</span> <span class='ocrx_word' id='word_1_574' title='bbox 1048 4140 1185 4212; x_wconf 90' lang='lat' dir='ltr'>conjugis</span> <span class='ocrx_word' id='word_1_575' title='bbox 1196 4142 1225 4195; x_wconf 90' lang='lat' dir='ltr'>ei</span> <span class='ocrx_word' id='word_1_576' title='bbox 1238 4138 1340 4212; x_wconf 90' lang='lat' dir='ltr'>prolis,</span> <span class='ocrx_word' id='word_1_577' title='bbox 1356 4151 1488 4210; x_wconf 87' lang='lat' dir='ltr'>persona</span> <span class='ocrx_word' id='word_1_578' title='bbox 1510 4134 1602 4192; x_wconf 92' lang='lat' dir='ltr'>unius</span> <span class='ocrx_word' id='word_1_579' title='bbox 1626 4133 1773 4192; x_wconf 88' lang='lat' dir='ltr'>monachi</span> <span class='ocrx_word' id='word_1_580' title='bbox 1787 4134 1884 4208; x_wconf 84' lang='lat' dir='ltr'>ipsius</span> <span class='ocrx_word' id='word_1_581' title='bbox 1989 4139 1990 4156; x_wconf 70' lang='lat'>.</span> 
     </span>
     <span class='ocr_line' id='line_1_46' title="bbox 163 4221 1990 4300; baseline 0.002 -22"><span class='ocrx_word' id='word_1_582' title='bbox 163 4221 270 4279; x_wconf 86' lang='lat' dir='ltr'>maluit</span> <span class='ocrx_word' id='word_1_583' title='bbox 284 4223 383 4281; x_wconf 90' lang='lat' dir='ltr'>subire</span> <span class='ocrx_word' id='word_1_584' title='bbox 399 4241 570 4284; x_wconf 89' lang='lat' dir='ltr'>cavernam.</span> <span class='ocrx_word' id='word_1_585' title='bbox 1048 4226 1287 4300; x_wconf 87' lang='lat' dir='ltr'>congregationis</span> <span class='ocrx_word' id='word_1_586' title='bbox 1306 4229 1465 4297; x_wconf 86' lang='lat' dir='ltr'>augeretur</span> <span class='ocrx_word' id='word_1_587' title='bbox 1486 4239 1643 4294; x_wconf 88' lang='lat' dir='ltr'>numerus,</span> <span class='ocrx_word' id='word_1_588' title='bbox 1657 4237 1695 4280; x_wconf 89' lang='lat' dir='ltr'>ea</span> <span class='ocrx_word' id='word_1_589' title='bbox 1709 4222 1882 4280; x_wconf 82' lang='lat' dir='ltr'>conditione</span> <span class='ocrx_word' id='word_1_590' title='bbox 1989 4293 1990 4296; x_wconf 7' lang='grc' dir='ltr'><strong>Ἴ</strong></span> 
     </span>
    </p>
   </div>
   <div class='ocr_carea' id='block_1_8' title="bbox 163 4312 1883 4922">
    <p class='ocr_par' dir='ltr' id='par_1_8' title="bbox 163 4312 1883 4922">
     <span class='ocr_line' id='line_1_47' title="bbox 200 4312 1879 4409; baseline 0 -41"><span class='ocrx_word' id='word_1_591' title='bbox 200 4316 226 4368; x_wconf 84' lang='lat' dir='ltr'>c.</span> <span class='ocrx_word' id='word_1_592' title='bbox 246 4314 406 4380; x_wconf 87' lang='lat' dir='ltr'>iamvero,</span> <span class='ocrx_word' id='word_1_593' title='bbox 423 4318 546 4388; x_wconf 89' lang='lat' dir='ltr'>sumpto</span> <span class='ocrx_word' id='word_1_594' title='bbox 567 4314 687 4372; x_wconf 86' lang='lat' dir='ltr'>abbatis</span> <span class='ocrx_word' id='word_1_595' title='bbox 712 4314 821 4387; x_wconf 84' lang='lat' dir='ltr'>officio,</span> <span class='ocrx_word' id='word_1_596' title='bbox 837 4315 905 4389; x_wconf 91' lang='lat' dir='ltr'>quis</span> <span class='ocrx_word' id='word_1_597' title='bbox 925 4316 991 4388; x_wconf 88' lang='lat' dir='ltr'>ejus</span> <span class='ocrx_word' id='word_1_598' title='bbox 1010 4356 1030 4409; x_wconf 71' lang='lat' dir='ltr'>D</span> <span class='ocrx_word' id='word_1_599' title='bbox 1048 4312 1879 4386; x_wconf 75' lang='lat' dir='ltr'>ut,iiiodecedenteasecuio,eiteriuspersacuissab</span> 
     </span>
     <span class='ocr_line' id='line_1_48' title="bbox 163 4399 1879 4481; baseline -0.001 -23"><span class='ocrx_word' id='word_1_600' title='bbox 163 4400 246 4458; x_wconf 91' lang='lat' dir='ltr'>bona</span> <span class='ocrx_word' id='word_1_601' title='bbox 258 4401 348 4472; x_wconf 89' lang='lat' dir='ltr'>digne</span> <span class='ocrx_word' id='word_1_602' title='bbox 362 4406 469 4476; x_wconf 86' lang='lat' dir='ltr'>potens</span> <span class='ocrx_word' id='word_1_603' title='bbox 480 4403 518 4458; x_wconf 92' lang='lat' dir='ltr'>sit</span> <span class='ocrx_word' id='word_1_604' title='bbox 529 4403 703 4476; x_wconf 83' lang='lat' dir='ltr'>explicaret</span> <span class='ocrx_word' id='word_1_605' title='bbox 718 4407 785 4461; x_wconf 88' lang='lat' dir='ltr'>Erat</span> <span class='ocrx_word' id='word_1_606' title='bbox 799 4405 879 4462; x_wconf 90' lang='lat' dir='ltr'>enim</span> <span class='ocrx_word' id='word_1_607' title='bbox 895 4405 922 4461; x_wconf 90' lang='lat' dir='ltr'>ei</span> <span class='ocrx_word' id='word_1_608' title='bbox 934 4410 994 4460; x_wconf 90' lang='lat' dir='ltr'>stu·</span> <span class='ocrx_word' id='word_1_609' title='bbox 1048 4403 1366 4481; x_wconf 84' lang='lat' dir='ltr'>sequatursuccessi03</span> <span class='ocrx_word' id='word_1_610' title='bbox 1381 4403 1453 4460; x_wconf 89' lang='lat' dir='ltr'>illud</span> <span class='ocrx_word' id='word_1_611' title='bbox 1465 4403 1555 4460; x_wconf 85' lang='lat' dir='ltr'>etiarn</span> <span class='ocrx_word' id='word_1_612' title='bbox 1566 4406 1609 4472; x_wconf 86' lang='lat' dir='ltr'>ut,</span> <span class='ocrx_word' id='word_1_613' title='bbox 1620 4401 1660 4458; x_wconf 90' lang='lat' dir='ltr'>ab</span> <span class='ocrx_word' id='word_1_614' title='bbox 1671 4401 1822 4458; x_wconf 85' lang='lat' dir='ltr'>hodierna</span> <span class='ocrx_word' id='word_1_615' title='bbox 1828 4399 1879 4456; x_wconf 82' lang='lat' dir='ltr'>die</span> 
     </span>
     <span class='ocr_line' id='line_1_49' title="bbox 164 4489 1883 4568; baseline -0.002 -20"><span class='ocrx_word' id='word_1_616' title='bbox 164 4489 249 4548; x_wconf 88' lang='lat' dir='ltr'>dium</span> <span class='ocrx_word' id='word_1_617' title='bbox 260 4491 333 4563; x_wconf 89' lang='lat' dir='ltr'>juge</span> <span class='ocrx_word' id='word_1_618' title='bbox 345 4491 474 4565; x_wconf 78' lang='lat' dir='ltr'>propriae</span> <span class='ocrx_word' id='word_1_619' title='bbox 490 4492 556 4548; x_wconf 78' lang='lat' dir='ltr'>vita</span> <span class='ocrx_word' id='word_1_620' title='bbox 581 4493 676 4548; x_wconf 81' lang='lat' dir='ltr'>nevis</span> <span class='ocrx_word' id='word_1_621' title='bbox 690 4509 801 4565; x_wconf 88' lang='lat' dir='ltr'>carere,</span> <span class='ocrx_word' id='word_1_622' title='bbox 816 4510 917 4552; x_wconf 88' lang='lat' dir='ltr'>coram</span> <span class='ocrx_word' id='word_1_623' title='bbox 934 4497 993 4551; x_wconf 86' lang='lat' dir='ltr'>lieo</span> <span class='ocrx_word' id='word_1_624' title='bbox 1048 4500 1077 4553; x_wconf 94' lang='lat' dir='ltr'>et</span> <span class='ocrx_word' id='word_1_625' title='bbox 1099 4494 1251 4568; x_wconf 86' lang='lat' dir='ltr'>deinceps,</span> <span class='ocrx_word' id='word_1_626' title='bbox 1271 4507 1338 4562; x_wconf 92' lang='lat' dir='ltr'>nos,</span> <span class='ocrx_word' id='word_1_627' title='bbox 1356 4490 1510 4565; x_wconf 88' lang='lat' dir='ltr'>nostrique</span> <span class='ocrx_word' id='word_1_628' title='bbox 1533 4489 1586 4546; x_wconf 87' lang='lat' dir='ltr'>filii</span> <span class='ocrx_word' id='word_1_629' title='bbox 1609 4489 1794 4563; x_wconf 78' lang='lat' dir='ltr'>supradicte</span> <span class='ocrx_word' id='word_1_630' title='bbox 1814 4503 1883 4545; x_wconf 77' lang='lat' dir='ltr'>ron</span> 
     </span>
     <span class='ocr_line' id='line_1_50' title="bbox 165 4575 1883 4656; baseline -0.001 -20"><span class='ocrx_word' id='word_1_631' title='bbox 165 4582 194 4636; x_wconf 88' lang='lat' dir='ltr'>et</span> <span class='ocrx_word' id='word_1_632' title='bbox 204 4575 378 4636; x_wconf 86' lang='lat' dir='ltr'>bominibus</span> <span class='ocrx_word' id='word_1_633' title='bbox 400 4579 483 4636; x_wconf 92' lang='lat' dir='ltr'>bona</span> <span class='ocrx_word' id='word_1_634' title='bbox 499 4595 618 4654; x_wconf 89' lang='lat' dir='ltr'>semper</span> <span class='ocrx_word' id='word_1_635' title='bbox 631 4580 798 4653; x_wconf 87' lang='lat' dir='ltr'>providere,</span> <span class='ocrx_word' id='word_1_636' title='bbox 815 4583 992 4638; x_wconf 89' lang='lat' dir='ltr'>commisso·</span> <span class='ocrx_word' id='word_1_637' title='bbox 1048 4584 1229 4654; x_wconf 83' lang='lat' dir='ltr'>gregationis</span> <span class='ocrx_word' id='word_1_638' title='bbox 1241 4581 1382 4656; x_wconf 89' lang='lat' dir='ltr'>appellati</span> <span class='ocrx_word' id='word_1_639' title='bbox 1398 4581 1480 4649; x_wconf 85' lang='lat' dir='ltr'>socii,</span> <span class='ocrx_word' id='word_1_640' title='bbox 1496 4578 1632 4637; x_wconf 88' lang='lat' dir='ltr'>omnium</span> <span class='ocrx_word' id='word_1_641' title='bbox 1646 4595 1716 4653; x_wconf 74' lang='lat' dir='ltr'>que</span> <span class='ocrx_word' id='word_1_642' title='bbox 1733 4579 1778 4636; x_wconf 90' lang='lat' dir='ltr'>ibi</span> <span class='ocrx_word' id='word_1_643' title='bbox 1798 4585 1883 4650; x_wconf 79' lang='lat' dir='ltr'>gesta</span> 
     </span>
     <span class='ocr_line' id='line_1_51' title="bbox 164 4667 1883 4742; baseline 0.002 -19"><span class='ocrx_word' id='word_1_644' title='bbox 164 4682 233 4723; x_wconf 88' lang='lat' dir='ltr'>rum</span> <span class='ocrx_word' id='word_1_645' title='bbox 254 4667 358 4741; x_wconf 90' lang='lat' dir='ltr'>inepta</span> <span class='ocrx_word' id='word_1_646' title='bbox 378 4683 523 4739; x_wconf 87' lang='lat' dir='ltr'>resecare,</span> <span class='ocrx_word' id='word_1_647' title='bbox 539 4673 600 4725; x_wconf 91' lang='lat' dir='ltr'>tam</span> <span class='ocrx_word' id='word_1_648' title='bbox 624 4667 763 4741; x_wconf 85' lang='lat' dir='ltr'>exemplo</span> <span class='ocrx_word' id='word_1_649' title='bbox 782 4685 876 4742; x_wconf 86' lang='lat' dir='ltr'>quem</span> <span class='ocrx_word' id='word_1_650' title='bbox 904 4671 994 4727; x_wconf 88' lang='lat' dir='ltr'>verbo</span> <span class='ocrx_word' id='word_1_651' title='bbox 1047 4667 1883 4742; x_wconf 76' lang='lat' dir='ltr'>fuerintbonorumbabeamurpsrticipes.usigiturimr</span> 
     </span>
     <span class='ocr_line' id='line_1_52' title="bbox 164 4755 1883 4834; baseline -0.001 -21"><span class='ocrx_word' id='word_1_652' title='bbox 164 4755 247 4814; x_wconf 86' lang='lat' dir='ltr'>bona</span> <span class='ocrx_word' id='word_1_653' title='bbox 258 4772 363 4814; x_wconf 86' lang='lat' dir='ltr'>eorum</span> <span class='ocrx_word' id='word_1_654' title='bbox 378 4773 499 4829; x_wconf 88' lang='lat' dir='ltr'>augere,</span> <span class='ocrx_word' id='word_1_655' title='bbox 510 4759 658 4833; x_wconf 90' lang='lat' dir='ltr'>quidquid</span> <span class='ocrx_word' id='word_1_656' title='bbox 671 4758 786 4816; x_wconf 92' lang='lat' dir='ltr'>bonum</span> <span class='ocrx_word' id='word_1_657' title='bbox 803 4775 922 4832; x_wconf 86' lang='lat' dir='ltr'>semper</span> <span class='ocrx_word' id='word_1_658' title='bbox 931 4776 994 4817; x_wconf 90' lang='lat' dir='ltr'>am·</span> <span class='ocrx_word' id='word_1_659' title='bbox 1047 4762 1154 4819; x_wconf 82' lang='lat' dir='ltr'>futuris</span> <span class='ocrx_word' id='word_1_660' title='bbox 1167 4759 1354 4834; x_wconf 87' lang='lat' dir='ltr'>temporibus</span> <span class='ocrx_word' id='word_1_661' title='bbox 1366 4757 1489 4815; x_wconf 91' lang='lat' dir='ltr'>donatio</span> <span class='ocrx_word' id='word_1_662' title='bbox 1499 4755 1613 4814; x_wconf 89' lang='lat' dir='ltr'>stabilis</span> <span class='ocrx_word' id='word_1_663' title='bbox 1622 4763 1814 4830; x_wconf 85' lang='lat' dir='ltr'>permaneat,</span> <span class='ocrx_word' id='word_1_664' title='bbox 1825 4757 1883 4813; x_wconf 88' lang='lat' dir='ltr'>sub</span> 
     </span>
     <span class='ocr_line' id='line_1_53' title="bbox 164 4844 1882 4922; baseline 0 -20"><span class='ocrx_word' id='word_1_665' title='bbox 164 4844 240 4912; x_wconf 89' lang='lat' dir='ltr'>bire,</span> <span class='ocrx_word' id='word_1_666' title='bbox 253 4845 402 4920; x_wconf 92' lang='lat' dir='ltr'>quidquid</span> <span class='ocrx_word' id='word_1_667' title='bbox 425 4862 553 4920; x_wconf 89' lang='lat' dir='ltr'>pravum</span> <span class='ocrx_word' id='word_1_668' title='bbox 577 4863 695 4921; x_wconf 91' lang='lat' dir='ltr'>semper</span> <span class='ocrx_word' id='word_1_669' title='bbox 713 4863 828 4906; x_wconf 91' lang='lat' dir='ltr'>cavere.</span> <span class='ocrx_word' id='word_1_670' title='bbox 850 4851 906 4906; x_wconf 86' lang='lat' dir='ltr'>Nec</span> <span class='ocrx_word' id='word_1_671' title='bbox 929 4850 994 4921; x_wconf 86' lang='lat' dir='ltr'>ejus</span> <span class='ocrx_word' id='word_1_672' title='bbox 1048 4851 1133 4922; x_wconf 90' lang='lat' dir='ltr'>gravi</span> <span class='ocrx_word' id='word_1_673' title='bbox 1148 4847 1427 4908; x_wconf 86' lang='lat' dir='ltr'>anathemateiacto</span> <span class='ocrx_word' id='word_1_674' title='bbox 1442 4846 1482 4904; x_wconf 87' lang='lat' dir='ltr'>ab</span> <span class='ocrx_word' id='word_1_675' title='bbox 1493 4845 1730 4920; x_wconf 85' lang='lat' dir='ltr'>archiepiscopo,</span> <span class='ocrx_word' id='word_1_676' title='bbox 1742 4862 1793 4902; x_wconf 89' lang='lat' dir='ltr'>me</span> <span class='ocrx_word' id='word_1_677' title='bbox 1805 4863 1882 4920; x_wconf 65' lang='lat' dir='ltr'>prm</span> 
     </span>
    </p>
   </div>
   <div class='ocr_carea' id='block_1_9' title="bbox 92 4997 1881 5427">
    <p class='ocr_par' dir='ltr' id='par_1_9' title="bbox 164 4997 1164 5068">
     <span class='ocr_line' id='line_1_54' title="bbox 164 4997 1164 5068; baseline 0.004 -14"><span class='ocrx_word' id='word_1_678' title='bbox 164 4997 301 5054; x_wconf 92' lang='lat' dir='ltr'>nonnulii</span> <span class='ocrx_word' id='word_1_679' title='bbox 317 4997 505 5068; x_wconf 90' lang='lat' dir='ltr'>consignant.</span> <span class='ocrx_word' id='word_1_680' title='bbox 525 5002 562 5054; x_wconf 80' lang='lat' dir='ltr'>At</span> <span class='ocrx_word' id='word_1_681' title='bbox 582 5014 618 5054; x_wconf 85' lang='lat' dir='ltr'>ex</span> <span class='ocrx_word' id='word_1_682' title='bbox 645 4999 770 5057; x_wconf 85' lang='lat' dir='ltr'>Historia</span> <span class='ocrx_word' id='word_1_683' title='bbox 792 4999 994 5058; x_wconf 88' lang='lat' dir='ltr'>translationis</span> <span class='ocrx_word' id='word_1_684' title='bbox 1048 5002 1164 5058; x_wconf 90' lang='lat' dir='ltr'>nuario.</span> 
     </span>
    </p>

    <p class='ocr_par' dir='ltr' id='par_1_10' title="bbox 92 5067 1881 5427">
     <span class='ocr_line' id='line_1_55' title="bbox 167 5067 1881 5146; baseline 0 -20"><span class='ocrx_word' id='word_1_685' title='bbox 167 5067 393 5134; x_wconf 65' lang='lat' dir='ltr'>sassinatem,</span> <span class='ocrx_word' id='word_1_686' title='bbox 416 5073 483 5135; x_wconf 81' lang='lat' dir='ltr'>etc,</span> <span class='ocrx_word' id='word_1_687' title='bbox 504 5084 597 5141; x_wconf 88' lang='lat' dir='ltr'>quam</span> <span class='ocrx_word' id='word_1_688' title='bbox 622 5087 656 5124; x_wconf 89' lang='lat' dir='ltr'>sa</span> <span class='ocrx_word' id='word_1_689' title='bbox 679 5085 713 5126; x_wconf 92' lang='lat' dir='ltr'>ra</span> <span class='ocrx_word' id='word_1_690' title='bbox 737 5071 897 5142; x_wconf 82' lang='lat' dir='ltr'>edidimus,</span> <span class='ocrx_word' id='word_1_691' title='bbox 913 5075 994 5145; x_wconf 89' lang='lat' dir='ltr'>patet</span> <span class='ocrx_word' id='word_1_692' title='bbox 1083 5075 1122 5146; x_wconf 77' lang='lat'>(2)</span> <span class='ocrx_word' id='word_1_693' title='bbox 1141 5071 1251 5128; x_wconf 90' lang='lat' dir='ltr'>Ebaius</span> <span class='ocrx_word' id='word_1_694' title='bbox 1267 5073 1445 5128; x_wconf 82' lang='lat' dir='ltr'>lismensem</span> <span class='ocrx_word' id='word_1_695' title='bbox 1466 5068 1628 5126; x_wconf 86' lang='lat' dir='ltr'>Ecclesiam</span> <span class='ocrx_word' id='word_1_696' title='bbox 1652 5067 1692 5125; x_wconf 91' lang='lat' dir='ltr'>ab</span> <span class='ocrx_word' id='word_1_697' title='bbox 1711 5083 1795 5126; x_wconf 88' lang='lat' dir='ltr'>anno</span> <span class='ocrx_word' id='word_1_698' title='bbox 1812 5073 1881 5126; x_wconf 71' lang='lat' dir='ltr'>iiiii</span> 
     </span>
     <span class='ocr_line' id='line_1_56' title="bbox 165 5087 1880 5222; baseline 0 -26"><span class='ocrx_word' id='word_1_699' title='bbox 165 5138 328 5222; x_wconf 73' lang='lat' dir='ltr'>liebertum</span> <span class='ocrx_word' id='word_1_700' title='bbox 342 5139 437 5197; x_wconf 92' lang='lat' dir='ltr'>multo</span> <span class='ocrx_word' id='word_1_701' title='bbox 458 5145 547 5196; x_wconf 89' lang='lat' dir='ltr'>antea</span> <span class='ocrx_word' id='word_1_702' title='bbox 565 5141 619 5222; x_wconf 82' lang='lat' dir='ltr'>iter</span> <span class='ocrx_word' id='word_1_703' title='bbox 638 5087 711 5197; x_wconf 63' lang='lat' dir='ltr'>ilfurt</span> <span class='ocrx_word' id='word_1_704' title='bbox 735 5143 911 5216; x_wconf 86' lang='lat' dir='ltr'>suscepisse.</span> <span class='ocrx_word' id='word_1_705' title='bbox 929 5146 993 5199; x_wconf 85' lang='lat' dir='ltr'>Ete-</span> <span class='ocrx_word' id='word_1_706' title='bbox 1050 5145 1142 5200; x_wconf 90' lang='lat' dir='ltr'>tenuit</span> <span class='ocrx_word' id='word_1_707' title='bbox 1158 5142 1308 5222; x_wconf 82' lang='lat' dir='ltr'>usquead</span> <span class='ocrx_word' id='word_1_708' title='bbox 1323 5157 1438 5198; x_wconf 89' lang='lat' dir='ltr'>annum</span> <span class='ocrx_word' id='word_1_709' title='bbox 1455 5143 1521 5222; x_wconf 71' lang='lat' dir='ltr'>iiiii</span> <span class='ocrx_word' id='word_1_710' title='bbox 1537 5156 1599 5213; x_wconf 91' lang='lat' dir='ltr'>quo</span> <span class='ocrx_word' id='word_1_711' title='bbox 1614 5155 1630 5196; x_wconf 88' lang='lat' dir='ltr'>e</span> <span class='ocrx_word' id='word_1_712' title='bbox 1647 5139 1880 5222; x_wconf 59' lang='lat' dir='ltr'>vivisexcessitj</span> 
     </span>
     <span class='ocr_line' id='line_1_57' title="bbox 165 5210 1879 5287; baseline 0.001 -20"><span class='ocrx_word' id='word_1_713' title='bbox 165 5226 229 5267; x_wconf 90' lang='lat' dir='ltr'>nrm</span> <span class='ocrx_word' id='word_1_714' title='bbox 250 5210 302 5268; x_wconf 89' lang='lat' dir='ltr'>rbr.</span> <span class='ocrx_word' id='word_1_715' title='bbox 317 5225 385 5282; x_wconf 88' lang='lat' dir='ltr'>cap.</span> <span class='ocrx_word' id='word_1_716' title='bbox 400 5215 444 5268; x_wconf 79' lang='lat'>26.</span> <span class='ocrx_word' id='word_1_717' title='bbox 460 5215 631 5268; x_wconf 83' lang='lat' dir='ltr'>Constantia</span> <span class='ocrx_word' id='word_1_718' title='bbox 656 5213 759 5282; x_wconf 92' lang='lat' dir='ltr'>regina</span> <span class='ocrx_word' id='word_1_719' title='bbox 784 5229 851 5270; x_wconf 82' lang='lat' dir='ltr'>cunr.</span> <span class='ocrx_word' id='word_1_720' title='bbox 863 5216 994 5284; x_wconf 79' lang='lat' dir='ltr'>paruulo</span> <span class='ocrx_word' id='word_1_721' title='bbox 1048 5213 1182 5287; x_wconf 88' lang='lat' dir='ltr'>sepultus</span> <span class='ocrx_word' id='word_1_722' title='bbox 1200 5217 1365 5269; x_wconf 82' lang='lat' dir='ltr'>estansua·</span> <span class='ocrx_word' id='word_1_723' title='bbox 1379 5212 1504 5268; x_wconf 82' lang='lat' dir='ltr'>ecelesia</span> <span class='ocrx_word' id='word_1_724' title='bbox 1529 5226 1624 5284; x_wconf 91' lang='lat' dir='ltr'>prope</span> <span class='ocrx_word' id='word_1_725' title='bbox 1642 5210 1756 5281; x_wconf 58' lang='lat' dir='ltr'>matius</span> <span class='ocrx_word' id='word_1_726' title='bbox 1785 5211 1879 5268; x_wconf 84' lang='lat' dir='ltr'>chon.</span> 
     </span>
     <span class='ocr_line' id='line_1_58' title="bbox 92 5281 1881 5357; baseline 0.001 -19"><span class='ocrx_word' id='word_1_727' title='bbox 92 5295 94 5300; x_wconf 88' lang='lat'>·</span> <span class='ocrx_word' id='word_1_728' title='bbox 164 5282 372 5354; x_wconf 77' lang='lat' dir='ltr'>fiitoHupone</span> <span class='ocrx_word' id='word_1_729' title='bbox 388 5283 464 5338; x_wconf 84' lang='lat' dir='ltr'>Titio</span> <span class='ocrx_word' id='word_1_730' title='bbox 479 5283 667 5349; x_wconf 80' lang='lat' dir='ltr'>remansisse,</span> <span class='ocrx_word' id='word_1_731' title='bbox 685 5289 723 5352; x_wconf 89' lang='lat' dir='ltr'>et,</span> <span class='ocrx_word' id='word_1_732' title='bbox 739 5285 829 5341; x_wconf 90' lang='lat' dir='ltr'>anxia</span> <span class='ocrx_word' id='word_1_733' title='bbox 850 5300 887 5341; x_wconf 89' lang='lat' dir='ltr'>ne</span> <span class='ocrx_word' id='word_1_734' title='bbox 912 5289 994 5342; x_wconf 79' lang='lat' dir='ltr'>iterta</span> <span class='ocrx_word' id='word_1_735' title='bbox 1050 5289 1171 5342; x_wconf 84' lang='lat' dir='ltr'>Exstant</span> <span class='ocrx_word' id='word_1_736' title='bbox 1185 5283 1224 5341; x_wconf 88' lang='lat' dir='ltr'>ed</span> <span class='ocrx_word' id='word_1_737' title='bbox 1239 5284 1338 5357; x_wconf 90' lang='lat' dir='ltr'>ipsum</span> <span class='ocrx_word' id='word_1_738' title='bbox 1354 5282 1486 5356; x_wconf 81' lang='lat' dir='ltr'>epistolae</span> <span class='ocrx_word' id='word_1_739' title='bbox 1500 5281 1654 5339; x_wconf 84' lang='lat' dir='ltr'>nonnullae</span> <span class='ocrx_word' id='word_1_740' title='bbox 1669 5281 1800 5340; x_wconf 74' lang='lat' dir='ltr'>imberti</span> <span class='ocrx_word' id='word_1_741' title='bbox 1815 5287 1881 5340; x_wconf 80' lang='lat' dir='ltr'>Gar·</span> 
     </span>
     <span class='ocr_line' id='line_1_59' title="bbox 166 5351 1191 5427; baseline 0.002 -17"><span class='ocrx_word' id='word_1_742' title='bbox 166 5369 236 5411; x_wconf 90' lang='lat' dir='ltr'>eam</span> <span class='ocrx_word' id='word_1_743' title='bbox 258 5351 473 5427; x_wconf 89' lang='lat' dir='ltr'>supplantaret,</span> <span class='ocrx_word' id='word_1_744' title='bbox 490 5369 508 5408; x_wconf 94' lang='lat' dir='ltr'>a</span> <span class='ocrx_word' id='word_1_745' title='bbox 523 5353 550 5407; x_wconf 85' lang='lat' dir='ltr'>S.</span> <span class='ocrx_word' id='word_1_746' title='bbox 568 5353 728 5410; x_wconf 91' lang='lat' dir='ltr'>Saviniano</span> <span class='ocrx_word' id='word_1_747' title='bbox 743 5355 910 5412; x_wconf 81' lang='lat' dir='ltr'>confortata</span> <span class='ocrx_word' id='word_1_748' title='bbox 924 5357 994 5412; x_wconf 86' lang='lat' dir='ltr'>diei·</span> <span class='ocrx_word' id='word_1_749' title='bbox 1048 5356 1191 5414; x_wconf 89' lang='lat' dir='ltr'>notensis.</span> 
     </span>
    </p>
   </div>
   <div class='ocr_carea' id='block_1_10' title="bbox 168 5405 1879 5626">
    <p class='ocr_par' dir='ltr' id='par_1_11' title="bbox 168 5405 1879 5626">
     <span class='ocr_line' id='line_1_60' title="bbox 168 5405 1879 5499; baseline 0.001 -19"><span class='ocrx_word' id='word_1_750' title='bbox 168 5427 224 5481; x_wconf 92' lang='lat' dir='ltr'>tur.</span> <span class='ocrx_word' id='word_1_751' title='bbox 239 5425 314 5481; x_wconf 86' lang='lat' dir='ltr'>Cum</span> <span class='ocrx_word' id='word_1_752' title='bbox 328 5440 398 5481; x_wconf 92' lang='lat' dir='ltr'>vero</span> <span class='ocrx_word' id='word_1_753' title='bbox 412 5422 459 5481; x_wconf 90' lang='lat' dir='ltr'>ille</span> <span class='ocrx_word' id='word_1_754' title='bbox 474 5423 625 5493; x_wconf 84' lang='lat' dir='ltr'>ignoraret</span> <span class='ocrx_word' id='word_1_755' title='bbox 634 5425 701 5496; x_wconf 81' lang='lat' dir='ltr'>quis</span> <span class='ocrx_word' id='word_1_756' title='bbox 715 5430 792 5482; x_wconf 87' lang='lat' dir='ltr'>esset</span> <span class='ocrx_word' id='word_1_757' title='bbox 805 5426 992 5496; x_wconf 78' lang='lat' dir='ltr'>savinianus,</span> <span class='ocrx_word' id='word_1_758' title='bbox 1084 5428 1122 5499; x_wconf 86' lang='grc'>(3)</span> <span class='ocrx_word' id='word_1_759' title='bbox 1142 5425 1306 5483; x_wconf 86' lang='lat' dir='ltr'>Richardus</span> <span class='ocrx_word' id='word_1_760' title='bbox 1319 5425 1351 5491; x_wconf 89' lang='lat' dir='ltr'>il,</span> <span class='ocrx_word' id='word_1_761' title='bbox 1364 5405 1444 5481; x_wconf 85' lang='lat' dir='ltr'>¹illins</span> <span class='ocrx_word' id='word_1_762' title='bbox 1466 5423 1604 5484; x_wconf 81' lang='lat' dir='ltr'>Richardi</span> <span class='ocrx_word' id='word_1_763' title='bbox 1619 5427 1671 5484; x_wconf 85' lang='lat' dir='ltr'>let</span> <span class='ocrx_word' id='word_1_764' title='bbox 1685 5425 1879 5494; x_wconf 71' lang='lat' dir='ltr'>Gunnoridis</span> 
     </span>
     <span class='ocr_line' id='line_1_61' title="bbox 168 5495 1879 5626; baseline 0.002 -75"><span class='ocrx_word' id='word_1_765' title='bbox 168 5495 391 5567; x_wconf 76' lang='lat' dir='ltr'>aibeoderiao,</span> <span class='ocrx_word' id='word_1_766' title='bbox 405 5495 457 5569; x_wconf 90' lang='lat' dir='ltr'>qai</span> <span class='ocrx_word' id='word_1_767' title='bbox 478 5496 693 5626; x_wconf 50' lang='lat' dir='ltr'>posteagortus</span> <span class='ocrx_word' id='word_1_768' title='bbox 714 5503 758 5553; x_wconf 85' lang='lat' dir='ltr'>est</span> <span class='ocrx_word' id='word_1_769' title='bbox 769 5500 922 5568; x_wconf 79' lang='lat' dir='ltr'>episcopus</span> <span class='ocrx_word' id='word_1_770' title='bbox 934 5501 994 5554; x_wconf 72' lang='lat' dir='ltr'>Aa</span> <span class='ocrx_word' id='word_1_771' title='bbox 1048 5498 1168 5556; x_wconf 83' lang='lat' dir='ltr'>fratrem</span> <span class='ocrx_word' id='word_1_772' title='bbox 1184 5496 1289 5554; x_wconf 90' lang='lat' dir='ltr'>habuit</span> <span class='ocrx_word' id='word_1_773' title='bbox 1299 5495 1463 5554; x_wconf 76' lang='lat' dir='ltr'>liebertum</span> <span class='ocrx_word' id='word_1_774' title='bbox 1479 5495 1752 5566; x_wconf 79' lang='lat' dir='ltr'>aomomsgsnsem</span> <span class='ocrx_word' id='word_1_775' title='bbox 1768 5497 1879 5554; x_wconf 78' lang='lat' dir='ltr'>arcbie</span> 
     </span>
    </p>
   </div>
   <div class='ocr_carea' id='block_1_11' title="bbox 168 5566 1562 5713">
    <p class='ocr_par' dir='ltr' id='par_1_12' title="bbox 168 5566 1562 5713">
     <span class='ocr_line' id='line_1_62' title="bbox 168 5566 1562 5644; baseline 0.003 -24"><span class='ocrx_word' id='word_1_776' title='bbox 168 5566 356 5639; x_wconf 83' lang='lat' dir='ltr'>retiuneasts,</span> <span class='ocrx_word' id='word_1_777' title='bbox 370 5567 402 5623; x_wconf 93' lang='lat' dir='ltr'>id</span> <span class='ocrx_word' id='word_1_778' title='bbox 424 5566 586 5642; x_wconf 82' lang='lat' dir='ltr'>accepitti</span> <span class='ocrx_word' id='word_1_779' title='bbox 609 5567 642 5624; x_wconf 90' lang='lat' dir='ltr'>iit</span> <span class='ocrx_word' id='word_1_780' title='bbox 660 5572 761 5624; x_wconf 85' lang='lat' dir='ltr'>autam</span> <span class='ocrx_word' id='word_1_781' title='bbox 784 5568 992 5638; x_wconf 81' lang='lat' dir='ltr'>Theodericus,</span> <span class='ocrx_word' id='word_1_782' title='bbox 1049 5586 1185 5644; x_wconf 89' lang='lat' dir='ltr'>scopum,</span> <span class='ocrx_word' id='word_1_783' title='bbox 1201 5568 1238 5625; x_wconf 89' lang='lat' dir='ltr'>de</span> <span class='ocrx_word' id='word_1_784' title='bbox 1249 5583 1312 5642; x_wconf 90' lang='lat' dir='ltr'>quo</span> <span class='ocrx_word' id='word_1_785' title='bbox 1322 5567 1414 5643; x_wconf 91' lang='lat' dir='ltr'>paulo</span> <span class='ocrx_word' id='word_1_786' title='bbox 1428 5567 1562 5625; x_wconf 76' lang='lat' dir='ltr'>interius.</span> 
     </span>
     <span class='ocr_line' id='line_1_63' title="bbox 168 5636 995 5713; baseline 0.006 -21"><span class='ocrx_word' id='word_1_787' title='bbox 168 5639 203 5692; x_wconf 89' lang='lat' dir='ltr'>ut</span> <span class='ocrx_word' id='word_1_788' title='bbox 214 5636 256 5693; x_wconf 76' lang='lat' dir='ltr'>ad</span> <span class='ocrx_word' id='word_1_789' title='bbox 273 5637 338 5707; x_wconf 81' lang='lat' dir='ltr'>ojus</span> <span class='ocrx_word' id='word_1_790' title='bbox 351 5638 446 5698; x_wconf 82' lang='lat' dir='ltr'>Vitam</span> <span class='ocrx_word' id='word_1_791' title='bbox 465 5637 607 5713; x_wconf 68' lang='lat' dir='ltr'>animm,</span> <span class='ocrx_word' id='word_1_792' title='bbox 622 5653 703 5696; x_wconf 89' lang='lat' dir='ltr'>anno</span> <span class='ocrx_word' id='word_1_793' title='bbox 725 5643 924 5710; x_wconf 66' lang='lat' dir='ltr'>rosanensis</span> <span class='ocrx_word' id='word_1_794' title='bbox 949 5643 995 5697; x_wconf 86' lang='lat' dir='ltr'>ia·</span> 
     </span>
    </p>
   </div>
   <div class='ocr_carea' id='block_1_12' title="bbox 0 0 2004 6180">
    <p class='ocr_par' dir='ltr' id='par_1_13' title="bbox 0 0 2004 6180">
     <span class='ocr_line' id='line_1_64' title="bbox 0 0 2004 6180; baseline 0 0"><span class='ocrx_word' id='word_1_795' title='bbox 0 0 2004 6180; x_wconf 95' lang='lat' dir='ltr'> </span> 
     </span>
    </p>
   </div>
  </div>
 </body>
</html>
