3998 6182
211 213 266 272 „a
807 203 1321 270 eoeeeuaecrsvaauconuu.
1882 206 1924 264 aa

210 333 363 402 manibus,
377 331 430 406 qui
442 329 562 392 tenebat
577 330 753 393 charitatem
761 330 793 389 in
803 328 1038 396 moribusouod
1053 327 1200 395 aiterum
1214 333 1360 404 doctrina,
1375 347 1470 408 qnam
1479 329 1646 408 assumpsit
1657 345 1695 390 ex
1705 328 1799 389 dietis
1817 332 1924 386 saneto-

210 424 364 481 edmirens
378 423 406 475 et
427 421 522 478 Deum
546 419 738 492 hymnisonis
764 419 888 478 vocibus
915 418 1040 480 laudare
1093 431 1162 476 rum
1175 422 1306 483 Petrum.

210 511 345 588 cupiens,
360 507 544 566 omnimodis
558 509 642 568 illum
656 509 853 584 prohibeant
867 507 1039 580 ajectantia
1129 508 1199 574 tiaris
1212 515 1313 568 autem
1326 511 1353 568 ei
1368 525 1436 568 mos
1452 509 1540 568 inerit
1553 507 1663 566 dandae
1676 506 1891 577 eleemosyna
1902 520 1924 560 m

209 596 344 676 superbae
359 596 467 656 mentis
481 601 592 656 extoto
608 614 639 656 se
653 598 795 666 liberans,
825 597 875 654 bai
898 597 929 656 in
944 596 1040 654 omni·
1093 595 1139 652 sui
1150 598 1234 669 regni
1250 599 1373 656 sedibus
1384 614 1446 656 non
1460 596 1719 674 praetermittimus.
1747 599 1787 652 ln
1806 595 1926 650 Parisios

207 685 265 744 bus
280 683 455 746 colaudans
467 686 608 746 virtutem
622 687 733 746 diceret
757 704 827 748 cum
842 685 934 744 David
951 704 958 745 :
973 687 1038 758 qu
1092 684 1218 758 civitate,
1233 687 1417 757 Silvanectis,
1433 685 1610 754 Aurelianis,
1627 684 1762 752 Divione,
1790 683 1926 740 Antisara

207 791 275 836 rum,
288 776 395 834 vermis
410 781 437 833 et
452 792 512 834 uon
524 777 620 846 bomo,
642 779 818 852 opprobium
834 778 988 836 bominum
1011 782 1039 832 ct
1092 772 1176 845 dore,
1189 775 1330 849 avalone,
1346 775 1513 842 Melodun0,
1530 773 1670 848 Stampis,
1692 772 1724 830 in
1738 787 1924 846 unaquaque

208 865 333 938 abjectio
348 865 442 936 plebis
454 867 551 938 (Paul,
563 883 624 938 xxi,
640 872 678 934 7).
696 870 730 924 Et
743 867 849 930 iterum
867 884 874 922 :
890 868 1040 930 Humilia·
1091 862 1201 922 harum
1216 865 1297 933 sede,
1314 865 1461 935 trecentis,
1476 863 1535 932 vel,
1551 861 1634 938 quod
1649 865 1695 918 est
1708 862 1831 932 varius,
1858 861 1924 916 mila

208 961 255 1014 tus
270 971 335 1016 sum
348 971 565 1030 usquequaque,
580 958 726 1029 liceretne,¹
738 959 856 1028 vivifica
874 973 920 1016 me
934 973 1038 1015 secuu-
1092 954 1277 1027 pauperibus
1292 954 1423 1012 dabatur
1434 953 1522 1028 panis
1538 958 1567 1010 et
1587 951 1649 1010 vini
1675 950 1885 1016 abundantia,
1905 957 1926 1004 et

208 1044 280 1102 dum
295 1045 416 1103 uerbum
428 1052 512 1103 tuum
527 1047 621 1120 (Psal.
638 1062 735 1116 envas,
751 1047 822 1118 lbi).
1091 1042 1149 1100 hoe
1164 1043 1321 1117 specialius
1336 1044 1402 1118 ipso
1418 1059 1480 1116 quo
1504 1042 1543 1100 ad
1570 1042 1664 1098 Deum
1691 1039 1819 1099 transiit
1845 1055 1925 1108 anno,

244 1133 382 1204 Legimus
397 1134 429 1194 in
443 1134 552 1192 divinis
580 1135 787 1194 voluminibus
815 1135 899 1209 quod
927 1136 1039 1194 seruire
1092 1133 1145 1206 qui
1154 1138 1201 1190 est
1211 1133 1426 1190 incarnationis
1441 1132 1602 1190 bominicee
1615 1129 1818 1191 millessimus
1828 1129 1924 1185 tricesi-

208 1223 268 1281 liae
283 1238 411 1294 reparare
423 1230 476 1283 est.
492 1224 579 1291 Quod
591 1239 646 1300 pro
661 1229 739 1282 certo
763 1225 903 1296 cognovit
915 1223 968 1300 qui
986 1224 1039 1280 ad·
1092 1239 1161 1280 mue
1176 1223 1336 1286 secundus.
1350 1225 1458 1280 Praeter
1472 1224 1547 1292 haec,
1574 1237 1635 1295 quo
1659 1220 1722 1278 ibat
1749 1219 1924 1294 quotidinia

207 1313 334 1384 monent,
350 1313 452 1370 dicans
469 1332 477 1371 2
492 1315 607 1376 Seruite
618 1316 744 1372 Domino
758 1316 790 1371 in
814 1317 918 1372 timore
942 1315 1037 1386 (Paul.
1093 1317 1197 1370 sancta
1212 1311 1450 1384 Quadragesima
1461 1327 1476 1368 c
1489 1316 1541 1368 aut
1553 1327 1586 1366 cc
1598 1309 1725 1382 iubebat
1739 1309 1920 1382 pauperibus

207 1417 238 1470 n,
251 1401 305 1473 ll).
324 1403 410 1469 Quod
426 1403 528 1476 utique
542 1404 596 1461 iste
610 1408 722 1474 noster,
742 1403 779 1460 de
799 1420 860 1476 quo
875 1403 1037 1476 loquimur,
1092 1402 1157 1462 dari
1166 1419 1289 1476 penem,
1302 1403 1432 1479 piscium
1445 1406 1475 1460 et
1489 1401 1551 1457 vini
1568 1400 1690 1458 cibaria.
1716 1404 1751 1456 ln
1765 1399 1819 1457 die
1835 1404 1922 1455 autem

207 1489 374 1548 virbeatus
389 1492 564 1565 adimplevit
577 1509 633 1567 pro
656 1508 745 1567 posse
769 1497 797 1550 et
810 1492 894 1548 velle.
917 1495 949 1550 Et
964 1492 1039 1550 sieut
1093 1493 1188 1548 Coense
1204 1491 1332 1560 bomini,
1345 1507 1409 1550 non
1424 1489 1593 1548 videntibus
1616 1487 1811 1558 incredibile,
1833 1487 1920 1544 viden-

207 1581 321 1652 Moyses
336 1579 387 1640 Dei
402 1579 544 1652 famulus,
557 1581 697 1654 precibus
720 1581 916 1650 humillimus,
944 1581 1038 1642 mani-
1092 1580 1171 1638 tibus
1186 1597 1257 1637 vero
1273 1586 1301 1639 et
1314 1579 1511 1638 servientibus
1526 1578 1558 1636 in
1577 1577 1627 1636 tali
1642 1578 1767 1648 negotio
1784 1577 1858 1633 satis
1881 1575 1920 1630 al-

207 1667 266 1728 bus
276 1669 404 1730 extemis
419 1671 581 1744 prostravit
595 1670 755 1738 Amalech3
783 1669 825 1730 ita
848 1674 877 1726 et
888 1670 936 1730 hie
951 1685 1038 1726 verus
1055 1685 1075 1738 g
1093 1669 1239 1738 mirabile,
1257 1687 1327 1730 cum
1341 1685 1404 1726 non
1425 1669 1525 1726 minus
1540 1684 1633 1742 qnam
1653 1666 1781 1724 trecenti
1806 1666 1869 1740 ipsa
1881 1667 1915 1720 lie

208 1756 258 1814 Dei
273 1756 401 1828 amicus,
420 1758 481 1816 suis
495 1757 619 1816 devietis
647 1758 784 1818 hostibus
811 1758 918 1816 virtute
944 1758 1038 1815 saneti
1093 1775 1148 1818 sua
1161 1759 1350 1833 providentia
1372 1757 1557 1830 congregati,
1573 1756 1611 1814 de
1632 1757 1697 1828 ejus
1712 1759 1825 1816 sancta
1840 1769 1916 1810 manu

209 1845 343 1924 Spiritus,
359 1862 478 1924 semper
493 1849 587 1906 Deum
600 1847 707 1910 habuit
720 1845 899 1917 adjutorem,
929 1847 982 1926 qui
995 1852 1040 1904 est
1092 1847 1170 1904 flexo
1184 1848 1296 1923 poplite
1316 1849 1346 1904 in
1359 1853 1481 1916 terram,
1494 1845 1703 1920 unnsquisque
1715 1844 1873 1916 legumen,
1886 1845 1915 1916 pi

207 1935 288 1994 salus
300 1936 449 1996 ommam.
463 1937 682 2011 Resplendebat
696 1935 809 2016 quippe
833 1936 863 1994 in
889 1953 925 1994 eo
945 1937 1038 1994 animi
1092 1953 1183 2004 seem,
1199 1952 1321 2010 panem,
1336 1936 1496 1996 denarium
1511 1951 1608 1992 unum
1624 1933 1770 1992 sumebat
1785 1933 1816 1990 in
1835 1933 1915 1990 mani·

207 2025 346 2092 dulcedo,
362 2041 424 2100 qua
439 2041 562 2084 omnem
588 2026 644 2085 sibi
668 2025 848 2088 conciliabat
871 2027 1035 2088 bominem.
1092 2026 1158 2082 bus.
1187 2029 1221 2084 Et
1244 2027 1301 2084 hoe
1330 2026 1406 2086 hora
1424 2025 1484 2082 diei
1504 2024 1599 2082 tertia.
1621 2026 1699 2080 liora
1713 2022 1823 2084 itidem
1837 2025 1911 2078 serta.

208 2115 313 2174 Eratei
328 2114 476 2188 sapientia
490 2115 638 2185 salutaris,
653 2131 715 2190 qua
741 2115 946 2178 delectabatur
967 2132 1038 2172 cum
1092 2115 1197 2172 itidem
1225 2120 1347 2174 centum
1375 2115 1489 2173 clericis
1514 2113 1700 2191 pauperibus
1729 2111 1912 2188 prebentem

207 2203 281 2260 suis.
304 2204 434 2264 Docebat
459 2204 612 2278 quosdam
639 2204 670 2263 in
696 2203 884 2273 lectionibus,
912 2203 986 2262 alios
1006 2204 1038 2260 in
1091 2204 1190 2276 panis,
1206 2201 1809 2278 piscis,etviniconcedebat;duodecim
1824 2215 1910 2258 unum·

206 2292 328 2368 hymnis
343 2298 371 2350 et
385 2291 539 2365 laudibus,
552 2297 580 2352 et
594 2293 633 2349 ad
647 2293 717 2350 talia
732 2308 850 2365 semper
865 2293 1037 2364 exhortans,
1091 2309 1244 2368 quemque
1258 2294 1411 2358 honorans
1425 2291 1568 2360 denariis,
1583 2291 1672 2349 corde
1688 2295 1716 2348 et
1737 2307 1792 2348 ore
1817 2287 1910 2346 barili-

207 2396 299 2438 omne
324 2380 491 2441 secundum
513 2382 684 2460 apostolum
707 2381 849 2444 omnibns
874 2381 976 2453 tiebat,
1006 2386 1038 2438 ut
1091 2399 1143 2438 cos
1159 2399 1278 2457 semper
1291 2382 1457 2440 decantans
1470 2381 1616 2454 psalmos.
1627 2383 1696 2438 Post
1705 2397 1845 2438 mensam
1857 2393 1908 2434 veru·

207 2468 321 2530 cunctis
334 2468 520 2529 lucrifaceret
534 2472 562 2543 (Ι
570 2473 638 2530 Cor.
652 2471 692 2538 ix,
710 2471 765 2542 ti).
793 2473 939 2528 Caeterum
954 2471 1038 2544 quod
1091 2487 1266 2546 praeparans
1282 2487 1313 2528 se
1327 2471 1432 2530 adlici
1447 2471 1601 2528 servitium
1614 2485 1667 2526 rex
1685 2469 1812 2526 humilis
1833 2483 1907 2542 pone

207 2557 363 2634 pontifices
377 2557 435 2636 ipsi
449 2559 634 2636 abbatesque
645 2558 742 2618 tacere
760 2558 952 2634 pigritabant,
964 2576 1038 2634 quo
1090 2562 1144 2620 bat
1172 2561 1348 2620 vestimenta
1370 2576 1435 2632 sua,
1455 2559 1580 2621 indutus
1604 2559 1643 2616 ad
1675 2574 1802 2620 carnem
1821 2557 1905 2620 ciliio,

206 2665 275 2706 rum
300 2653 345 2708 cst
369 2654 500 2712 errantes
525 2649 673 2722 corrigere
700 2654 728 2706 et
764 2650 861 2710 bonos
900 2665 1038 2724 quosque
1092 2651 1295 2723 adjunctoque
1311 2650 1488 2707 clericorum
1499 2649 1624 2720 collegio
1637 2653 1762 2712 centum
1771 2647 1906 2718 sexaginta

206 2739 346 2814 exemplo
360 2756 415 2798 suo
430 2739 608 2798 admeliora
621 2754 795 2812 provocare,
811 2739 875 2813 ipse
888 2755 974 2798 verus
988 2739 1039 2799 bei
1092 2744 1122 2804 et
1148 2755 1184 2796 eo
1212 2739 1343 2812 amplius
1370 2754 1508 2808 numero,
1538 2738 1576 2820 ad
1603 2737 1779 2812 exemplum
1810 2733 1905 2794 bomini

207 2829 323 2888 amicus
337 2828 487 2896 audebat;
514 2827 551 2884 de
568 2830 654 2899 cujus
669 2827 766 2884 cordis
781 2828 921 2888 thesauro
936 2842 1039 2904 proce·
1091 2845 1197 2888 eorum
1212 2829 1305 2906 pedes
1320 2828 1425 2892 lavans
1441 2827 1557 2902 capillis
1577 2827 1683 2904 capitis
1708 2828 1755 2884 sui
1778 2824 1903 2896 tergebat,

207 2915 301 2974 debat
320 2931 380 2974 vox
403 2914 607 2974 exsultationis
633 2920 662 2972 et
678 2914 793 2984 salutis,
814 2931 875 2990 qua
898 2915 1039 2980 delectari
1091 2919 1169 2984 etad
1183 2918 1364 2984 mandatum
1378 2918 1496 2979 bomini
1511 2917 1646 2990 singulos
1675 2933 1781 2974 eorum
1803 2913 1904 2972 duobus

207 3002 360 3074 gaudebat
373 3019 443 3062 cum
457 3003 600 3076 omnibus
625 3003 747 3072 sanctis,
770 3004 937 3062 secundum
959 3007 1073 3095 Apo-G
1091 3007 1196 3064 solidis
1231 3023 1442 3077 remunerans,
1471 3005 1549 3065 clero
1576 3010 1725 3079 praesente
1750 3009 1777 3064 et
1794 3004 1901 3060 diacono

208 3091 319 3152 stolum
331 3107 453 3152 carnem
479 3109 567 3152 suam
594 3093 798 3168 crucifigendo
827 3111 896 3152 cum
919 3095 1039 3158 uitiiset
1092 3101 1218 3167 astante,
1231 3097 1284 3172 qui
1296 3095 1454 3156 lectionem
1469 3095 1757 3166 legeretsecundam
1774 3097 1900 3152 ioannem

207 3182 455 3258 cuncupiscentiis
467 3184 574 3246 muudi
585 3185 676 3258 hujus
690 3185 771 3257 (Gal.
786 3202 815 3255 v,
831 3186 888 3257 tt),
910 3185 1037 3247 delecta·
1089 3187 1121 3242 in
1135 3190 1226 3244 Coene
1238 3185 1357 3243 bomini
1368 3185 1481 3245 dictam
1502 3190 1531 3242 et
1545 3185 1667 3250 iactam.
1692 3184 1803 3242 Talibus
1826 3181 1896 3236 facus

205 3271 266 3330 bile
291 3288 411 3347 semper
436 3273 582 3336 divinitati
607 3274 741 3348 seipsum
764 3291 941 3353 preparans
966 3280 1037 3337 tem·
1090 3275 1260 3351 occupahat
1274 3291 1304 3330 se
1320 3291 1372 3335 res
1385 3275 1498 3333 meritis
1521 3274 1681 3348 gloriosus,
1711 3274 1773 3330 loca
1798 3273 1897 3326 sancto

205 3361 300 3435 plum.
315 3362 362 3424 Ad
374 3362 511 3424 deinum
538 3363 671 3425 officium
696 3364 825 3442 primus,
852 3365 892 3421 ed
911 3362 1035 3423 landan-
1087 3381 1156 3422 rum
1169 3365 1380 3439 perlustrando
1396 3368 1457 3422 toto
1469 3364 1516 3428 die
1533 3367 1637 3423 sancto
1652 3365 1801 3420 Parasceve
1808 3363 1833 3414 et
1840 3373 1894 3412 cru·

205 3449 279 3508 dum
295 3453 389 3510 ileum
402 3451 533 3508 sedulus.
561 3454 746 3526 Quocunque
767 3452 808 3512 illi
823 3455 886 3514 erat
900 3451 1035 3514 eundum
1088 3469 1155 3510 cem
1167 3453 1284 3516 bomini
1296 3453 1453 3515 adorando
1469 3453 1611 3526 usquein
1626 3451 1720 3523 vigilia
1738 3453 1836 3504 sanctae
1848 3447 1894 3500 fle

205 3539 432 3613 praeparabatur
446 3539 627 3607 vehiculum,
653 3539 737 3614 quod
751 3540 921 3612 deportaret
943 3538 1035 3599 divini
1089 3540 1291 3611 surrectionis
1307 3541 1337 3596 in
1353 3557 1414 3623 qua
1427 3539 1604 3600 asseunebat
1626 3540 1714 3596 stetim
1728 3532 1885 3592 sacrificium

205 3627 360 3686 ministerii
373 3627 543 3686 tentorium.
560 3629 625 3696 Quo
640 3628 671 3684 in
686 3632 795 3690 terram
809 3627 880 3694 fixo,
904 3627 1036 3700 depone-
1087 3629 1196 3696 laudis,
1212 3646 1280 3703 quae
1294 3647 1357 3687 non
1372 3629 1465 3687 deluit
1480 3629 1518 3686 ab
1529 3631 1596 3702 ejus
1607 3644 1652 3686 ore
1664 3629 1694 3686 in
1705 3623 1828 3683 omnibns
1838 3635 1883 3673 sa—

203 3714 367 3774 banturibi
382 3719 496 3787 sancta,
513 3715 630 3789 utquia
645 3713 1033 3782 secundumPsalnristanr:
1088 3717 1172 3776 culis.
1190 3718 1238 3776 llis
1250 3724 1278 3775 et
1291 3718 1501 3792 hujuscemodi
1520 3719 1663 3776 virtutum
1686 3714 1785 3773 meritis
1804 3710 1886 3766 bono-

204 3806 325 3864 Deme'ui
337 3811 381 3866 est
393 3810 477 3863 terra
492 3809 519 3864 et
533 3803 690 3875 plenitudo
705 3806 780 3875 ejus,
791 3804 871 3860 orbis
883 3809 1034 3862 terrarum
1087 3823 1217 3879 rumque
1240 3823 1367 3884 operum
1392 3807 1629 3866 exhibitionibus
1655 3807 1790 3878 gloriosus
1803 3803 1828 3856 et
1838 3801 1890 3854 toto

204 3900 232 3952 et
245 3896 378 3952 uniuersi
390 3895 441 3966 qui
455 3894 594 3952 babitaret
603 3895 636 3950 iu
651 3908 683 3950 eo
698 3893 790 3966 (Paul.
807 3909 889 3964 xxrrr,
908 3893 944 3966 t),
963 3911 1033 3967 pro·
1086 3897 1160 3954 orbe
1168 3896 1379 3969 praedicandus
1389 3897 1547 3954 Rotbertus
1555 3912 1607 3954 rex
1616 3913 1647 3953 se
1656 3892 1891 3954 mirabilemmun·

204 3982 288 4044 deret
302 3999 334 4040 se
348 3984 494 4042 devotum
506 3982 667 4052 famulum,
689 3981 797 4057 quovis
825 3981 856 4038 in
880 3982 948 4041 loco
974 3987 1034 4040 beo
1087 3986 1126 4044 do
1142 3984 1280 4058 prebuit,
1294 3985 1409 4042 eunetis
1424 3985 1551 4063 posteris
1565 3985 1739 4044 imitabilem
1751 3975 1892 4052 derequt.

203 4070 328 4130 devotae
342 4071 510 4148 persolvere
524 4071 741 4130 laudes.Erant
754 4070 905 4128 enimbna
919 4071 1034 4129 etbene
1124 4077 1173 4132 llic
1197 4079 1298 4131 autem
1324 4078 1393 4147 post
1418 4075 1513 4130 Deum
1537 4074 1675 4148 specialis
1695 4073 1786 4146 glorie
1798 4080 1892 4138 regum·

202 4155 337 4228 plantata
362 4158 393 4216 in
419 4161 508 4217 corde
530 4161 764 4221 mansuetissimi
788 4165 817 4216 et
840 4162 935 4218 Deum
956 4158 1033 4216 bene
1086 4169 1142 4238 pro
1153 4168 1271 4225 sacrato
1286 4169 1458 4230 sanctorum
1473 4164 1683 4242 apostolorum
1692 4176 1823 4228 numero,
1833 4169 1893 4230 quos

204 4243 333 4304 amenas
344 4245 423 4314 regis
437 4246 601 4306 beatissimi
620 4249 738 4306 Antonii
762 4248 879 4306 verba:
901 4270 915 4299 a
931 4249 1033 4306 lesum
1087 4268 1208 4325 semper
1222 4253 1346 4315 amabat
1367 4253 1457 4310 corde
1470 4253 1644 4324 benignoet
1658 4268 1788 4328 quorum
1811 4245 1895 4303 solem·

204 4328 353 4394 Christum
367 4347 486 4406 semper
498 4334 674 4402 desiderate,
702 4337 775 4410 quia
799 4336 830 4394 in
856 4335 939 4394 omni
963 4335 1033 4393 sede
1051 4388 1071 4442 D
1086 4358 1139 4398 nes
1155 4341 1324 4399 testivitates
1338 4342 1440 4400 votivo
1455 4341 1657 4416 praeveniebat
1664 4341 1791 4414 jejunio,
1810 4335 1844 4394 ed
1855 4335 1894 4388 ht>

203 4423 350 4484 uriarum
365 4419 524 4482 constituta
539 4428 610 4480 sunt
631 4439 724 4494 regna
749 4424 905 4482 coelorum.
922 4447 936 4474 »
962 4426 1033 4481 San·
1086 4447 1154 4488 rum
1169 4430 1342 4504 exemplum
1358 4430 1519 4489 duodecim
1533 4447 1682 4507 pauperes
1705 4447 1807 4488 seeum
1827 4425 1896 4481 due

202 4515 265 4578 ctas
277 4514 381 4576 noctes
393 4509 452 4576 buc
467 4517 512 4573 est
525 4511 687 4572 nativitatis
707 4514 835 4583 Domini,
861 4515 957 4572 sancti
978 4517 1032 4571 Pa·
1085 4519 1147 4588 bat,
1161 4536 1239 4593 quos
1254 4520 1413 4594 specialius
1440 4521 1593 4593 diligebat.
1621 4521 1738 4589 ombus
1768 4521 1826 4594 ipse
1848 4515 1895 4570 eret

202 4601 281 4664 schoe
296 4605 325 4664 et
336 4603 532 4668 Pentecosten
553 4601 595 4661 sic
619 4605 696 4660 totas
723 4601 853 4660 ducebat
876 4603 1031 4660 insomnes
1085 4624 1154 4666 vera
1168 4609 1286 4682 requies
1299 4614 1368 4684 post
1381 4609 1512 4667 labores.
1527 4615 1601 4668 Nam
1620 4611 1667 4666 bis
1682 4609 1796 4668 sanctis
1806 4617 1896 4682 paupt

202 4707 299 4765 usque
314 4691 355 4752 ad
368 4706 523 4756 summum
539 4706 628 4755 mane
643 4695 677 4748 ut
689 4705 745 4751 nec
757 4691 866 4748 sedens
882 4690 930 4747 vel
949 4694 1032 4748 stans
1084 4696 1168 4754 ribus
1184 4713 1365 4771 comparans
1376 4696 1554 4756 fortissimos
1566 4699 1722 4756 asinorum
1733 4693 1893 4774 pulicaante

202 4780 601 4856 sumnumcaperet,d0nec
616 4796 711 4860 quam
726 4779 921 4854 exspectabat
940 4781 1031 4838 etde·
1084 4803 1125 4858 se,
1139 4785 1311 4862 ubicunque
1324 4789 1479 4861 pergebat,
1493 4789 1639 4858 laetantes,
1670 4793 1767 4846 bearn
1795 4783 1896 4844 uedu-

201 4869 353 4932 siderabat
367 4869 553 4938 salutiferam
568 4869 702 4946 corporis
717 4875 746 4927 et
760 4869 915 4941 sanguinis
932 4871 1030 4930 bomi-
1085 4880 1127 4932 tes
1140 4879 1169 4934 et
1181 4875 1316 4934 animam
1341 4892 1429 4934 suam
1455 4878 1667 4935 benedicentes
1696 4876 1848 4950 dirigebat.
1871 4873 1893 4922 tr

200 4959 232 5018 ni
258 4960 352 5020 ausui
378 4963 447 5018 lesu
471 4959 577 5021 Christi
597 4960 822 5036 perceptionem
855 4959 1028 5034 perciperet.
1082 4965 1269 5038 hisnemque
1289 4970 1317 5022 et
1343 4965 1408 5024 aliis
1431 4966 1704 5034 innumerabilibus
1734 4959 1894 5043 pauperibus

200 5047 328 5110 Probata
341 5049 379 5107 de
392 5065 429 5132 ec
443 5065 491 5107 res
505 5049 562 5111 ieta
585 5053 615 5106 et
634 5049 665 5106 in
692 5050 775 5106 omni
802 5049 910 5106 saeculo
936 5050 1030 5106 mani-
1082 5053 1254 5112 recreandis
1284 5070 1443 5130 nunquam
1465 5056 1571 5114 habuit
1594 5055 1684 5131 nolle,
1712 5055 1768 5114 sed
1799 5061 1893 5122 sempe

199 5135 314 5198 testata.
331 5137 521 5203 solemnitate
534 5155 606 5198 vero
622 5138 783 5200 nebulatis
799 5138 893 5196 saneti
906 5139 1029 5196 loannis
1083 5143 1166 5199 rebe.
1193 5142 1337 5200 Morituris
1364 5143 1410 5200 bis
1433 5143 1515 5205 tortis
1544 5149 1607 5203 erat
1630 5133 1893 5218 provisioneque

202 5226 348 5296 Baptista,
363 5227 441 5284 hanc
456 5245 551 5306 quam
564 5230 596 5286 in
610 5228 763 5290 nativitate
780 5228 897 5286 bomini
910 5229 1032 5288 tenebat
1083 5231 1266 5290 minneretur
1276 5232 1313 5288 de
1326 5248 1463 5310 numero,
1479 5237 1602 5308 eratque
1617 5234 1660 5301 eis
1684 5235 1822 5293 vivorum
1842 5240 1892 5282 sue·

200 5313 447 5374 consuetudinem
462 5321 495 5378 ut
508 5323 576 5390 post
589 5317 796 5382 laudationem
812 5317 938 5386 bomini,
960 5335 1029 5392 quae
1083 5320 1177 5382 cessio
1192 5324 1220 5377 et
1235 5321 1318 5395 apud
1334 5325 1427 5394 ileum
1440 5322 1513 5380 tenti
1528 5339 1607 5396 regis
1627 5323 1751 5380 oblatio.
1777 5321 1833 5376 Hoc
1846 5319 1890 5370 stu·

200 5400 416 5475 estinhymuo
431 5405 468 5462 Te
482 5408 575 5464 Deum
591 5408 762 5475 laudamus,
784 5406 878 5463 missa
899 5407 1029 5464 celebra·
1082 5409 1178 5478 dium,
1203 5411 1266 5468 haee
1290 5411 1355 5482 ejus
1384 5429 1503 5486 semper
1529 5412 1583 5470 luit
1606 5413 1688 5470 bona
1702 5412 1842 5474 voluntas,
1856 5399 1891 5456 eui

200 5490 492 5564 returdcvotaquae
508 5495 617 5550 sanetis
631 5499 678 5552 est
696 5492 779 5550 libris
794 5498 969 5571 praenotata,
998 5495 1029 5550 in
1083 5515 1201 5573 semper
1224 5500 1401 5570 adheserat,
1431 5501 1658 5577 participatione
1686 5501 1796 5558 summi
1817 5491 1891 5552 beri:

198 5579 298 5654 primo
311 5596 412 5642 mana.
427 5582 488 5640 lloc
502 5587 605 5640 sancta
618 5584 770 5644 constituit
781 5583 942 5646 auctoritas
964 5585 1030 5639 Gre-
1081 5602 1154 5645 vera
1168 5587 1296 5658 bonitas,
1313 5588 1341 5646 in
1355 5605 1417 5664 qua
1445 5588 1629 5646 clarissimus
1655 5589 1833 5647 versificator
1855 5577 1890 5634 ¹11⁵

200 5667 387 5744 portuensi
400 5675 430 5739 et
446 5669 576 5738 aliorum
600 5672 631 5732 in
658 5674 770 5751 miasa;
796 5673 937 5736 melarii
958 5689 1027 5740 vero
1082 5677 1220 5734 versibus
1234 5681 1279 5734 est
1290 5677 1477 5738 delectatus:
