3996 6186
183 163 236 217 ’159
769 141 1131 206 damnatissimam.
1148 139 1308 200 ancillae.

884 417 958 461 anno
971 403 1066 458 borrun
1080 414 1190 456 uum.

776 600 1309 755 GAUSLINUS

651 920 889 980 BlTUlllCENSlS
920 913 1096 974 aectasba
1127 914 1433 972 aacararlscorus.

765 1243 985 1334 NOTITIA
1015 1238 1327 1328 HISTORICA.

651 1480 766 1551 (Gallia
787 1477 973 1544 Christiana,
988 1488 1060 1531 nov.
1075 1472 1146 1531 edit.
1161 1476 1234 1528 tom.
1252 1475 1285 1542 ll,
1300 1487 1370 1546 pag.
1386 1471 1442 1545 39.)

227 1695 395 1765 Gauslinus,
429 1693 565 1765 lingonis
593 1692 705 1767 capeti,
743 1690 901 1748 Galbanum
931 1687 1021 1758 rogis,
1036 1689 1061 1743 a
1075 1701 1154 1760 pago
1177 1686 1332 1744 venetensi
1354 1687 1493 1744 coenobia
1517 1687 1805 1746 San-Gildasianum
1821 1691 1898 1759 atquc

190 1787 312 1850 nothus,
327 1783 384 1840 sub
407 1783 533 1840 abbone
551 1780 743 1838 maristroin
756 1777 938 1836 monasterio
961 1777 1023 1834 Flo·
1076 1775 1253 1832 floriacense
1272 1781 1396 1848 regeret,
1410 1776 1480 1834 illuc
1504 1793 1681 1848 regressus:
1698 1777 1743 1833 uti
1758 1775 1897 1847 legiturin

190 1874 318 1933 tianensi
339 1873 468 1930 multum
482 1873 607 1947 prefecit
625 1873 655 1927 in
670 1870 782 1938 litteris,
796 1870 928 1925 maxime
951 1882 1022 1925 vero
1077 1864 1285 1922 vinserna
1301 1866 1430 1922 secutor
1446 1867 1644 1924 benedictino.

191 1966 223 2022 in
237 1965 381 2021 virtutum
403 1961 540 2018 omnium
556 1960 672 2017 studiis.
690 1961 876 2033 Quapropter
891 1957 1022 2032 primurn
1113 1954 1287 2008 narrantem
1307 1953 1406 2024 gravis
1421 1957 1620 2011 controversia
1634 1954 1711 2012 inter
1734 1955 1897 2012 Gauslinurn

191 2053 316 2128 quidem
341 2050 437 2108 abbas
461 2049 583 2107 Floriaci
610 2049 766 2106 ordinatus
787 2051 840 2119 est,
869 2061 939 2116 rege
966 2048 1024 2101 Ro·
1078 2045 1106 2096 et
1116 2039 1279 2098 Jordanem
1302 2041 1479 2115 episcopum
1502 2042 1759 2100 lemovicensem.
1776 2047 1804 2100 ls
1823 2058 1897 2100 cons·

190 2141 276 2198 berto
298 2139 388 2196 fratre
413 2139 549 2213 cupiente
573 2157 580 2208 ;
609 2153 703 2212 quam
726 2141 829 2193 tamen
848 2135 1024 2207 dignitatem
1077 2133 1194 2184 ceratus
1206 2127 1475 2202 luerataseguino
1488 2127 1729 2202 burdegalensis,
1748 2129 1896 2204 archiepis

191 2230 275 2288 baud
288 2227 374 2286 facile
393 2231 572 2285 consecutus
586 2232 639 2297 est,
662 2226 746 2301 quod
766 2241 829 2282 non
844 2229 921 2282 esset
934 2223 1026 2296 legit·
1078 2233 1166 2291 oopo,
1181 2221 1214 2273 ut
1225 2218 1290 2290 jam
1307 2235 1343 2276 ex
1367 2220 1519 2277 Ademaro
1541 2220 1710 2278 cabanensi
1732 2221 1896 2286 retrdimus3

191 2333 243 2374 mo
257 2316 397 2388 conjugio
418 2321 519 2374 natus.
534 2319 639 2374 Postea
653 2315 777 2389 quando
792 2315 833 2372 ad
851 2315 1025 2372 cathedram
1078 2306 1131 2380 qui
1145 2310 1246 2364 lamen
1265 2312 1382 2380 postea,
1398 2313 1562 2367 retractans
1589 2327 1657 2384 <1¹1ae
1677 2310 1766 2384 prius
1786 2309 1896 2378 ducat
1957 2309 1958 2324 ³

192 2405 405 2462 Bituricensem
427 2405 483 2462 fuit
505 2409 673 2480 provectus,
705 2405 856 2476 graviores
883 2420 920 2460 ea
940 2419 1025 2461 occa·
1079 2399 1201 2453 testatur
1220 2413 1289 2454 eum
1306 2403 1513 2457 consecratum
1528 2399 1621 2456 fuisse
1636 2400 1676 2457 ab
1692 2401 1792 2458 islone
1808 2403 1897 2458 Sento

194 2493 277 2551 sione
291 2498 392 2549 motus
404 2494 460 2550 orti
475 2497 554 2552 sunt.
571 2493 745 2552 audiendus
758 2509 794 2552 aa
806 2494 845 2550 de
860 2510 892 2552 re
906 2509 1025 2552 coaevus
1079 2486 1164 2542 nensi
1178 2486 1330 2560 episeopo,
1345 2489 1518 2559 coadjutore
1531 2489 1751 2563 archiepiscopi
1764 2489 1897 2558 ruraega·

191 2581 319 2656 scriptor
331 2581 498 2638 ademarus
520 2582 704 2640 cabanensis
718 2582 749 2639 in
761 2582 907 2641 Chronico
920 2599 927 2639 :
941 2586 1026 2640 «Rex
1078 2575 1179 2631 lensis.
1196 2579 1254 2634 Cur
1267 2574 1307 2633 ab
1321 2573 1380 2633 alio
1393 2593 1485 2650 quam
1509 2573 1548 2634 ab
1563 2575 1792 2653 archiepiscopo
1806 2591 1896 2636 conse·

192 2671 339 2728 aubertus
353 2685 408 2743 pro
423 2668 565 2727 defuncto
581 2671 720 2744 (abbone
740 2671 917 2728 floriacensi
930 2672 1025 2729 abba·
1080 2669 1179 2723 oratus
1193 2665 1281 2722 fuerit
1292 2667 1450 2736 Jordanus,
1459 2683 1583 2724 causam
1596 2667 1692 2725 attulit
1707 2680 1897 2743 supra,supra

191 2763 253 2817 tea
273 2758 461 2816 vasconibus
482 2759 591 2830 occiso)
614 2758 764 2816 ordinavit
786 2758 928 2816 abbatem
948 2763 1025 2818 Gau·
1079 2753 1161 2826 quod
1179 2754 1314 2811 nondum
1335 2753 1493 2812 Gauslinus
1506 2759 1583 2812 esset
1595 2754 1624 2811 in
1641 2755 1714 2812 sede
1729 2756 1897 2812 Bituricam

163 2844 332 2918 'zelinurn,
359 2845 428 2902 licet
462 2849 665 2919 repugnarent
702 2847 854 2915 monachi,
891 2848 1026 2908 nolentes
1081 2847 1239 2917 captusne
1250 2843 1341 2917 paulo
1355 2849 1427 2919 post
1438 2845 1528 2903 aliam
1543 2845 1655 2918 profert
1668 2861 1810 2903 causam:
1825 2843 1894 2918 quia,

192 2933 249 2989 sibi
262 2947 391 3006 proeesse
406 2931 503 2988 filium
525 2933 624 2988 scorti.
642 2935 711 2990 Erat
724 2933 805 2990 enim
819 2935 884 3008 ipse
906 2936 1027 2994 nobilis·
1081 2930 1187 3005 inquit,
1203 2933 1361 3006 pecuniam
1375 2933 1546 3007 requirebat
1559 2949 1614 3008 pro
1637 2933 1827 3008 impositione
1841 2947 1895 2987 ma·

194 3018 262 3076 simi
290 3022 473 3076 Francorum
493 3021 638 3094 principis
651 3022 795 3094 (lingonis
815 3025 928 3097 Capeti)
945 3025 988 3082 tili
1001 3044 1026 3083 rs
1040 3033 1063 3088 B
1082 3032 1188 3087 nuum,
1204 3024 1392 3095 (101118111Ρ1113
1415 3025 1468 3078 esl-
1483 3025 1569 3079 Nolui
1583 3039 1653 3079 veto
1679 3019 1814 3080 labbeus
1827 3035 1842 3078 1
1855 3035 1895 3074 10·

193 3123 360 3178 mauzaca
384 3123 479 3182 puero
504 3109 534 3166 in
558 3109 742 3169 monasterio
767 3112 795 3170 S.
812 3113 960 3172 Benedicti
975 3133 1029 3174 nu·
1081 3105 1198 3163 1110111111
1221 3108 1345 3166 1111111110
1368 3114 1397 3166 el
1421 3109 1642 3168 01811110111111
1665 3109 1780 3182 10111811
1801 3109 1890 3166 1111551

191 3182 288 3269 tutus,
313 3212 405 3270 quem
421 3197 511 3256 etiam
530 3214 585 3255 rex
606 3200 841 3276 suprascriptus
864 3203 1027 3278 archiepis·
1082 3196 1174 3254 verba
1186 3197 1259 3261 hae,
1276 3198 1330 3256 sed
1343 3197 1493 3256 sufficiens
1515 3215 1607 3256 causa
1620 3199 1736 3256 dissidii
1748 3199 1807 3266 11111,
1819 3193 1889 3270 quod

198 3300 310 3360 copum
334 3286 570 3344 asturicensibus
588 3287 785 3363 {scirposteg
801 3291 941 3350 defuncto
956 3296 1028 3364 [rag.
1082 3284 1145 3340 sine
1158 3286 1331 3344 auctoritate
1345 3287 1392 3343 sui
1411 3287 1632 3360 metropolitani
1647 3283 1891 3346 consecratusfue

194 3374 280 3432 berto
308 3375 545 3450 archiepiscopo.
578 3378 633 3434 Sel
661 3383 690 3434 et
715 3379 772 3452 ipsi
808 3381 1027 3456 (Biterreenaes)
1081 3379 1126 3432 rat
1148 3375 1297 3434 Jordanus
1313 3378 1434 3451 ;itaque
1447 3378 1525 3434 facta
1539 3379 1658 3451 synodo
1683 3379 1712 3435 in
1726 3376 1837 3434 Francia
1850 3389 1892 3430 oc-

194 3462 405 3535 quinquennio
430 3463 607 3521 seditionem
628 3469 751 3536 agentes
774 3466 936 3525 noluerunt
958 3485 1028 3527 eum
1081 3481 1147 3520 ram
1179 3481 1248 3535 rege
1283 3461 1436 3538 ilotberto,
1465 3466 1516 3526 ubi
1547 3473 1662 3540 septem
1694 3459 1887 3538 achiepiscopi

195 3548 274 3603 intra
293 3547 401 3604 urbem
423 3549 566 3622 recipere,
583 3549 752 3609 clamantes
765 3569 826 3610 una
851 3571 935 3612 voce.
959 3557 1028 3615 Non
1082 3553 1252 3624 adfuerunt,
1267 3555 1315 3612 die
1331 3559 1526 3628 pentocostes,
1542 3573 1611 3614 curn
1624 3557 1807 3626 suffraganeis
1818 3550 1887 3624 epis·

196 3631 279 3687 decet
293 3631 446 3688 dominari
455 3621 597 3690 Ecclesia
610 3637 708 3702 ,alium
720 3637 820 3694 scorti.
833 3640 1028 3699 Postmodum
1082 3642 1176 3715 copis,
1191 3646 1288 3699 totum
1305 3645 1528 3702 lemovicinum
1553 3643 1817 3703 excommunicarit
1826 3655 1893 3716 pra·

196 3721 349 3790 sequestre
373 3718 498 3777 Odilone
524 3721 636 3780 abbate
658 3723 738 3793 regis
752 3725 892 3783 noluntas
915 3744 1029 3802 preera-
1083 3735 1126 3788 ter
1148 3731 1249 3789 locum
1262 3734 1289 3790 S.
1313 3734 1450 3792 Martialis
1454 3777 1559 3794 .....
1575 3735 1736 3809 ipsumque
1759 3729 1894 3807 prohibuit

195 3805 259 3875 luit,
276 3809 305 3864 el
316 3806 367 3864 liei
379 3813 455 3865 nutu
467 3809 499 3866 in
515 3809 617 3867 sedenr
635 3818 795 3888 susceptus
811 3819 866 3872 est,
881 3839 895 3866 n
1083 3820 1122 3877 ab
1149 3819 1247 3878 officio
1261 3838 1316 3879 suo
1328 3823 1501 3898 episcopali.
1518 3828 1645 3896 Purgare
1667 3840 1698 3880 se
1714 3827 1824 3898 poterat
1842 3819 1896 3875 lor·

232 3895 312 3956 inira
325 3897 452 3972 loquens
466 3898 546 3958 idem
562 3901 690 3977 scriptor
711 3915 749 3960 oc
765 3904 954 3963 ordinatione
975 3909 1028 3965 Ge·
1082 3909 1181 3968 danus
1208 3927 1311 3968 coram
1336 3927 1427 3986 papa,
1455 3919 1487 3970 ut
1514 3914 1653 3971 observat
1675 3913 1848 3978 Ademarns,
1871 3910 1897 3963 at

196 3984 326 4087 raldiin
349 3986 420 4044 sede
444 3989 658 4059 lemovicensi,
681 4007 774 4065 quem
798 3993 870 4051 dicit
886 3994 917 4051 iu
933 3997 1029 4068 gradu
1082 3999 1189 4058 maluit
1211 4001 1279 4075 paci
1306 4001 1460 4058 consulere
1486 4006 1514 4058 et
1542 4002 1716 4059 humilitatis
1742 3997 1897 4074 exemplum

201 4075 368 4176 pontificali
391 4075 482 4134 fuisse
504 4077 677 4137 ordinatum
692 4098 710 4139 a
735 4083 864 4155 seguino
879 4087 1029 4144 monacho
1082 4089 1227 4164 prebere.
1240 4093 1316 4148 Nam
1328 4091 1512 4148 satisfaciens
1524 4091 1614 4148 nudis
1624 4091 1754 4165 pedibus
1769 4106 1834 4148 cum
1843 4101 1899 4143 eeu·

199 4162 428 4236 ³r⁰h¹01>1=00r0
442 4165 666 4240 Burdegalensi,
692 4171 812 4229 subdit:
827 4195 841 4223 ι(
860 4177 924 4231 Non
948 4191 1029 4233 emm
1082 4185 1147 4237 tum
1162 4181 1246 4238 cleris
1261 4184 1290 4237 et
1302 4180 1469 4248 monachis,
1486 4181 1627 4240 omnibus
1654 4180 1787 4238 similiter
1806 4173 1898 4234 discal-

199 4248 305 4306 adesse
319 4251 415 4350 potuit
429 4254 595 4313 Gauslenus
619 4259 807 4318 Bituricensis
830 4264 1029 4339 archiepisco·
1083 4271 1173 4327 ceatis
1187 4271 1325 4344 pedibus,
1342 4270 1499 4327 Bituricam
1514 4270 1617 4327 sedem
1630 4270 1721 4338 adiit;
1736 4270 1788 4327 nbi
1800 4267 1900 4324 mehle-

198 4351 268 4410 pus,
283 4353 355 4439 qma
369 4339 483 4398 nedum
496 4350 634 4418 receptus
647 4354 709 4407 erat
721 4349 753 4406 in
768 4351 837 4409 sede
859 4352 995 4412 biturica.
1013 4379 1027 4406 »
1045 4384 1066 4442 c
1083 4360 1224 4433 piscopus
1247 4376 1316 4416 cum
1339 4358 1417 4416 clero
1433 4357 1474 4416 eis
1498 4359 1644 4433 processit
1668 4359 1798 4426 obviam,
1813 4361 1839 4413 et
1852 4355 1900 4409 ho

198 4428 265 4484 lam
286 4442 390 4528 instra
411 4428 486 4488 urbe
505 4431 659 4490 admissus
681 4439 870 4498 confirmavit
892 4444 1028 4501 chartam
1082 4449 1205 4506 noriffrc
1220 4464 1272 4505 eos
1288 4449 1452 4519 deducens,
1465 4449 1549 4522 quod
1562 4449 1709 4519 ligaverat
1723 4447 1855 4506 absolsit.

199 4514 383 4574 fundationis
405 4519 543 4578 Ecclesia
567 4522 594 4579 S.
611 4527 802 4598 austregesili
826 4531 1029 4590 Graciacensis
1118 4536 1291 4608 tietgaudus
1319 4536 1513 4594 floriacensis
1538 4537 1707 4594 monachus
1732 4538 1764 4593 in
1787 4536 1903 4608 epitome

198 4604 499 4708 hoc·ann·o.·adfuit
521 4610 698 4670 (lancelinus
720 4616 838 4690 synodo
858 4619 1029 4694 alciacensi,
1084 4625 1154 4683 ritae
1179 4624 1307 4694 Roberti,
1335 4629 1440 4684 auctor
1467 4631 1512 4684 est
1542 4627 1729 4696 Gauslinum,
1754 4642 1825 4682 cum
1849 4621 1905 4678 aliis

198 4709 271 4768 9⁸8¹
281 4697 539 4797 ᾹΠ1111111011111111,
553 4717 603 4759 un.
622 4705 701 4760 taio.
1085 4712 1247 4770 Galliarum
1273 4712 1436 4787 episcopis,
1462 4713 1579 4771 levasse
1604 4729 1714 4786 corpus
1738 4715 1770 4769 B.
1798 4707 1904 4772 amani,

201 4871 219 4885 ..
235 4785 278 4884 lix
292 4783 480 4886 Chromoos.
494 4787 570 4845 Petri
587 4788 739 4850 Viritom.
754 4796 778 4850 ll
794 4794 942 4870 spicilegii
962 4814 1031 4856 con·
1085 4801 1159 4860 etin
1181 4817 1295 4860 novum
1309 4802 1455 4876 templum
1470 4802 1510 4859 ab
1534 4801 1741 4875 ipsolloberto
1766 4799 1907 4874 regelon-

196 4887 319 4974 Jrormua
332 4877 423 4932 etiam
437 4874 539 4951 ipsum
558 4877 672 4938 sediese
697 4881 730 4938 in
751 4883 877 4942 concilio
898 4887 1029 4945 aurelia-
1084 4892 1191 4950 datum
1224 4891 1255 4948 in
1286 4891 1360 4948 urbe
1395 4892 1608 4962 aurelianensi,
1637 4891 1825 4965 solemnique
1858 4889 1908 4945 rito

197 4976 285 5062 ¹²⁰¹.¹⁸.¹
298 4977 347 5019 an.
366 4963 801 5040 rosamquoonnnansunt
819 4975 944 5048 quidam
967 4978 1029 5034 hra-
1084 4979 1276 5036 benedictum
1301 4979 1489 5037 transtulisse
1515 4996 1567 5036 an.
1600 4984 1678 5046 1029,
1702 4995 1764 5052 quo
1798 4989 1908 5038 annor

197 5054 290 5119 111111,
304 5057 412 5125 postea
425 5051 558 5113 flammis
571 5057 692 5132 addicti,
706 5061 778 5135 quia
802 5065 957 5139 suscripsit
970 5068 1031 5124 oui-
1084 5066 1146 5125 vita
1172 5065 1336 5124 excessisse
1371 5065 1488 5134 dicitur,
1516 5083 1694 5140 quanquam
1724 5066 1774 5124 alii
1799 5065 1839 5124 ad
1865 5079 1909 5120 an·

198 5137 271 5238 darn
280 5145 430 5214 praecepto
441 5143 650 5216 Robertireqis
659 5151 730 5207 tuno
739 5153 881 5226 temporis
891 5154 962 5212 dato
972 5172 1029 5230 pro
1083 5172 1159 5213 num
1174 5151 1319 5230 'proxime
1334 5161 1509 5228 sequentem
1530 5156 1596 5228 ejus
1617 5161 1745 5214 nrortem
1766 5155 1908 5212 differant

198 5225 319 5326 arciaco
331 5229 498 5289 aurelianis
510 5234 642 5308 publice,
655 5254 737 5296 anno
748 5243 964 5300 incarnationis
974 5248 1030 5302 llo-
1085 5245 1155 5315 EJus
1182 5259 1253 5301 vero
1276 5243 1473 5318 epitaphium,
1489 5243 1573 5317 quod
1592 5245 1673 5300 dedit
1691 5248 1723 5302 v.
1737 5243 1767 5302 O.
1783 5241 1910 5301 Balanos

198 5327 274 5414 1111111
288 5317 366 5384 ¹⁰22,
382 5321 506 5390 wando
519 5323 651 5385 haeretici
663 5327 799 5387 damnati
813 5337 884 5388 srrnt
894 5334 1027 5390 aurelia·
1083 5337 1147 5390 tom
1169 5336 1202 5389 lll
1226 5332 1384 5391 lliscellan.
1410 5331 1490 5390 diem
1505 5334 1571 5405 ejus
1594 5333 1693 5391 obitus
1718 5334 1856 5406 assignat
1869 5343 1910 5384 un

196 5417 255 5472 1111,
273 5419 357 5504 ,ωηο
378 5409 456 5466 lota.
473 5409 598 5472 Felicem
621 5419 807 5476 monachum
831 5437 920 5476 suum
936 5437 951 5478 e
966 5423 1027 5479 Bri·
1084 5420 1153 5477 ldus
1179 5420 1280 5480 Martii.
1307 5423 1398 5476 Porro
1426 5421 1507 5478 istud
1535 5421 1721 5494 epitaphium
1754 5422 1804 5479 hic
1830 5419 1910 5478 edere

197 5493 300 5594 tauma
320 5493 462 5595 reducem
475 5497 507 5553 in
522 5498 666 5563 abbatem
680 5505 841 5572 benedixit,
857 5509 1027 5580 Hadegogis
1082 5509 1279 5580 negleximus,
1291 5509 1374 5584 quod
1400 5509 1436 5565 sit
1459 5509 1587 5566 barbare
1610 5509 1763 5584 scriptum,
1787 5515 1815 5568 et
1839 5523 1908 5582 pou·

196 5583 354 5645 remeasse
376 5585 528 5646 ananum
542 5589 673 5667 hortatu,
689 5598 801 5654 utase
815 5601 982 5658 restaurata
995 5597 1027 5656 in
1082 5614 1118 5656 ca
1145 5601 1183 5657 de
1210 5599 1357 5670 Gausleno
1382 5601 1500 5668 doceat,
1529 5599 1673 5658 nimirum
1700 5599 1786 5674 quod
1810 5596 1909 5679 floria·
