3998 6176
188 243 193 254 .
236 193 288 248 ³19
350 175 352 186 ’
760 190 788 246 S.
808 188 978 246 satanan
998 187 1237 246 CARNOTENSIS
1257 187 1423 247 EPlSCOPl.
1888 185 1943 240 ³20

233 314 324 384 tione,
340 327 431 385 quam
447 310 551 379 nostis,
568 310 704 370 videlicet
724 317 757 369 ut
780 312 910 370 dimittat
935 313 1010 370 sicut
1031 317 1059 369 et
1073 317 1097 368 Α
1111 313 1207 370 moria
1233 329 1294 370 suae
1320 310 1565 386 praesentationis.
1596 313 1679 367 Nunc
1705 323 1776 380 ergo
1802 308 1941 376 scientes,

233 418 301 470 nos,
317 407 371 458 etc.
395 403 553 456 llortamur
565 401 677 475 itaque,
693 401 809 472 iratres,
832 407 865 460 ut
876 403 1000 460 crimina
1012 401 1058 458 iu·
1112 419 1205 477 quam
1220 419 1256 460 ex
1269 403 1357 460 bonis
1381 401 1534 476 principiis
1558 400 1734 458 solemnitas
1750 400 1807 456 ista
1821 400 1941 474 prodiit,

233 491 328 562 gistis,
343 489 509 559 injunctam
523 488 609 547 vobis
623 491 829 564 paenitentiam
853 491 989 548 alacriter
1013 507 1060 546 su-
1113 497 1244 567 atquem
1261 493 1344 567 piam
1363 497 1561 566 sanctamque
1574 490 1825 564 significationem
1840 493 1945 546 nostra

232 576 374 650 scipiatis,
390 581 509 634 strenue
523 580 683 652 peragatis.
702 582 770 638 Noa
786 587 855 637 sacrat
870 582 946 638 eaim
962 579 1061 636 coadi-
1112 585 1224 642 oblatio
1234 583 1319 656 gerit,
1329 583 1549 642 solemnitatem
1561 580 1820 639 divinislaudihus
1832 586 1863 637 at
1874 597 1945 655 ope.

230 682 298 738 gna
303 668 461 736 passiones
474 668 564 739 baJ'as
577 671 716 741 temporis
732 671 920 742 adfuturam
931 671 1060 741 gloriam
1112 673 1197 730 ribus
1218 689 1409 744 exornemus,
1424 676 1454 730 et
1474 671 1658 729 oblationem
1682 670 1733 744 pio
1758 668 1944 727 celebremus

231 771 297 829 qaae
316 757 543 814 revelabituria
559 760 642 816 nobis
664 761 758 833 (Rom.
776 777 836 828 rur,
852 762 905 833 ta).
927 759 1060 816 Eleemo·
1113 761 1231 833 affectu,
1254 765 1394 834 rogantes
1414 760 1584 835 piissimam
1606 759 1657 816 Dei
1680 761 1801 816 Matrem
1826 763 1858 814 at
1879 758 1945 830 ipsa

232 862 342 918 synam
356 862 478 920 quoque
491 863 546 920 pro
561 863 651 921 posse
665 848 788 915 faciatis,
802 849 875 922 quia
890 849 966 906 sicut
980 863 1061 921 aqna
1113 867 1179 918 uos,
1193 854 1222 908 et
1235 865 1362 908 munera
1373 854 1486 918 nostra,
1501 848 1574 906 Filio
1590 863 1645 922 suo
1656 847 1824 919 &abiicere
1839 846 1944 918 digne-

232 934 393 1006 exstinguit
406 936 570 1007 ignem,ita
583 936 773 1010 eleemosyna
787 937 947 1008 exstinguit
955 951 1060 1010 pecea-
1114 944 1171 1010 tur,
1196 944 1225 996 et
1240 940 1282 996 ad
1306 937 1531 997 similitudinem
1553 936 1713 995 oblationis
1735 940 1854 1005 nostrae,
1877 951 1945 1009 quae

231 1027 306 1079 tum.
323 1025 448 1080 Oramus
463 1028 525 1080 tam
538 1040 594 1097 pro
618 1025 747 1082 invicem
771 1041 863 1099 quam
883 1041 938 1099 pro
961 1025 1061 1096 nobis,
1114 1028 1239 1099 munda,
1251 1029 1331 1086 clara
1347 1031 1376 1085 et
1387 1027 1502 1084 fervida
1517 1043 1583 1084 esse
1598 1024 1883 1099 videtur,deposcat
1895 1041 1946 1082 no-

231 1111 347 1168 diceute
359 1111 515 1185 apostolo:
537 1113 728 1182 Confitemini
741 1115 924 1171 alterutram
937 1119 1062 1184 peccata
1113 1118 1160 1174 bis
1175 1119 1215 1175 ab
1228 1118 1294 1192 ipso
1309 1117 1489 1175 munditiam
1512 1116 1611 1173 cordis
1637 1119 1666 1172 et
1681 1114 1827 1189 corporis,
1842 1113 1944 1171 lumen

232 1207 340 1271 vestra,
356 1208 384 1258 et
399 1207 484 1259 orate
495 1218 552 1272 pro
567 1204 691 1260 ireoicem
717 1210 749 1259 at
768 1205 926 1262 salvemini
941 1205 1015 1275 (Jac.
1031 1220 1060 1273 v,
1116 1207 1256 1276 scientiae,
1282 1205 1430 1263 fervorem
1458 1205 1529 1262 fidei
1553 1209 1582 1262 et
1604 1203 1767 1271 charitatis,
1795 1207 1946 1277 quatenus

234 1291 287 1362 lt).
304 1291 447 1348 Novimus
463 1297 563 1348 autem
577 1309 631 1366 per
643 1293 850 1366 paenitentiam
863 1293 985 1365 multos,
995 1309 1063 1350 eva·
1115 1312 1176 1352 suae
1192 1295 1294 1366 gratiae
1319 1296 1400 1352 dono
1422 1293 1549 1365 accensi,
1564 1308 1619 1367 per
1642 1291 1781 1366 Spiritum
1807 1297 1946 1348 sanetum

232 1379 305 1436 sisse
320 1379 485 1452 periculum
501 1381 618 1446 mortis,
636 1380 710 1436 alios
726 1397 779 1455 per
801 1381 977 1438 orationem.
995 1381 1062 1438 Eni-
1115 1384 1283 1452 illuminati,
1299 1383 1464 1457 purificatis
1488 1383 1640 1440 mentibus
1663 1381 1694 1438 in
1714 1381 1826 1455 templo
1840 1386 1946 1438 sancto

231 1472 331 1525 tamur
344 1469 444 1539 etiam,
459 1468 575 1538 tratres,
597 1470 672 1526 inter
687 1471 760 1528 tales
775 1471 908 1539 inveniri,
925 1471 998 1545 quia
1019 1486 1063 1528 re·
1116 1473 1216 1545 gloriae
1232 1489 1293 1530 suae
1308 1473 1462 1530 valeamus
1484 1487 1640 1546 apparere,
1664 1487 1718 1546 per
1731 1471 1876 1528 eumdem
1892 1473 1946 1527 lto·

231 1574 324 1630 gaam
343 1559 486 1615 eceteram
509 1561 567 1615 vim
589 1561 716 1630 patitur,
730 1566 758 1618 et
772 1561 896 1617 obtenti
914 1561 1062 1631 diripiunt
1115 1563 1233 1620 minum
1247 1567 1384 1620 nostrum
1398 1564 1500 1618 lesum
1518 1561 1677 1619 Christum.

232 1647 311 1705 ettad
326 1648 446 1718 (Macte.
462 1664 503 1718 ιιι,
519 1649 571 1721 la).
586 1651 707 1706 Praestet
718 1649 796 1705 vires
806 1649 1001 1707 imbecillitati
1011 1665 1063 1706 no
1081 1669 1101 1722 g

233 1741 300 1793 stra
328 1735 375 1792 ille
391 1737 443 1810 qui
468 1737 560 1793 dixit:
586 1739 742 1808 Corifidite,
760 1754 812 1810 ego
836 1740 896 1796 vici
917 1739 1063 1796 mandam
1442 1705 1557 1762 SERMO
1579 1704 1622 1761 lv·

233 1827 333 1894 (Joua.
349 1842 409 1893 xvi,
425 1827 480 1899 23),
496 1827 639 1884 Dominus
651 1832 751 1884 noster
766 1829 850 1884 lesus
865 1827 997 1886 Christus
1011 1829 1064 1901 qui
1195 1828 1228 1867 DE
1247 1827 1410 1868 Nffllllffl
1430 1827 1600 1870 BBATlSSfflss
1619 1827 1713 1868 ”illd
1732 1825 1864 1868 fflfflffls·

234 1931 304 1971 cum
317 1918 399 1972 Patre
423 1921 451 1972 et
478 1916 588 1988 Spiritu
614 1923 717 1973 saneto
739 1917 811 1974 vivit
826 1923 972 1990 etregnat
986 1921 1063 1975 lleus
1151 1919 1331 1993 approbatae
1344 1918 1570 1976 consuetudidis
1586 1923 1632 1976 est
1653 1918 1736 1992 apud
1760 1905 1945 1974 Christianos

233 2021 289 2078 per
302 2004 418 2061 infinita
432 2005 610 2062 saeculorum
626 2007 745 2064 saecula.
761 2013 866 2063 Amen.
1116 2011 1288 2064 sanctorum
1308 2009 1428 2064 Petrum
1449 2007 1514 2064 dies
1537 2007 1686 2065 natalitios
1706 2006 1868 2064 observare
1882 2005 1946 2060 dili·

556 2095 675 2154 SERMO
698 2097 741 2154 lll.
1117 2099 1228 2166 genter,
1242 2099 1271 2152 et
1282 2095 1433 2170 praecipue
1445 2096 1565 2152 virtutes
1580 2112 1685 2154 eorum
1711 2095 1880 2166 assignatas
1901 2093 1946 2150 lit-

395 2200 427 2238 ιιι
447 2200 654 2240 raarrrcarrosa
674 2201 771 2242 naaria
791 2202 900 2242 ulans.
1116 2184 1186 2242 teris
1201 2185 1232 2240 in
1247 2183 1377 2241 Ecclesia
1391 2183 1515 2241 recitare
1530 2183 1571 2240 ad
1591 2183 1714 2241 laudem
1735 2183 1795 2254 liei,
1809 2198 1845 2239 ex
1860 2183 1948 2254 cujus

269 2271 412 2329 Volumus
426 2273 512 2328 vobis
527 2273 655 2330 breviter
668 2291 828 2349 exponere,
849 2276 965 2346 fratrea,
984 2276 1064 2332 uncle
1116 2289 1239 2330 munere
1260 2277 1339 2343 sunt,
1354 2277 1383 2329 et
1406 2271 1447 2328 ad
1464 2272 1663 2330 instrumenta
1685 2272 1845 2329 minorum.
1869 2275 1949 2328 lnter

235 2361 324 2435 coepit
337 2361 511 2418 solemnitas
527 2362 755 2424 Parilicationis,
772 2380 864 2438 quam
884 2363 973 2422 lrodie
988 2365 1063 2422 cele·
1117 2377 1222 2418 omnes
1244 2367 1374 2430 sanctos,
1400 2361 1547 2418 memoria
1564 2361 1748 2419 beatissimae
1767 2360 1892 2432 Virginis
1913 2375 1947 2416 eo

234 2449 340 2517 baalis,
356 2450 472 2523 etquid
496 2450 572 2507 cerei
598 2451 765 2523 signiticent
783 2469 860 2526 qnos
875 2453 995 2510 offertis
1014 2457 1064 2512 So·
1117 2451 1300 2525 frequentius
1328 2452 1426 2522 agitur
1460 2456 1549 2524 atque
1588 2450 1731 2520 festivius,
1762 2466 1824 2525 quo
1854 2451 1948 2522 majo-

235 2538 373 2596 lemnitas
389 2555 460 2610 ergo
474 2540 1064 2616 istaprocessitexlcge.Praecepitenim
1117 2557 1181 2598 rem
1207 2541 1334 2612 gratiam
1362 2541 1444 2614 apud
1460 2540 1632 2598 -bominum
1659 2539 1788 2598 creditur
1820 2539 1948 2596 invenis-

236 2631 314 2686 Deus
332 2628 362 2685 in
385 2628 450 2699 lege
464 2633 497 2686 nt
519 2629 708 2705 mulierque
736 2632 773 2688 ile
787 2633 842 2688 viri
858 2632 904 2688 sui
917 2639 1065 2706 conceptu
1118 2646 1159 2687 se.
1178 2629 1258 2687 Unde
1273 2635 1342 2703 post
1355 2628 1414 2686 alia
1427 2628 1569 2703 quedam
1591 2629 1686 2704 ipsius
1709 2627 1879 2702 antiquiora
1902 2643 1945 2684 so

236 2716 469 2790 primogenitum
494 2722 620 2791 pareret,
635 2719 868 2792 quadragesimo
890 2720 937 2778 ‹lie
964 2722 1066 2778 nativi·
1117 2719 1238 2790 lemnia,
1254 2733 1316 2776 non
1340 2718 1394 2775 luit
1418 2723 1557 2776 contenta
1578 2718 1698 2777 devotio
1712 2717 1859 2788 fidebam,
1874 2719 1947 2792 quin

180 2853 182 2860 ,
235 2805 303 2863 tatis
316 2809 508 2879 praesentaret
523 2823 593 2863 euro
608 2808 733 2865 ltomino
749 2809 778 2864 in
792 2810 914 2884 inrupto,
926 2827 996 2866 cum
1012 2811 1065 2867 ho·
1118 2808 1279 2866 nativitatis
1295 2807 1428 2865 solemne
1443 2808 1660 2882 superadderet
1679 2807 1870 2866 hodiernum.
1889 2809 1947 2864 llac

236 2893 317 2951 stiis:
334 2901 362 2951 et
372 2893 421 2950 hic
435 2894 499 2950 dics
516 2894 728 2954 Purificationis
740 2904 873 2956 vocatur.
890 2899 975 2966 Quod
990 2915 1065 2973 prae-
1117 2899 1218 2972 itaque
1238 2896 1287 2954 die
1308 2897 1497 2970 peculiariter
1509 2897 1540 2959 in
1554 2896 1685 2954 Ecclesia
1698 2897 1868 2954 recitandas
1883 2913 1948 2952 esse

204 3055 212 3062 ι
236 2987 361 3057 captura
386 2983 601 3041 purificationis
629 2991 657 3042 et
684 2987 844 3045 oblationis
865 2988 1065 3062 impleverunt
1084 2986 1236 3081 evidetur
1248 2987 1296 3044 ille
1310 2986 1394 3054 liber,
1408 2987 1461 3060 qui
1475 2987 1512 3044 de
1531 2990 1599 3044 ortu
1619 2987 1684 3059 ejus
1703 2990 1733 3042 et
1746 2985 1804 3042 vita
1817 2987 1950 3058 scriptus

237 3071 301 3128 aliae
315 3075 425 3128 matres
439 3087 476 3128 ex
490 3074 676 3148 necessitate,
692 3077 765 3150 quia
784 3076 904 3150 pollutae
919 3083 948 3135 et
962 3094 1065 3152 pecca·
1118 3076 1335 3149 inveniebatur,
1352 3076 1376 3132 si
1388 3092 1451 3133 non
1463 3076 1649 3148 judicassent
1666 3091 1737 3134 eram
1751 3079 1848 3134 Patres
1870 3075 1951 3132 inter

236 3159 322 3218 trices
337 3164 439 3218 erant:
465 3163 588 3235 qnando
609 3181 681 3222 sero
704 3167 835 3225 Christus
857 3171 945 3224 natus
969 3173 1013 3224 est
1027 3167 1065 3225 de
1119 3166 1295 3241 apocrypha
1309 3165 1541 3222 numerandum.
1562 3169 1598 3222 At
1612 3165 1757 3239 quoniam
1780 3165 1900 3236 magnis
1913 3180 1949 3222 ae

235 3249 410 3308 beatissima
420 3251 537 3321 Virgine
552 3254 650 3321 bieria,
667 3255 733 3330 ipsa
747 3271 807 3313 non
818 3257 972 3327 indigebat
986 3255 1066 3328 lega·
1120 3253 1304 3330 sapientibus
1320 3254 1391 3311 viris
1411 3254 1453 3312 ita
1467 3254 1566 3312 visum
1579 3258 1633 3322 est,
1646 3270 1702 3312 nos
1721 3253 1781 3311 alia
1794 3253 1948 3328 medam,

234 3337 488 3412 liparitieatione,
501 3341 574 3414 qrria
588 3343 702 3400 rnuuda
718 3351 780 3402 erat
795 3349 824 3401 et
839 3349 950 3402 sancta.
968 3345 1066 3402 llnrni-
1120 3345 1173 3401 sed
1200 3360 1261 3401 non
1285 3344 1382 3402 alliena
1409 3343 1550 3417 legentes,
1576 3343 1810 3402 ecclesiasticum
1831 3359 1950 3400 morem

235 3427 325 3484 litatis
338 3433 437 3484 tamen
456 3433 484 3484 et
504 3429 679 3487 obedientiae
695 3449 788 3488 causa
806 3432 864 3504 legi
877 3450 908 3490 se
922 3433 1064 3502 subdens,
1119 3433 1227 3491 debitis
1238 3433 1343 3491 officiis
1358 3450 1568 3507 exsequamur.
1579 3437 1667 3492 Beata
1677 3449 1748 3505 ergo
1759 3433 1878 3490 bomini
1891 3437 1950 3491 lla-

235 3514 357 3570 obedire
384 3514 458 3585 legis
482 3518 622 3588 quamvis
643 3533 703 3575 uon
732 3519 886 3588 indigeret,
908 3521 1014 3578 obtulit
1034 3523 1064 3580 in
1120 3530 1163 3581 ter
1176 3529 1205 3580 et
1218 3528 1363 3597 perpetua
1377 3523 1762 3598 Virgolleria‚priusquam
1776 3529 1952 3580 nasceretur

236 3601 348 3674 templo
359 3603 409 3657 liei
421 3602 516 3658 tilium
530 3621 618 3660 suum
634 3623 702 3662 cum
718 3608 822 3664 hostiis
833 3610 1065 3682 quadragesimo
1119 3612 1247 3670 oraculis
1262 3613 1415 3670 enuntiata
1429 3617 1520 3683 est,et
1533 3613 1691 3684 designata
1705 3611 1869 3680 miraculis,
1879 3617 1951 3669 nata

236 3689 284 3746 die
298 3689 469 3758 nativitatis,
484 3691 559 3749 sicut
572 3699 616 3750 est
627 3695 726 3752 bodie.
743 3696 1002 3786 Sed-praesentatio
1015 3700 1065 3758 illa
1119 3719 1191 3760 vero
1206 3702 1346 3776 progenie
1361 3701 1503 3760 divinitus
1517 3702 1669 3766 ordinata,
1690 3702 1847 3776 privilegio
1862 3703 1952 3759 virtu·

235 3776 361 3849 insignis
388 3783 418 3834 et
437 3778 566 3850 gloriosa
587 3781 659 3838 tuit:
690 3790 829 3842 movente
853 3787 933 3843 enirn
957 3787 1065 3862 Spiritu
1120 3797 1184 3849 tum
1201 3791 1329 3862 insignis
1344 3791 1458 3862 enituit,
1476 3791 1659 3850 salvatorem
1673 3791 1765 3849 edidit
1777 3807 1796 3849 a
1809 3807 1874 3865 quo
1887 3792 1950 3862 glo-

236 3869 350 3938 sancto‚
362 3875 556 3927 occurrerunt
570 3872 596 3927 ei
611 3877 733 3930 sanctus
752 3877 899 3948 propbeta
918 3877 1021 3934 Simon
1038 3882 1066 3934 et
1119 3881 1234 3938 rilicata
1256 3881 1287 3937 in
1307 3881 1393 3950 coelo,
1417 3897 1575 3955 nunquam
1596 3881 1751 3953 terrigenis
1768 3881 1951 3955 patrocinari

235 3959 321 4014 Anna
346 3961 450 4014 sancta
474 3958 566 4016 vidua
590 3965 618 4016 et
643 3963 841 4034 prophetissa,
858 3965 1016 4023 laudantes
1038 3971 1067 4024 et
1119 3969 1244 4027 desistit.
1256 3969 1490 4043 propositionem
1503 3974 1647 4044 sequatur
1660 3969 1765 4028 ordine
1778 3985 1834 4026 sua
1847 3985 1952 4027 narra·

234 4044 444 4104 benedicentes
460 4048 621 4106 Dominum
644 4051 681 4108 de
704 4052 835 4111 adventu
857 4055 973 4124 Christi,
991 4057 1067 4113 sicut
1119 4058 1170 4116 tio.
1183 4061 1310 4132 tamque
1324 4059 1594 4117 referamusnnum
1607 4059 1646 4117 de
1660 4059 1833 4134 praetaxatis
1847 4075 1952 4116 oracu-

234 4132 342 4203 legitur
355 4135 385 4190 in
401 4137 570 4206 Evangelio,
585 4139 731 4198 miracala
742 4142 918 4215 prebentes.
934 4144 1065 4202 Christus
1119 4147 1165 4215 lis,
1176 4163 1211 4203 ac
1223 4146 1332 4204 deinde
1339 4147 1444 4220 paucis
1456 4147 1662 4222 expediamus.
1680 4147 1901 4204 DixitAEternus
1911 4147 1951 4204 ad

237 4234 368 4293 namque
382 4222 412 4278 in
435 4239 523 4281 carne
539 4227 670 4296 veniens,
687 4229 803 4301 tratres,
819 4233 997 4290 ostendebat
1014 4249 1061 4306 pa·
1118 4240 1261 4307 veterem,
1275 4237 1352 4292 licus
1376 4235 1415 4292 ad
1439 4240 1628 4311 serpentem:
1649 4237 1827 4295 Inimicitias
1836 4251 1951 4308 ponam

235 4307 347 4366 ritaret
366 4311 540 4370 humilitatis
563 4317 744 4390 exemplum,
765 4325 793 4377 et
814 4320 922 4378 divinae
946 4323 1064 4397 pietatis
1119 4325 1199 4381 inter
1213 4329 1242 4381 te
1263 4329 1292 4382 et
1315 4325 1480 4390 mentierem,
1496 4331 1524 4384 et
1537 4341 1633 4384 semen
1648 4332 1743 4397 taam,
1759 4331 1788 4384 et
1799 4341 1899 4383 senen
1914 4327 1953 4382 it-

235 4391 355 4451 indicia.
373 4395 495 4454 Sicutin
510 4399 662 4458 nativitate
683 4419 747 4470 sua,
763 4421 832 4461 cam
845 4407 957 4477 jaceret
967 4407 1064 4463 humi·
1121 4413 1178 4469 lius
1194 4412 1278 4484 (Gen.
1300 4428 1341 4484 ur,
1359 4415 1411 4485 le).
1435 4413 1512 4480 auid
1535 4419 1589 4484 est,
1609 4413 1725 4484 iratres,
1750 4415 1781 4472 in
1802 4415 1861 4472 hoc
1884 4414 1953 4471 loco

234 4480 300 4538 liter
312 4482 342 4538 in
356 4499 514 4558 praesepio,
523 4502 603 4544 nova
618 4490 711 4562 stella,
723 4498 752 4549 et
764 4489 907 4552 laudibris
921 4496 1064 4568 angelicis
1119 4501 1263 4574 serpentis
1277 4507 1368 4576 caput
1382 4507 1544 4572 conterere,
1562 4504 1619 4560 nisi
1633 4503 1832 4579 principalem
1845 4503 1954 4562 diabo-

235 4569 443 4628 celebrabatur
457 4573 488 4629 in
507 4574 601 4632 coelo:
620 4577 661 4634 sic
674 4582 703 4635 et
717 4580 808 4637 modo
831 4599 900 4639 eum
919 4583 1063 4656 parvulus
1117 4588 1138 4645 li
1151 4590 1384 4662 suggestionem,
1405 4591 1436 4647 id
1451 4596 1495 4649 est
1509 4592 1793 4667 concupiscentiam,
1809 4592 1954 4650 resisten-

234 4658 400 4717 inlantulus
416 4669 646 4734 praesentaretur
660 4667 691 4723 iu
713 4670 835 4743 templo,
852 4672 890 4728 ad
906 4672 1062 4730 declarari·
1117 4678 1158 4734 do
1173 4681 1338 4752 superare?
1363 4679 1392 4738 Si
1416 4697 1487 4752 ergo
1511 4687 1664 4755 quaeratur
1685 4697 1828 4756 quaeuam
1842 4682 1955 4739 mulier

234 4749 306 4808 dam
325 4750 509 4809 divinitatem
532 4770 618 4811 suam
633 4756 664 4812 in
680 4774 768 4816 carne
783 4759 949 4818 latitantem
970 4763 1063 4820 eorda
1117 4767 1291 4839 hujusmodi
1317 4769 1472 4827 victoriam
1496 4775 1620 4845 operata
1642 4771 1705 4829 sit?
1728 4772 1862 4847 prolecto
1889 4787 1954 4830 non

233 4841 450 4914 prophetarum
463 4843 652 4902 illuminabat
666 4847 934 4921 Spiritussanctus.
948 4855 1063 4910 Noeer-
1117 4858 1261 4931 reperitur
1286 4859 1316 4915 in
1341 4859 1420 4917 linea
1444 4861 1644 4933 generationis
1671 4863 1823 4932 humane,
1853 4863 1955 4920 donec

234 4945 272 5000 go
287 4931 336 5004 qui
352 4931 436 4989 illum
452 4950 557 4990 verum
573 4937 734 4994 bominum
747 4943 776 4996 et
788 4939 943 4998 homiuem
958 4941 1063 5000 adora·
1117 4947 1307 5022 perveniatur
1325 4949 1364 5006 ad
1387 4949 1469 5007 illam
1489 4950 1527 5009 de
1550 4967 1611 5025 qua
1635 4951 1754 5023 agimus
1776 4957 1956 5010 sanctamm

233 5035 312 5085 mus,
328 5021 359 5076 in
374 5024 553 5081 memoriam
567 5029 806 5086 Praesentationis
828 5031 893 5102 ejus
906 5031 937 5088 in
951 5032 1063 5107 templo
1117 5042 1263 5095 sanctam.
1275 5043 1310 5095 At
1320 5039 1345 5096 si
1359 5040 1566 5112 interrogetur,
1577 5041 1608 5098 in
1622 5057 1685 5115 quo
1700 5042 1847 5116 serpentis
1860 5049 1957 5117 caput

234 5107 420 5167 celebramus
435 5113 515 5170 bunc
530 5115 610 5172 diem
632 5133 701 5172 erim
720 5117 871 5176 oblatione
886 5135 1061 5179 cereorum:
1117 5128 1164 5184 rel
1178 5128 1246 5202 ipsa
1260 5130 1454 5188 contriverit?
1478 5131 1621 5188 nimirum
1637 5131 1668 5188 in
1681 5148 1717 5189 eo
1732 5131 1816 5206 quod
1830 5133 1958 5204 virgini-

234 5209 288 5266 per
310 5196 412 5255 lumen
435 5204 521 5274 cerei,
537 5203 732 5268 divinitatem.
749 5222 803 5280 per
823 5224 922 5267 ceram
949 5211 1063 5282 signiti-
1117 5221 1208 5274 mem
1224 5217 1312 5274 simul
1325 5223 1353 5276 et
1366 5220 1565 5278 bumilitatem
1582 5223 1641 5278 lieo
1655 5221 1844 5278 sacrificavit.
1857 5221 1958 5294 virgi.

235 5287 336 5384 cautes
360 5303 481 5346 earnem
506 5291 600 5365 ipsius
621 5295 809 5366 virginalem.
835 5298 907 5373 Apis
930 5301 1010 5358 enim
1036 5307 1065 5360 et
1117 5306 1208 5362 nitate
1225 5323 1358 5382 namque
1373 5314 1490 5368 servata
1513 5311 1661 5385 probatur
1680 5309 1857 5368 exstinxisse
1879 5328 1958 5369 con·-

235 5371 339 5442 mclbs‚
355 5379 385 5431 et
398 5393 471 5434 ceree
486 5381 585 5454 opilea
610 5385 674 5441 sine
698 5386 778 5443 coitu
797 5389 889 5445 maria
903 5394 932 5446 et
945 5390 1063 5449 femina
1118 5396 1332 5468 cupiscentiarn
1348 5399 1446 5455 curnis
1460 5418 1467 5468 ;
1482 5399 1660 5470 humilitate,
1673 5415 1742 5473 quae
1756 5398 1827 5457 tacit
1837 5415 1961 5475 paupe·

234 5469 416 5538 procreatur.
433 5470 513 5524 Patet
528 5487 599 5543 ergo
623 5475 695 5547 quia
709 5478 898 5536 Praeseutatio
914 5480 1017 5538 Christi
1032 5481 1063 5536 in
1117 5499 1181 5538 rem
1196 5484 1311 5559 spiritu,
1325 5487 1598 5563 concupiscentiam
1612 5489 1729 5546 mentis.
1747 5488 1856 5562 Sicque
1872 5490 1961 5561 prin·

235 5552 346 5653 templo
369 5557 517 5629 processit
541 5576 577 5616 ex
605 5563 777 5621 obedientia
800 5565 884 5637 legis,
906 5573 935 5624 et
959 5575 1064 5628 nostra
1118 5573 1205 5648 cipali
1226 5578 1417 5648 suggestione
1440 5579 1554 5636 diaboli
1577 5578 1667 5650 victa,
1690 5577 1833 5636 vitiosum
1859 5587 1960 5652 caput

236 5642 434 5714 srgmilcativa
447 5644 558 5704 oblatio
573 5655 627 5718 est,
643 5667 679 5708 ax
692 5650 773 5711 dulci
785 5658 814 5712 et
824 5655 986 5714 venerabili
1001 5673 1062 5715 me·
1117 5661 1233 5720 statutis
1247 5664 1324 5736 pede
1338 5666 1484 5724 contrivit.
1497 5670 1561 5725 Non
1576 5671 1676 5725 tamen
1690 5668 1748 5724 hoe
1762 5666 1837 5736 solo,
1851 5667 1909 5724 aed
1920 5685 1960 5724 eo
