3990 6184
143 207 211 264 iser
678 195 1327 273 sununinnrusnrrrsmcunusnusrs.
1794 217 1868 272 rrae

140 335 274 412 Quarum
290 334 413 391 formosi
428 336 499 389 sunt
512 333 560 389 hic
571 333 697 405 juvenes
707 336 854 406 generosi.
1026 337 1115 394 Velox
1129 342 1162 395 ut
1176 345 1282 396 ventus
1298 339 1379 411 tnget
1392 338 1490 396 omnis
1502 352 1613 410 nempe
1625 337 1783 409 juventus,

139 427 182 480 Tu
195 423 271 499 petis
286 427 407 479 econtra
422 422 474 478 sed
490 422 656 494 spiritualia
670 429 815 481 monstra.
1027 429 1154 494 Quando
1169 433 1333 493 truncatur,
1348 429 1484 503 quisquis
1498 427 1551 484 tibi
1565 427 1766 484 collateratur.

141 515 250 584 Expers
263 515 323 566 stas
338 509 410 566 artis
424 509 549 567 credens
564 511 610 568 his
621 513 723 583 jurgia
737 514 845 570 Martis.
1026 515 1178 573 Perfossus
1192 519 1280 574 costis
1296 517 1495 575 moribundus
1509 516 1637 572 vinceris
1652 516 1748 574 hostis

140 598 190 654 His
205 597 276 670 qnia
287 597 425 668 contidis,
442 597 479 656 de
492 599 703 672 pugnavictos
718 601 825 658 abibis.
1025 607 1113 662 Terra
1135 607 1310 679 procumbis
1326 605 1482 663 referendo
1500 607 1534 678 [s.
1548 605 1722 678 reserando]
1744 606 1868 664 viscera

138 688 204 741 Jam
219 689 250 742 tu
263 685 430 756 cognoscis,
445 688 528 762 quod
542 704 598 745 nos
612 705 674 746 nou
689 691 786 748 vicere
801 691 908 764 possis.
1697 694 1829 766 [lumbis

138 773 312 834 Praesidium
327 781 429 848 gentes
445 793 514 835 cnm
528 778 600 835 deut
615 779 778 836 simulacra
793 781 934 851 colentes,
1025 785 1178 839 Postremo
1192 783 1299 850 tessus,
1315 783 1442 840 telorum
1458 779 1575 838 turbiue
1590 797 1714 856 pressus

138 866 234 920 instar
244 864 373 936 jumenti
384 865 532 937 fugientes
542 869 592 939 jus
606 868 789 926 documenti.
1026 874 1129 927 Noster
1141 872 1287 944 captivus,
1304 888 1341 928 ne
1355 871 1394 927 sis
1407 874 1478 943 post
1487 871 1552 926 hrec
1566 870 1718 940 fugitivus,

88 979 89 984 ยน
139 955 213 1011 Cum
227 959 346 1029 reputes
356 957 440 1014 vivos
454 957 491 1014 de
507 972 670 1026 congressu
684 958 835 1030 fugitivos,
1026 959 1115 1016 Nobis
1127 959 1264 1032 iniestns,
1279 961 1362 1016 nulla
1376 959 1491 1016 ratione
1504 958 1660 1026 molestus,

137 1043 246 1100 inferni
260 1043 345 1101 divos
360 1061 414 1102 cur
428 1047 547 1120 optabis
559 1047 718 1116 redivivos,
948 1035 960 1046 โธ
1026 1049 1148 1105 [lucaris
1161 1049 1250 1106 irenis
1265 1051 1442 1106 constrictus
1457 1049 1519 1106 sive
1534 1050 1658 1118 catenis,

139 1133 219 1198 Quos
233 1132 281 1189 lex
294 1134 426 1190 Plutonis
441 1135 599 1192 damnavit
612 1137 698 1196 fauce
713 1138 861 1196 draconis.
1025 1141 1147 1195 Caruere
1163 1138 1321 1195 conclusus
1335 1139 1551 1212 plangens,aut
1559 1141 1706 1212 compede
1720 1143 1838 1195 husus.

139 1217 203 1277 Nou
216 1227 374 1280 resonante
387 1223 452 1297 lyra
468 1225 553 1296 cujus
569 1225 747 1282 mulcebitur
762 1227 816 1296 ira,
1024 1229 1090 1283 tarn
1104 1242 1160 1284 nos
1174 1227 1266 1298 irrita,
1279 1243 1340 1308 quo
1351 1227 1393 1283 sic
1408 1230 1511 1300 pereat
1523 1231 1574 1282 tua
1592 1227 1660 1282 vita.

137 1309 283 1383 Quicquid
302 1311 350 1368 hic
367 1318 512 1386 acceptat,
527 1315 639 1371 nullius
655 1316 719 1386 jam
737 1331 822 1390 prece
839 1315 971 1373 reddat?
1025 1315 1130 1372 Desine
1144 1331 1225 1372 nunc
1239 1315 1289 1372 irre
1301 1315 1347 1372 vel
1364 1321 1475 1372 nostrae
1490 1316 1605 1372 damna
1618 1315 1728 1373 subire.

139 1399 269 1468 surgens
283 1399 320 1456 de
337 1402 441 1459 tumba
455 1406 483 1459 te
498 1419 559 1460 non
573 1405 642 1474 tegit
656 1405 788 1460 Herculis
801 1405 920 1462 umbra.
1025 1404 1097 1460 Utile
1104 1405 1273 1475 cognoscis,
1288 1405 1314 1461 ei
1327 1404 1410 1478 pacis
1426 1420 1552 1462 munera
1566 1404 1675 1477 poscis.

137 1485 221 1543 Hunc
234 1487 287 1543 tibi
302 1490 469 1548 semideum
483 1491 543 1548 scio
556 1508 617 1548 nou
631 1496 773 1565 praestare
787 1497 933 1565 tropaeum
1025 1497 1064 1550 Ne
1078 1495 1181 1550 venias
1196 1493 1318 1567 duplex,
1335 1494 1387 1550 sed
1411 1494 1495 1551 trade
1510 1509 1620 1550 manus
1635 1494 1693 1550 cito
1716 1493 1861 1567 supplex.

137 1576 250 1630 Rursus
261 1575 434 1649 iniquorum
449 1579 554 1635 crescit
567 1580 682 1636 cultura
695 1581 831 1637 deorum.
1025 1583 1194 1657 suscipiens
1207 1585 1286 1654 regis
1301 1584 1395 1640 nostri
1409 1583 1618 1640 moderamina
1632 1582 1719 1654 legis,

138 1661 170 1718 ld
186 1663 210 1718 si
226 1668 257 1719 tu
271 1665 374 1734 credis,
393 1682 516 1740 prorsus
535 1669 650 1725 ratione
663 1670 789 1738 carebis,
988 1701 1008 1754 B
1023 1673 1098 1727 Cum
1112 1671 1232 1743 penitus
1246 1671 1324 1727 vires
1338 1671 1437 1750 desint
1451 1671 1482 1727 in
1497 1671 1587 1727 corde
1599 1670 1699 1727 viriles

136 1748 262 1818 iungere
276 1753 398 1821 gentiles
414 1755 518 1812 Christi
533 1756 603 1813 velit
620 1761 650 1813 ut
665 1757 722 1813 sibi
735 1757 831 1814 miles.
1021 1762 1121 1815 Temet
1136 1759 1251 1816 tutandi
1263 1758 1309 1816 vel
1321 1775 1376 1816 nos
1388 1759 1514 1832 inquam
1528 1757 1702 1832 superandi,

136 1838 297 1910 Nunquam
312 1843 436 1900 certabit
451 1845 533 1901 socio
546 1847 705 1902 conamine
721 1847 824 1903 David.
1023 1849 1148 1905 Stultitia
1163 1854 1285 1922 captum
1300 1849 1351 1917 sic,
1368 1848 1407 1905 ed
1422 1848 1610 1922 nihilumque
1623 1848 1792 1917 redactum,

138 1927 294 1985 Herculeas
305 1945 424 2002 pugnas
440 1933 529 1989 nullis
541 1935 681 2006 precihus
697 1935 753 1990 sibi
765 1936 887 2006 jungas.
1023 1937 1087 1994 istic
1102 1941 1247 2008 aegrotum
1260 1937 1401 1994 volumus
1417 1940 1444 1993 te
1459 1953 1578 1994 sumere
1592 1941 1698 2010 potum

138 2014 309 2075 christicola
324 2021 401 2076 servi
415 2019 531 2092 fugiant
545 2023 575 2078 in
590 2037 688 2094 agone
701 2025 841 2097 protervi,
1022 2026 1164 2082 Funditus
1175 2025 1301 2082 insontis
1315 2025 1409 2084 nostri
1422 2025 1459 2082 de
1471 2026 1596 2083 flumine
1611 2025 1701 2082 iouhs

137 2103 244 2160 Cultus*
253 2112 388 2168 atrorum
404 2111 497 2167 sortiti
511 2112 741 2169 demoniorum.
1022 2119 1132 2188 Expers
1145 2119 1189 2170 est
1205 2113 1279 2170 tellis
1294 2115 1388 2171 nimia
1400 2114 1559 2171 dulcedine
1571 2113 1676 2171 mellis.

137 2192 277 2257 Quidum
294 2197 444 2266 visebant,
460 2215 522 2255 nou
537 2216 673 2273 nuquam
687 2200 737 2256 lite
751 2201 903 2270 carebant,
1023 2203 1108 2260 istinc
1124 2203 1148 2259 si
1161 2203 1253 2259 discis
1267 2203 1366 2260 statim
1382 2219 1472 2260 sensu
1486 2203 1645 2277 resipiscis.

136 2283 193 2337 Nec
206 2291 334 2355 possunt
345 2287 432 2359 jungi
446 2289 536 2355 socio,
553 2306 613 2346 non
628 2291 747 2363 agmine
761 2291 854 2362 iungi.
1022 2298 1107 2350 Recte
1120 2292 1239 2349 risendi
1253 2293 1366 2365 potaris
1381 2297 1410 2350 et
1423 2293 1537 2364 dogma
1554 2291 1709 2366 loquendi.

136 2370 196 2426 llas
210 2371 279 2440 beili
292 2381 387 2432 sortes
402 2377 464 2434 scio
478 2394 539 2434 nou
556 2380 670 2436 sociare
683 2379 830 2437 cohortes.
1022 2388 1087 2440 tlaec
1103 2383 1127 2438 si
1140 2383 1317 2453 contemnis,
1332 2399 1385 2440 seu
1397 2386 1546 2439 nostrates
1560 2379 1767 2457 reprehendis,

137 2459 217 2522 Quas
228 2459 252 2514 si
266 2462 421 2535 conducis,
436 2466 564 2523 tenebris
578 2467 634 2524 dus
648 2468 753 2524 munia
766 2468 851 2524 lucis.
1021 2472 1162 2529 Herculea
1174 2471 1251 2528 fibra
1265 2487 1402 2528 crescens
1417 2471 1577 2529 siccabitur
1590 2472 1698 2545 hydra,

136 2545 256 2604 Talibus
267 2547 383 2622 offensi,
399 2554 446 2610 vel
461 2556 601 2612 caelicolas
612 2557 794 2630 reprehensi.
1020 2566 1060 2619 lle
1074 2561 1223 2635 nobisque
1236 2561 1314 2618 mori
1328 2560 1382 2618 tibi
1394 2577 1475 2618 nunc
1489 2565 1640 2630 continget
1653 2561 1773 2618 honori.

135 2635 173 2689 Te
188 2649 248 2691 uon
262 2643 421 2708 sectantur,
435 2643 488 2699 sed
503 2644 663 2701 nobiscnm
678 2645 867 2702 comitantur.
1019 2655 1077 2707 Nos
1092 2667 1154 2707 non
1169 2650 1317 2716 devinces,
1333 2647 1401 2706 licet
1415 2649 1521 2706 interni
1536 2650 1589 2706 tihi
1603 2649 1744 2723 princeps

136 2725 257 2782 Tutores
269 2731 372 2800 nostri,
389 2747 466 2806 quos
480 2737 512 2788 tu
525 2749 585 2792 non
600 2751 734 2807 querere
746 2735 834 2792 nosti.
1019 2739 1169 2796 internum
1182 2739 1308 2812 linquat,
1327 2737 1369 2794 sic
1385 2738 1559 2796 auxiliando
1573 2738 1768 2812 propinquat

137 2812 195 2868 Sed
208 2815 378 2876 seductores
393 2819 535 2894 sequaris,
551 2823 633 2894 quod
646 2822 807 2895 postmodo
819 2823 928 2896 plores,
1018 2826 1144 2883 Perdere
1158 2825 1313 2900 compellis
1326 2842 1382 2883 nos
1396 2831 1434 2894 te,
1450 2826 1617 2900 pugnaudo
1632 2827 1759 2899 repellis.

136 2899 215 2956 Vivis
231 2902 362 2963 defuncti
378 2908 402 2964 si
418 2909 475 2966 sint
489 2911 651 2967 certamine
661 2912 768 2982 juncti.
1019 2920 1060 2973 Ex
1073 2916 1130 2972 hoo
1145 2916 1282 2982 desistas,
1300 2915 1360 2973 ulla
1373 2916 1488 2973 ratione
1502 2916 1633 2972 resistas.

137 2988 219 3048 lianc
231 3001 416 3054 armaturam
432 2999 493 3055 scio
507 3015 568 3055 uon
583 3000 671 3057 nobis
687 3001 864 3059 nocituram.
1020 3004 1084 3060 istic
1099 3004 1306 3077 praescriptum
1317 3003 1439 3062 metrico
1451 3003 1658 3062 modulamine
1670 3004 1797 3064 dictum.

137 3079 203 3136 Jam
219 3080 374 3157 denatura,
390 3087 446 3143 nisi
458 3087 615 3145 discedant
629 3107 684 3146 sua
696 3091 775 3162 jura.
984 3056 1004 3112 C
1019 3096 1092 3152 Cum
1103 3109 1209 3166 precor
1220 3094 1244 3164 ej
1250 3110 1285 3150 us
1296 3108 1397 3166 opem,
1409 3109 1463 3150 nec
1474 3109 1535 3149 non
1547 3094 1718 3151 venerabile
1726 3111 1851 3167 nomen,

138 3167 196 3225 Sed
210 3186 263 3226 cur
276 3172 319 3228 vis
331 3179 448 3247 austes,
465 3178 602 3251 proprios
615 3179 761 3238 dimittere
775 3180 902 3253 postes?
940 3227 943 3234 .
1016 3184 1057 3238 De
1073 3183 1159 3255 cujus
1172 3182 1260 3240 donis
1275 3182 1401 3240 modulo
1414 3183 1524 3252 fungor
1541 3183 1675 3249 rationis,

137 3255 189 3312 Hic
204 3260 236 3314 tu
248 3263 368 3333 pervilis
382 3263 491 3323 nostris
508 3268 689 3340 superabere
701 3267 770 3341 pilis
1019 3271 1147 3329 credens
1162 3271 1287 3328 dicentis
1300 3271 1342 3328 sic
1358 3271 1510 3344 scripturas
1522 3271 1721 3330 documentis.

138 3348 215 3405 istuc
229 3352 320 3423 ceriti,
335 3356 460 3426 nugacis
474 3357 576 3430 nilque
590 3357 675 3430 periti
1019 3359 1142 3416 Nomine
1155 3360 1277 3430 signetis
1293 3361 1410 3418 Domini
1425 3376 1489 3434 vos,
1506 3360 1651 3434 quicquid
1663 3362 1762 3432 egeus.

136 3436 164 3491 Si
179 3441 230 3496 tna
244 3443 417 3512 procedant,
434 3449 462 3500 et
476 3461 532 3500 nos
545 3445 680 3502 convicia
691 3447 812 3520 iadaut,
1018 3447 1107 3504 Nobis
1119 3449 1259 3506 ductores
1273 3449 1359 3505 verbi
1371 3449 1444 3506 dum
1459 3464 1553 3522 posco
1568 3449 1673 3507 satoris

136 3528 234 3584 Fortes
249 3530 384 3596 athletas,
401 3532 572 3604 poterisque
586 3533 687 3592 videre
698 3539 813 3606 poetas.
1016 3541 1130 3607 Agrum
1145 3536 1281 3595 divinum
1294 3538 1463 3612 plantantes
1477 3540 1592 3596 semine
1604 3539 1735 3613 primum.

135 3618 305 3690 Numquam
318 3618 466 3688 cedentes,
480 3635 550 3675 oum
563 3624 594 3677 tu
608 3621 750 3690 tugiendo
764 3623 884 3678 clientes

134 3703 209 3762 Alvo
223 3706 319 3762 divisa
333 3721 445 3778 pereas
452 3711 586 3764 nostrata
600 3709 709 3766 sarissa
724 3711 798 3778 [cod.
811 3712 926 3784 sarisa].
1295 3715 1423 3788 (Cretera
1435 3717 1533 3774 deesse
1542 3717 1703 3786 uideatur-,t

141 3880 1849 3927 mm

817 4037 888 4082 sura
903 4039 1007 4091 unsrun
1020 4040 1162 4081 sncrnun.

673 4139 1339 4369 nunnnnunns

781 4470 894 4534 ABBAS
921 4470 1189 4528 TEGERNSENSIS.

560 4747 987 4898 nonnullibi
1024 4764 1411 4894 EPISTOLAE.

513 4985 620 5063 (Edidit
633 4989 665 5044 n.
681 4987 712 5043 P.
728 4991 840 5064 Pszrus,
858 4990 1027 5052 Thesaurus
1041 4994 1186 5059 Anecdot.
1202 5012 1282 5068 nou,
1297 4999 1331 5070 V,
1346 5015 1368 5070 1,
1382 5003 1457 5070 135.)

537 5303 547 5356 t
970 5306 994 5358 ฮ
1045 5305 1126 5362 Sicut
1138 5307 1230 5363 Jacob
1244 5307 1348 5364 revixit
1359 5323 1429 5365 cum
1440 5309 1550 5382 ioseph
1564 5309 1852 5380 vivereaudivit,ita

128 5399 178 5455 ฮฮฑ
190 5401 318 5472 fratrem
333 5417 429 5476 suum,
450 5419 534 5476 qum
550 5407 650 5464 adhuc
673 5409 771 5464 โivm
794 5410 915 5482 wuda,
929 5415 956 5468 et
998 5398 1115 5450 nostra
1128 5395 1188 5452 vita
1197 5401 1266 5470 post
1277 5397 1401 5454 mentita
1415 5396 1520 5456 funera
1534 5403 1633 5455 vestra
1644 5400 1754 5471 grandi
1766 5416 1851 5472 gau-

387 5485 391 5494 '
436 5477 477 5532 ud
489 5491 520 5534 se
533 5479 651 5535 tandm.
1010 5483 1060 5539 dio
1069 5483 1227 5541 hilarescit.
1241 5489 1275 5542 nt
1289 5487 1446 5560 quondam
1458 5487 1690 5562 spopondimus,
1701 5489 1731 5545 in
1742 5495 1853 5550 vestra

164 5561 356 5632 Essenrunus,
376 5563 481 5622 Christi
495 5565 678 5624 teminorum
701 5583 814 5640 servus,
830 5569 955 5627 dilectis-
1011 5569 1167 5630 dilectione
1178 5579 1348 5632 constanter
1358 5575 1458 5632 adhuc
1469 5575 1672 5634 indubitanter
1682 5593 1850 5650 permaneฮ

128 5647 207 5710 simo
223 5647 315 5712 tratri.
1009 5661 1849 5747 musโuimiumqusdesideramussosvidereiulocoquu
