3990 6184
122 177 193 238 isos
338 173 340 176 ·
940 166 1030 232 nrt.
1364 150 1366 160 '
1443 191 1447 195 ·
1759 171 1827 234 stes

120 299 242 360 additus
257 301 313 364 est,
327 295 379 354 ubi
399 295 464 354 nec
479 294 505 354 le
528 297 632 356 untur:
645 295 702 354 Ha
715 299 787 354 sunt
800 291 1014 378 sollemnitates
1027 291 1068 350 ad
1083 290 1241 376 contutans
1262 293 1387 368 proprie
1399 294 1591 378 pertinentes.
1611 295 1739 358 tiniensi,
1754 298 1825 358 tuo.

119 371 273 428 Dedicutio
287 368 476 450 Ecclesiae.
520 379 567 422 oo.
580 367 671 422 Mart.
684 365 806 424 Geroins
819 364 945 446 olibetu.
958 378 986 420 u.
995 363 1067 420 idus
1078 363 1256 430 Decembres,
1273 363 1421 450 Depositso
1432 367 1530 422 suncti
1538 367 1730 438 Angelrunui
1738 367 1828 426 ubba·

119 443 277 570 &cmiii
292 441 364 507 Quee
389 436 707 511 iudicassesuillciat3
729 437 794 508 jam
818 451 883 508 eJus
906 438 991 506 gesta
1014 435 1194 508 exponenda
1215 439 1468 510 suut,1nterquae
1493 435 1631 508 odelgeri
1654 438 1827 496 encomium

721 814 1003 936 INCIPIT
1051 813 1227 933 VITA

157 1039 182 1091 i.
203 1035 276 1092 Cum
302 1032 392 1104 igitur
414 1031 513 1090 omnis
526 1030 659 1092 mundus
675 1029 821 1101 Unigeniti
837 1028 887 1086 uei
899 1028 949 1086 de·
967 1027 1170 1102 ningelardo,
1187 1043 1249 1088 uon
1264 1027 1390 1088 minima
1402 1027 1569 1086 reverentie
1581 1026 1685 1099 duno,
1700 1027 1828 1098 noenta,

118 1123 274 1180 scansione
289 1139 343 1195 per
362 1120 460 1181 carnis
482 1121 720 1194 assumptionem
736 1137 766 1178 se
785 1119 950 1191 gratuletur
1002 1117 1230 1191 longeeeposita
1245 1121 1448 1180 mrunnsest
1458 1115 1631 1177 scholarum
1645 1116 1829 1188 magisteria,

118 1215 319 1287 redemptum,
334 1211 430 1286 sitque
445 1211 623 1270 universalis
644 1210 797 1278 exultatio,
812 1209 949 1270 liberatio
1002 1223 1086 1268 more
1097 1206 1831 1281 seibeetprudantissimeapn,qunoireuitdiver·

118 1303 298 1373 communis,
310 1301 467 1377 proprium
480 1304 582 1360 tamen
594 1301 798 1373 quorumdam
812 1300 948 1362 iocorum
1002 1312 1104 1357 sorum
1115 1297 1223 1356 ilerum
1234 1296 1404 1364 arbustant
1415 1296 1511 1356 meliis
1520 1295 1644 1356 dulcore
1655 1311 1711 1356 sua
1717 1295 1831 1369 repleat

118 1393 303 1464 dignoscitur
315 1407 380 1450 esse
398 1389 543 1462 gaudium
557 1390 636 1448 viros
649 1391 792 1450 babuisse
805 1392 881 1451 tales
895 1391 948 1464 qui
1001 1386 1198 1459 receptacula.
1213 1385 1344 1460 benique
1354 1387 1522 1448 multorum
1531 1383 1713 1459 experientia
1722 1384 1832 1459 proba·

118 1482 283 1544 sanctiatis
309 1497 344 1538 sc
372 1480 515 1542 doctrine
536 1480 735 1553 prerogotiva
759 1483 860 1538 Patras
886 1497 948 1538 nou
1001 1480 1076 1543 tum,
1092 1479 1121 1534 et
1133 1475 1306 1536 liberalibus
1331 1475 1436 1534 studiis
1456 1475 1683 1535 ornatissimum
1704 1473 1831 1534 elvitetis

117 1571 267 1630 immerito
282 1574 427 1630 vocantur
442 1575 471 1628 et
484 1575 628 1642 pastores.
646 1569 708 1628 lloo
723 1567 876 1642 privilegio
896 1581 948 1640 po
1002 1568 1175 1622 Carnotenae
1188 1565 1390 1624 venerabilem
1403 1566 1593 1638 episcopum,
1602 1581 1638 1626 ac
1651 1579 1721 1624 oum
1735 1564 1830 1624 multo

117 1661 179 1731 tite,
195 1660 253 1718 situ
267 1663 297 1717 et
310 1659 433 1718 nomina
446 1659 543 1720 dulcis
557 1659 682 1721 pontiva
696 1657 862 1732 provincia,
875 1672 948 1728 pre·
1000 1655 1115 1714 honore
1156 1655 1349 1714 vocitandum
1393 1653 1583 1723 lutbertum,
1616 1656 1831 1726 preceptorem

118 1749 267 1808 celsorum
281 1748 391 1821 sapius
403 1749 503 1808 letata
516 1753 560 1808 est
569 1748 705 1808 vivorum
716 1747 862 1816 genitura.
880 1749 947 1817 ipsa
1001 1743 1128 1817 adeptus
1142 1748 1287 1816 astatque
1300 1742 1488 1804 didascalum
1500 1761 1507 1811 ;
1526 1742 1575 1802 hie
1586 1741 1613 1800 ei
1627 1741 1766 1809 munitm,
1782 1740 1831 1800 hie

117 1838 248 1911 donnus
270 1835 343 1896 illud
359 1836 613 1906 fulgentissimum
628 1835 721 1901 sidus,
737 1836 860 1894 beatum
874 1833 948 1894 scill-
1001 1841 1063 1894 tam
1078 1851 1198 1896 morum
1219 1850 1313 1907 quam
1326 1833 1492 1894 literarum
1515 1833 1571 1894 luit
1581 1831 1741 1894 munuc.
1757 1833 1832 1892 Gau-

64 1939 73 1948 ·
118 1931 164 1983 oet
179 1925 359 1990 illoharium,
373 1925 446 1984 olm
467 1923 599 1998 protulit,
620 1925 706 1996 cujus
730 1923 896 1996 patrocinio
919 1927 948 1980 at
1001 1923 1285 1984 dehatveuerabiiis
1299 1923 1410 1997 presul
1424 1923 1462 1984 da
1477 1923 1550 1982 tanti
1563 1921 1702 1995 discipuli
1714 1921 1830 1990 muno,

118 2014 265 2087 corporali
281 2015 441 2088 prasentia
465 2030 497 2073 se
518 2015 639 2073 beatmn
663 2013 790 2075 exsultat
812 2011 944 2072 centulo.
1000 2012 1191 2072 relevabatur
1210 2018 1273 2072 tam
1295 2012 1397 2072 Idonei
1421 2010 1567 2072 auditoris
1582 2009 1729 2072 industria
1742 2011 1831 2083 stqm

117 2106 186 2176 ipsa
201 2104 290 2162 etiam
303 2109 373 2176 post
386 2103 453 2162 illos
466 2119 544 2175 quos
557 2119 648 2175 supra
663 2102 809 2161 meruisse
827 2102 945 2172 legitur,
1000 2103 1131 2174 ingenio.
1145 2103 1278 2164 laudem
1291 2102 1382 2174 igitur
1393 2101 1729 2174 cismontanorum
1740 2105 1832 2175 atqua

117 2193 253 2262 gloriose
268 2191 483 2250 recordationis
497 2191 597 2250 virum
610 2191 771 2265 protulisse
786 2191 876 2252 scitur
891 2197 948 2248 An·
1000 2192 1155 2252 dialectiea
1178 2193 1291 2266 optime
1319 2191 1508 2259 insuuctum,
1536 2190 1691 2252 centulam
1711 2189 1833 2250 remittit

117 2281 305 2352 galrannum,
330 2279 384 2354 qui
409 2279 556 2353 quoniam
579 2295 702 2341 omnem
732 2281 779 2340 sui
803 2281 946 2355 temporis
1000 2283 1128 2342 monem
1143 2281 1376 2348 amicissimum,
1390 2281 1455 2352 jaus
1471 2285 1541 2340 tunc
1565 2278 1833 2342 smsmonooroe

116 2370 238 2428 laudem
247 2369 372 2438 arcadii,
385 2369 431 2430 sui
444 2369 575 2430 nominis
585 2370 764 2431 memoriam
777 2386 948 2442 usquaque-
966 2385 986 2438 B
1002 2375 1075 2440 tum,
1092 2385 1194 2442 quern,
1210 2369 1292 2428 velut
1304 2367 1452 2438 grandem
1465 2369 1655 2438 masuram,
1664 2366 1769 2440 recipit
1781 2367 1833 2440 pia

117 2475 176 2532 qne
191 2458 351 2532 protendit.
1001 2459 1195 2530 congregatio
1207 2457 1440 2524 Centuiausium.
1455 2457 1527 2516 lliuu
1539 2454 1705 2529 jamquod
1719 2454 1833 2526 innoti

152 2552 179 2606 t.
200 2550 292 2606 Natus
307 2551 351 2604 esi
364 2546 573 2620 angerannus
588 2546 682 2606 deiier
695 2546 871 2621 parentibus
881 2548 949 2620 jux·
1002 2547 1101 2606 studio
1115 2546 1212 2606 iuerat
1223 2545 1394 2620 quaesitum,
1410 2543 1559 2618 protertur
1570 2559 1691 2615 magun
1702 2543 1832 2606 sonatio

119 2642 148 2695 ta
162 2637 261 2695 ssscuii
282 2651 429 2711 pompam
454 2652 517 2696 uon
536 2636 612 2698 adeo
632 2638 793 2708 generosis,
809 2638 948 2710 mamus
1001 2637 1189 2711 precipuum
1203 2635 1412 2708 margaritum,
1420 2637 1599 2709 reparantur
1609 2634 1688 2705 libri,
1702 2634 1833 2696 eonmri·

118 2727 242 2786 omuido
255 2725 405 2796 ingenuis,
417 2726 470 2786 sed
482 2726 571 2800 piane
583 2726 750 2788 Deitimore
764 2727 949 2798 elegantissi-
1001 2726 1116 2786 buutur
1133 2725 1265 2786 necdum
1288 2724 1458 2798 conscripti,
1483 2724 1650 2784 nocentur
1675 2722 1771 2801 pueri,
1789 2721 1834 2783 di·

118 2817 195 2884 mis;
216 2816 269 2890 qui
283 2821 405 2888 quentin
427 2815 578 2889 opinionis
591 2831 747 2889 quamque
762 2817 834 2874 boni
848 2816 948 2876 odoris
1002 2815 1185 2889 spernuntur
1206 2829 1301 2888 qnam
1322 2813 1459 2886 plurimis
1474 2812 1627 2887 sopenna
1641 2810 1783 2880 neuun,
1797 2810 1833 2872 il-

118 2907 192 2964 ioret
201 2907 331 2979 iuturus,
342 2912 410 2964 ante
424 2923 511 2966 snum
524 2907 711 2965 nativitatem
725 2908 865 2966 divinitus
876 2923 949 2981 pree-
1002 2905 1147 2966 lustratur
1160 2904 1268 2979 patric,
1283 2907 1312 2964 ei
1331 2903 1371 2962 ab
1385 2901 1529 2962 omnibns
1542 2901 1779 2976 doumqueque
1793 2899 1833 2962 le

118 3001 319 3054 monstratum
333 3001 386 3054 est.
402 2996 625 3070 VidItuamque
643 2998 708 3069 ejus
723 2996 860 3068 genitrix,
875 3013 948 3070 que
1002 2995 1042 3056 lix
1071 2999 1197 3054 vocatur
1226 2993 1360 3065 Geutula,
1389 3009 1459 3066 quae
1484 2995 1568 3055 noto
1599 2991 1835 3066 emundatur

118 3087 189 3144 dam
203 3086 356 3144 dormiens
370 3091 469 3154 nocte,
484 3087 571 3160 quasi
593 3103 630 3144 ex
653 3103 685 3143 sc
709 3085 814 3146 leuiter
836 3091 948 3146 sertum
1002 3089 1087 3145 Patre
1100 3083 1231 3144 heende.
1249 3085 1359 3143 Verum
1378 3081 1483 3157 populi
1496 3081 1528 3142 id
1541 3080 1606 3144 neri
1617 3080 1769 3152 metatis
1784 3095 1836 3140 vc»

117 3175 287 3250 procedere,
312 3174 407 3248 quod,
431 3173 523 3232 totius
546 3175 676 3232 centula
699 3191 803 3234 muros
822 3175 948 3250 precin-
1002 3173 1110 3235 luntaii
1125 3178 1154 3232 et
1168 3171 1318 3234 desiderio
1330 3170 1400 3232 iebx
1412 3170 1537 3232 monuit
1550 3169 1684 3232 effaetus.

118 3280 201 3336 gens,
213 3264 350 3324 omnium
362 3280 416 3322 ora
430 3263 461 3320 in
476 3263 523 3320 sui
537 3263 660 3322 laudem
675 3268 704 3322 et
716 3263 947 3324 admirationem
1038 3266 1066 3322 l.
1087 3263 1129 3320 llo
1143 3266 1277 3336 tempore
1290 3275 1344 3320 rex
1359 3258 1516 3330 noberns,
1529 3255 1698 3332 umente
1720 3257 1834 3320 umine

118 3351 270 3412 solvebat:
293 3353 376 3426 quod
401 3356 563 3426 postqum
584 3351 724 3421 religiosa
750 3352 858 3410 marito
880 3351 948 3412 iusi·
1003 3352 1112 3414 ebrus.
1127 3351 1212 3422 regui
1236 3353 1420 3411 &ancorum
1443 3351 1512 3422 post
1536 3351 1654 3421 panem
1678 3349 1835 3418 lingonen

117 3442 231 3514 nuavit,
245 3441 302 3510 ille,
319 3441 414 3514 gratis
429 3442 502 3502 doni
515 3441 639 3500 celestis
659 3441 789 3511 afflatus,
805 3442 880 3500 dlxii
893 3458 948 3516 pro
1003 3442 1208 3500 illustrabatur
1221 3439 1374 3508 insanust
1395 3437 1443 3498 oui
1456 3441 1533 3500 nutu
1554 3437 1668 3506 divino,
1685 3440 1718 3496 ut
1739 3435 1835 3496 eredi-

118 3537 198 3590 certo
221 3533 280 3590 hoc
304 3532 365 3589 lore
391 3531 574 3605 presagium
598 3532 717 3606 optime
741 3531 833 3605 prolis
855 3547 949 3604 quam
1003 3547 1082 3598 mus,
1094 3530 1273 3603 sepedictus
1283 3529 1329 3588 vir
1344 3527 1395 3588 tali
1409 3527 1501 3588 mmo
1513 3525 1638 3588 retertur
1653 3524 1835 3586 notifintus.

120 3621 236 3678 Domini
249 3622 331 3678 dono
341 3622 478 3694 proxime
491 3627 592 3679 essem
604 3621 841 3694 acceptumque
853 3621 949 3682 bono·
1005 3621 1079 3678 cum
1095 3619 1175 3676 enisu
1190 3618 1291 3678 adhue
1305 3618 1336 3676 in
1348 3617 1481 3676 Francia
1505 3614 1642 3688 partibus
1656 3613 1838 3676 counernur

118 3725 186 3767 rum
212 3710 306 3766 odore
321 3725 447 3783 operum
471 3710 629 3766 universos
652 3709 776 3766 afflaret.
793 3710 845 3766 Ilio
866 3727 948 3781 ergo,
969 3708 1169 3799 CdisoipIInis
1180 3706 1379 3773 scholaribus,
1395 3705 1587 3780 supradictus
1596 3703 1837 3765 sumnonem

118 3799 206 3856 boue
228 3797 338 3855 indolis
362 3813 426 3854 esse
448 3797 593 3870 incipieus
617 3797 819 3870 profundique
842 3815 950 3856 sensus
1004 3798 1093 3855 boore
1106 3795 1268 3854 voluntatis
1289 3793 1447 3856 devotione
1470 3799 1517 3852 est
1537 3797 1677 3860 conetus;
1702 3791 1837 3864 dumque

121 3888 260 3946 acumina
275 3887 389 3958 vigens,
403 3886 481 3944 inlra
504 3903 603 3942 sevum
623 3886 735 3959 puerile
759 3891 893 3959 repertur
907 3889 951 3946 est
1002 3887 1090 3956 iussu
1115 3886 1180 3955 ejus
1203 3883 1328 3942 diversis
1356 3883 1387 3944 in
1413 3881 1487 3940 Ioula
1512 3883 1719 3955 quaererentur
1742 3876 1837 3939 divini

119 3977 149 4032 in
181 3976 285 4034 litteus
318 3974 470 4034 discendis
496 3974 712 4031 ferventissime
739 3974 858 4034 ardens.
885 3978 951 4034 iam
1005 3973 1115 4032 servitii
1134 3971 1221 4045 plene
1248 3971 1355 4030 lmbnti
1380 3968 1498 4038 officiis,
1514 3969 1554 4032 ab
1569 3967 1712 4028 omnibus
1728 3965 1837 4040 pred·

119 4067 211 4130 enim,
230 4069 289 4122 ilco
305 4081 336 4122 sa
349 4064 525 4138 inspirante,
542 4063 622 4120 idam
638 4079 713 4136 puer
727 4063 853 4136 qulnam
876 4065 952 4124 lutu-
1005 4068 1089 4120 catus
1110 4064 1155 4118 est
1168 4058 1275 4120 efficax
1289 4059 1347 4120 huo
1365 4058 1396 4118 in
1410 4073 1442 4118 re
1457 4055 1665 4130 ungcncunus
1679 4054 1837 4116 veneren-

119 4173 171 4213 rus
194 4157 270 4216 toret
292 4154 439 4228 presagio
463 4153 598 4228 quodam
622 4153 812 4222 ostentabnt;
838 4159 866 4214 et
881 4171 951 4212 cnm
1004 4151 1050 4210 lis.
1068 4153 1171 4222 itaque
1194 4146 1377 4221 profectione
1399 4148 1504 4218 parata
1526 4159 1579 4204 rex
1599 4142 1705 4204 callem
1722 4141 1837 4215 arripit,

121 4245 265 4319 sorIptun
289 4244 343 4300 sil:
368 4244 480 4300 Animo
497 4245 585 4313 justi,
612 4243 692 4300 sedes
716 4244 882 4313 supientiae,
904 4245 953 4302 Sa·
1005 4239 1052 4295 oui
1068 4236 1276 4308 angelrannus
1291 4232 1503 4296 honestissima
1515 4232 1578 4294 viss
1596 4247 1697 4292 eomes
1712 4230 1836 4294 condi,

120 4334 231 4409 pientia
255 4348 326 4390 vero
351 4333 402 4390 liei
424 4331 770 4400 consecraneorum
795 4333 952 4405 Sapientiae
1006 4325 1126 4386 iuterim
1147 4325 1221 4388 dum
1236 4323 1426 4394 gradiuntur,
1441 4321 1551 4386 divine
1572 4321 1718 4384 hunnus
1738 4319 1838 4383 occui-

121 4423 368 4498 prresignabalse
384 4426 529 4496 tempium
543 4421 875 4489 fieri,dumlittenatnm
890 4437 952 4482 non
1005 4423 1072 4474 tuln
1111 4414 1199 4474 lollii!
1237 4413 1426 4486 aperiuntur.
1457 4409 1706 4486 prndlntllossum
1746 4407 1839 4470 wib*

121 4517 239 4586 poterat
265 4511 388 4571 scientia
411 4510 522 4567 satiari.
549 4513 582 4567 Et
608 4509 770 4583 quia'non
798 4509 952 4568 lasciviam
1006 4505 1182 4581 procedunt.
1194 4501 1430 4563 commeantium
1445 4501 1538 4564 eorda
1552 4499 1715 4562 iulnuduut
1729 4515 1735 4566 ;
1751 4496 1840 4558 inira·

123 4599 230 4660 mundi
245 4598 395 4673 amplecti
413 4599 465 4656 sed
481 4598 531 4656 Dei
553 4598 672 4656 servitio
687 4599 833 4672 perpetim
848 4599 955 4658 maluit
1006 4601 1054 4654 tur
1068 4611 1119 4654 rex
1132 4595 1198 4667 ejus
1211 4592 1366 4664 affamina,
1381 4590 1545 4654 delectatur
1569 4584 1748 4648 coomeutn
1769 4585 1838 4648 vite

125 4689 303 4764 lenocinari,
318 4687 479 4746 mouaobssi
495 4691 601 4746 anctus
616 4693 660 4746 est
675 4692 744 4758 tsgn
762 4687 840 4746 intra
854 4688 954 4746 Sancti
1007 4685 1166 4748 munditie,
1193 4684 1411 4757 obstupescunt
1435 4693 1542 4740 omues
1564 4676 1676 4748 ungue
1700 4675 1839 4748 nitorem,

3 4781 4 4788 ’
124 4779 252 4838 ltioharii
276 4778 449 4836 monasterii
473 4777 622 4834 claustra:
648 4777 717 4833 dein
743 4777 852 4839 divinis
867 4777 955 4834 donis
1007 4781 1178 4836 reverentur
1188 4773 1281 4832 animi
1296 4772 1465 4845 porinum.
1483 4769 1591 4828 Varum
1613 4765 1700 4839 qood
1718 4766 1749 4826 in
1772 4765 1839 4838 ipso

3 4867 4 4870 ’
124 4885 194 4928 cum
208 4873 294 4926 relate
315 4866 526 4931 crescentibus,
541 4866 678 4923 habItum
701 4881 793 4938 quem
814 4867 955 4924 humanis
1007 4866 1110 4924 itinere
1124 4863 1252 4921 relatum
1266 4863 1310 4918 est
1325 4863 1443 4930 gestum
1459 4855 1561 4924 luisse,
1579 4855 1707 4928 dignum
1721 4853 1840 4916 videtur

125 4957 304 5032 preferebat
316 4955 480 5026 obtutibus,
494 4955 679 5013 multimoda
695 4955 858 5013 sanctitatis
873 4972 956 5012 exor-
1008 4954 1097 5012 inseri
1119 4951 1268 5017 historioe3
1296 4948 1320 5004 si
1339 4947 1463 5020 quidem
1478 4945 1657 5003 multimoda
1673 4943 1838 5000 assertione

124 5049 218 5110 nabat
230 5047 398 5124 speciebus.
410 5048 506 5104 luerat
516 5045 542 5104 ei
552 5050 648 5102 mater
661 5049 689 5102 el
703 5046 802 5106 nutrix
813 5045 956 5106 uitulum
1010 5043 1179 5101 insinuatus
1191 5043 1235 5096 est
1258 5037 1299 5094 ita
1313 5053 1366 5112 per
1381 5051 1482 5092 omem
1497 5034 1576 5094 viam
1598 5035 1658 5090 lieo
1672 5031 1795 5114 regique
1808 5031 1839 5094 In

124 5137 289 5206 humilitus,
303 5134 499 5210 prepollebat
513 5133 542 5190 in
556 5149 591 5190 eo
606 5133 781 5195 obedientiae
796 5135 956 5197 indicibilis
1010 5131 1112 5192 divino
1134 5127 1253 5186 servitio
1277 5126 1434 5192 militasse,
1457 5129 1490 5184 ui
1515 5123 1661 5186 librorum
1681 5137 1839 5200 uunquam

3 5223 5 5228 ’
43 5293 45 5299 ,
125 5228 265 5304 qualitas,
295 5224 532 5284 conservabatur
559 5223 599 5280 ab
623 5239 659 5280 eo
686 5224 736 5282 illa
759 5242 827 5300 quoe
857 5226 956 5286 odisse
1010 5217 1277 5289 indigueritjuvnri
1293 5215 1440 5277 solamine
1453 5232 1460 5282 ;
1474 5213 1559 5288 quod
1573 5211 1686 5276 conen
1700 5209 1838 5286 ponent,

4 5373 5 5376 ,
125 5333 312 5392 quemqnam
325 5315 419 5372 nescii
433 5313 572 5370 ebaritas.
1010 5325 1072 5366 non
1105 5309 1212 5364 luentes
1242 5305 1386 5380 judicent,
1421 5303 1474 5360 sed
1507 5301 1634 5360 studiosi
1668 5299 1840 5366 examinent

162 5409 188 5466 ³.
206 5405 363 5466 Enimvero
373 5403 455 5477 qnia,
467 5407 500 5460 ut
512 5400 719 5476 supradictum
735 5405 788 5470 est,
800 5401 830 5458 in
843 5403 957 5460 discen·
1011 5398 1101 5470 igitur
1114 5397 1242 5456 Romam
1257 5398 1446 5473 perventum,
1464 5395 1554 5470 atque
1576 5389 1646 5450 iude
1660 5387 1781 5450 iellolter
1794 5392 1840 5446 en

3 5521 5 5590 ὲ
127 5493 308 5554 demultum
324 5491 480 5566 gliscebat,
491 5494 610 5566 recepta
624 5505 643 5546 a
656 5491 739 5548 Putre
751 5487 818 5557 loct,
835 5491 957 5551 uomiue
1011 5493 1176 5546 remeatum
1192 5485 1241 5562 (i).

3 5709 8 5748 l

164 5636 203 5710 (i)
222 5637 393 5695 Romanum
415 5631 534 5692 Roberti
558 5633 613 5692 iter
634 5635 853 5692 commemorat
871 5636 956 5690 vetus
1001 5627 1193 5696 ,ehrcncum
1219 5643 1238 5690 e
1263 5625 1357 5688 nesto
1379 5623 1547 5692 laudatum,
1560 5621 1644 5706 quod
1666 5636 1748 5686 mo
1772 5625 1840 5684 toto
