3984 6182
207 172 260 225 975
738 159 950 216 llEGlNFlililll
968 157 1194 217 MAGDEBURG.
1215 111 1388 215 MAGlSTlll.
1870 160 1913 211 tlt

206 293 292 364 birat,
306 307 410 348 verum
427 287 466 344 illi
488 291 571 344 tanta
582 283 723 342 sedulitas
739 283 899 342 Dominieae
927 284 1034 341 messis
1054 288 1079 339 A
1093 281 1269 338 conterritus
1301 285 1390 349 meta,
1415 279 1543 336 devenit.
1575 277 1630 335 Ubi
1661 293 1729 334 cum
1758 275 1917 334 dailnemb

208 382 322 448 inarsit,
337 384 369 436 ut
383 377 555 448 adiacentes
571 374 723 431 Gallorum
754 373 941 446 aliarumque
968 389 1037 445 gen·
1093 372 1179 428 Histri
1193 371 1325 428 fluminis
1340 369 1501 443 imperinm
1516 371 1699 442 sequeretur.
1724 367 1917 425 Ratisbonam

208 472 280 527 lium
301 464 472 540 provincias
502 462 542 520 ad
567 462 647 519 littus
674 462 777 518 solidae
801 461 1038 519 conversationis
1092 463 1128 534 (2)
1145 461 1268 518 accessit
1283 460 1391 517 urbem
1403 476 1473 533 quae
1488 457 1561 514 olim
1576 457 1665 514 bidus
1692 455 1879 525 Germanice,
1896 463 1918 513 et

207 560 298 613 lramo
314 553 387 610 Petri
402 554 571 610 attraheret.
596 555 784 626 Quapropter
808 547 1040 623 frequentabant
1091 550 1213 606 nomine
1223 553 1251 606 ct
1262 549 1409 621 dignitate
1424 547 1604 621 principum,
1618 551 1647 602 et
1660 545 1759 602 adbuc
1785 545 1916 616 ejusdem

207 644 309 700 sedem
324 644 389 716 ejus
403 643 550 714 religiosae
565 641 655 699 simul
669 645 697 697 et
711 640 912 696 indifferentes
938 653 1041 712 perso·
1092 640 1187 712 gentis
1212 637 1385 712 metropolis
1424 637 1554 710 antiquae
1577 635 1726 710 prosapiae
1752 639 1864 708 caput
1879 635 1919 688 ad

205 749 251 789 nra
263 732 443 806 complureS,
460 749 538 804 quas
553 730 629 787 odor
644 733 815 786 aromatum
831 729 895 800 ejus
910 744 928 784 a
941 743 1039 784 remo·
1090 735 1179 786 ventu
1195 727 1358 785 beatissimi
1387 725 1550 782 sacerdotis
1573 723 1779 781 ornatioribus
1799 722 1918 778 illustra-

207 822 332 878 liorihus
342 821 416 879 locis
427 819 681 893 adduxit‚quibus
691 818 788 875 [idelis
797 817 989 890 dispensator
1000 814 1039 872 ad
1091 818 1133 874 vit
1143 817 1236 874 fastus
1249 821 1277 872 et
1300 815 1432 887 insignia
1455 813 1622 871 victoriosa
1649 811 1746 884 gentis
1770 811 1919 883 triumpha

206 925 382 966 mensuram
398 910 545 982 cujusquo
560 907 731 981 depositum
762 923 851 963 suurn
877 905 1039 978 prudenter
1092 911 1247 980 concepta,
1269 922 1350 962 novo
1361 904 1445 979 pacis
1457 903 1607 977 preconio
1621 903 1652 959 in
1663 901 1774 958 melius
1787 917 1918 957 commu-

207 1000 366 1068 distribuit,
397 1004 430 1056 ut
457 1013 518 1055 non
546 998 647 1054 minus
668 996 706 1053 de
736 995 786 1052 illo
815 1011 910 1070 quam
924 993 1040 1051 dealiis
1092 1000 1163 1064 tata,
1178 994 1248 1050 fidei
1261 993 1363 1068 spoliis
1374 999 1403 1049 et
1414 997 1523 1050 ornatu
1535 996 1645 1049 sanctae
1673 989 1836 1062 rehgionis
1864 1005 1919 1044 am·

207 1090 380 1163 apostolicis
395 1089 466 1145 viris
484 1088 543 1144 dici
554 1091 657 1161 posset
668 1086 742 1143 illud
758 1084 868 1159 psalmi
884 1102 890 1140 :
906 1107 919 1134 «
936 1084 1041 1140 llluxa-
1093 1084 1206 1158 pliavit.

207 1183 276 1236 runt
292 1178 513 1235 coruscationes
527 1181 585 1233 tuae
597 1176 663 1232 orbi
671 1179 754 1232 tarrae
772 1175 869 1246 (Psoi.
896 1179 1007 1242 cxxvi).
1025 1195 1039 1222 a
1413 1173 1530 1232 CAPUT
1550 1176 1593 1229 vl.

207 1271 281 1324 Nam
294 1261 1038 1338 candensamorisignesupernidumincolligen-
1127 1266 1539 1335 Pannoniampettl.-Finea
1559 1265 1638 1319 later
1665 1263 1785 1332 Ungrca
1799 1261 1917 1330 etano

207 1354 253 1411 dis
268 1355 428 1413 animabus
445 1353 569 1424 singulis
586 1352 767 1426 paucitatem
782 1350 1041 1420 tructusadmag-
1092 1360 1152 1413 rios
1167 1357 1285 1414 deserti.
1301 1387 1336 1398 -
1360 1354 1456 1425 Hujus
1481 1352 1688 1410 monarchiam
1710 1349 1839 1407 Theodo
1867 1349 1916 1404 dur

207 1445 374 1501 nitudinem
395 1443 557 1500 voluntatis
582 1441 747 1500 excrevisse
771 1457 831 1496 non
857 1444 999 1507 cerneret,
1012 1443 1041 1495 et
1092 1447 1264 1522 provinciae,
1280 1445 1333 1518 qui
1344 1449 1414 1501 tunc
1424 1444 1566 1518 possedit,
1576 1445 1731 1515 comperto
1740 1439 1843 1496 sancti
1852 1455 1915 1512 pon.

206 1533 374 1604 indignatio
388 1549 489 1590 secum
505 1531 671 1606 reputantis
680 1530 842 1586 studiosuo
856 1529 966 1584 nullius
977 1543 1040 1584 mo·
1092 1537 1178 1593 tiliois
1191 1535 1323 1606 introitu,
1337 1533 1532 1606 adhibitoque
1547 1535 1720 1605 conspectu,
1753 1531 1835 1584 inter
1858 1529 1913 1586 alia

207 1623 300 1679 menti
316 1622 442 1678 donaret
455 1623 594 1694 pretium,
611 1617 1073 1692 interangustiasdlsceptan-13
1093 1644 1160 1700 quae
1176 1625 1213 1682 ait
1240 1640 1332 1680 eausa
1344 1621 1447 1690 exsilii,
1463 1625 1654 1694 percontatus
1662 1624 1715 1677 est.
1728 1618 1790 1686 Qui
1807 1618 1912 1674 nomiae

208 1712 242 1767 tis
256 1710 445 1767 conscientiae
460 1709 609 1783 perlatum
624 1711 669 1764 est
684 1709 723 1764 ad
737 1724 817 1779 eum,
827 1709 950 1775 Avares,
961 1723 1038 1780 quos
1092 1721 1121 1773 et
1135 1714 1257 1771 natione
1271 1712 1415 1786 exposite,
1431 1711 1594 1767 incolatum
1608 1709 1701 1767 nativi
1715 1708 1833 1764 liminis
1860 1723 1911 1780 pra

207 1801 271 1857 aliis
286 1801 464 1857 nominibus
481 1803 617 1855 Huncset
631 1796 1039 1870 Ungrosappellamus,Pan·
1092 1808 1194 1877 pterea
1208 1800 1374 1857 deseruisse
1387 1816 1418 1856 sc
1442 1798 1602 1872 perhibuit,
1626 1800 1659 1853 ut
1684 1795 1851 1852 Pannoniae
1872 1807 1912 1865 pc

206 1890 305 1947 noniae
329 1889 460 1946 incolatu
477 1887 652 1944 idololatriae
668 1886 806 1960 squalere
820 1888 950 1953 veterno,
967 1885 1038 1942 etin
1092 1890 1261 1967 pu10s‚qni
1291 1889 1391 1961 gentili
1419 1888 1532 1944 feritate
1558 1887 1657 1943 adhuc
1698 1885 1910 1948 effremuerant,

205 1981 271 2036 luce
288 1979 449 2036 multarum
465 1977 494 2034 id
510 1977 646 2033 locorum
670 1977 814 2046 gentium,
835 1974 915 2031 banc
939 1974 1038 2030 solam
1093 1978 1239 2036 conditori
1267 1976 1381 2035 Christo
1406 1974 1619 2044 reconciliaret,
1650 1977 1679 2030 et
1710 1972 1742 2028 in
1776 1973 1835 2028 hoc
1854 1986 1909 2042 pro·

205 2069 429 2128 veritatisdiem
445 2083 504 2124 non
521 2068 642 2123 habere.
657 2065 707 2123 llis
727 2066 836 2123 eliditis
852 2069 934 2122 tanto
958 2079 1038 2120 com·
1092 2069 1191 2144 posito
1220 2083 1305 2122 suam
1331 2066 1504 2136 conjurasse
1533 2063 1720 2128 sententiam,
1752 2059 1908 2117 utautroti

206 2175 314 2232 passus
330 2157 501 2213 animarum
517 2153 689 2227 dispendio,
705 2153 913 2224 agutudinem
939 2151 1039 2208 cordis
1092 2171 1217 2233 compos
1241 2154 1461 2227 professionem
1490 2151 1556 2207 vitea
1581 2166 1651 2207 cum
1665 2149 1825 2206 fructuosa
1848 2161 1907 2220 pere

206 2264 259 2320 spe
270 2245 481 2320 recuperandae
495 2245 590 2314 gentis
601 2242 751 2299 interdum
762 2242 875 2311 lenivit,
885 2240 1036 2297 interdum
1092 2243 1200 2313 finiret,
1212 2246 1264 2298 ant
1281 2241 1389 2297 devoto
1411 2239 1584 2302 certamine,
1599 2237 1784 2307 sanguinem
1811 2241 1905 2306 martyr

206 2335 397 2393 difficultates
410 2335 560 2404 itinerum,
589 2333 738 2405 peregrini
763 2347 862 2388 moros
889 2331 1037 2398 locorum,
1091 2333 1267 2389 effunderet.
1299 2331 1344 2386 Ad
1370 2330 1433 2385 haee
1455 2329 1557 2385 divino
1585 2327 1709 2384 consilio
1738 2329 1905 2399 praeventus.

209 2426 332 2482 allectus
361 2439 477 2490 eorum,
502 2439 579 2496 quos
601 2421 757 2478 relicturus
781 2426 854 2489 erat,
882 2423 1038 2493 respectus
1091 2423 1241 2493 duxintlt,
1258 2439 1288 2478 se
1306 2425 1366 2477 tam
1388 2421 1440 2493 pio
1468 2418 1567 2475 studio
1596 2417 1669 2474 nibil
1683 2433 1849 2490 opponere,
1871 2413 1904 2469 ni·

205 2512 385 2568 infirmitatis
400 2511 550 2583 humanae,
566 2511 675 2585 pedem
700 2509 921 2584 aliquantulum
944 2515 1037 2565 retra·
1090 2513 1133 2570 hil
1157 2517 1245 2570 tantae
1271 2509 1371 2566 virtuti
1383 2508 1517 2565 resistcre
1534 2507 1609 2576 ;nisi
1623 2505 1707 2580 quod
1728 2501 1904 2562 commeandi

205 2602 281 2658 hunt
303 2599 342 2657 ab
365 2600 500 2673 inceptis.
523 2603 612 2656 Porro
626 2599 799 2656 facultatem
810 2597 943 2655 oblatam
968 2598 1035 2666 sibi,
1090 2603 1263 2660 facultatem
1302 2598 1526 2673 impossibilitas
1561 2597 1701 2670 quaedam
1743 2595 1902 2658 obstrueret,

206 2689 482 2748 cuminsarrienda
505 2688 637 2761 deceptae
658 2687 828 2759 gentilitatis
851 2687 945 2744 humo
967 2687 1037 2743 fidei
1091 2695 1213 2766 propter
1231 2688 1415 2746 discordiam
1448 2686 1568 2754 seilicet,
1590 2691 1619 2742 et
1639 2684 1766 2756 longam
1791 2686 1861 2741 inter
1880 2697 1903 2736 se

206 2780 324 2836 sarculo
334 2777 768 2850 utereturimpigre,naeposse
780 2792 834 2832 nec
843 2780 979 2850 oportere
988 2791 1037 2832 ne·
1091 2786 1121 2839 et
1155 2784 1265 2837 Avares
1306 2777 1454 2834 bellorum
1495 2774 1738 2840 controversiam,
1783 2773 1851 2829 fines
1878 2772 1900 2826 in

206 2868 278 2940 gligi
289 2867 413 2941 putavit,
423 2865 548 2937 quando
559 2865 657 2938 etipse
668 2864 725 2920 boc
735 2870 815 2936 saepe
826 2865 982 2936 optaverit,
1005 2869 1038 2921 ut
1090 2876 1215 2944 utroque
1228 2868 1320 2924 limite
1334 2867 1478 2933 desertos,
1494 2866 1535 2921 ita
1556 2869 1590 2921 ut
1615 2864 1694 2920 cirea
1719 2863 1837 2920 Anesim
1857 2861 1901 2918 llu-

204 2971 261 3027 pro
271 2969 373 3011 amore
382 2953 573 3010 fraternitatis
584 2957 613 3009 et
622 2953 682 3019 llei,
698 2953 865 3025 periculum
877 2953 998 3010 subiret.
1051 2993 1072 3046 C
1090 2959 1173 3015 vium
1188 2956 1278 3014 urbes
1293 2955 1396 3011 etloca
1411 2953 1483 3009 olim
1498 2951 1674 3022 cultissima,
1699 2952 1789 3008 tantis
1808 2949 1900 3008 bestia-

541 3043 654 3100 CAPUT
673 3045 704 3098 V·
1089 3065 1157 3104 rum
1179 3043 1417 3103 immanitatibus
1428 3044 1593 3114 horrerent,
1609 3057 1646 3098 ne
1667 3041 1814 3098 viantibus
1836 3039 1899 3096 ullus

240 3133 418 3202 Bajaoriom
432 3131 628 3202 petit-llicit
641 3146 712 3202 ergo
728 3131 757 3187 in
773 3132 888 3205 optimo
902 3131 1035 3202 ingenio,
1090 3134 1264 3193 transeundi
1279 3133 1377 3190 aditus
1391 3135 1525 3205 pateret:
1554 3146 1675 3188 monera
1703 3135 1801 3188 autem
1812 3129 1897 3204 potius

205 3226 233 3278 et
247 3221 343 3278 ardua
356 3221 416 3288 via,
430 3225 459 3277 et
473 3221 571 3294 potior
581 3236 672 3277 causa
683 3238 689 3276 :
702 3237 773 3276 narn
797 3221 958 3277 constituto
980 3235 1035 3294 pro
1089 3231 1117 3283 et
1130 3224 1308 3299 supplicare,
1324 3226 1474 3296 qnatenus
1492 3221 1574 3293 apud
1600 3236 1630 3276 se
1644 3236 1774 3293 suosque
1784 3221 1812 3273 B.
1828 3221 1897 3274 Pater

204 3328 235 3368 se
248 3311 426 3368 examinatae
437 3327 574 3384 personae
589 3310 663 3382 viro,
679 3311 742 3384 ipse
758 3309 797 3366 ad
820 3325 902 3366 nova
927 3309 1035 3382 tyroci-
1089 3315 1201 3374 morari
1215 3313 1398 3383 dignaretur,
1409 3327 1487 3384 quos
1502 3315 1563 3367 tam
1592 3309 1681 3366 uides
1704 3314 1731 3366 el
1759 3307 1895 3382 imperfec-

203 3400 253 3456 nia
270 3398 692 3469 strenuusmilessuccingitur
707 3417 712 3466 ;
730 3403 758 3452 ct
768 3399 862 3454 ascito
872 3399 947 3454 inter
960 3397 1035 3454 alios
1089 3410 1135 3461 tos
1150 3404 1181 3460 in
1196 3403 1255 3458 fide
1270 3399 1413 3474 praeteriri
1425 3399 1471 3456 fas
1493 3415 1556 3455 non
1571 3402 1667 3455 esset:
1691 3399 1811 3454 maxime
1833 3412 1893 3452 cum

203 3489 388 3545 necessitatis
397 3505 459 3544 suoe
472 3487 605 3552 comites,
637 3487 710 3559 quia
738 3487 873 3556 linguam
898 3487 1035 3542 Teutoni·
1089 3494 1135 3550 isti
1150 3491 1352 3548 necessarium
1366 3494 1514 3562 optarent,
1530 3493 1558 3544 et
1571 3487 1612 3544 illi
1627 3485 1784 3560 forteqoasi
1796 3500 1889 3556 super-

203 3592 342 3633 camnon
357 3579 491 3645 noverat,
508 3573 599 3631 vitale
623 3574 758 3646 quodam
791 3575 967 3647 presbytero
993 3576 1035 3631 in·
1089 3583 1184 3638 fluum
1215 3583 1398 3636 recusarent.
1432 3577 1600 3634 Providerat
1633 3581 1722 3634 aulem
1753 3589 1785 3630 ne
1804 3571 1883 3627 indis·

204 3669 340 3738 terprete‚
356 3664 486 3736 perrexit
501 3682 506 3731 ;
520 3664 552 3718 in
567 3663 706 3720 barbaric
721 3663 922 3735 disciplinam,
936 3663 966 3718 in
987 3679 1035 3720 ex·
1088 3675 1168 3728 creta
1180 3670 1277 3743 pietas
1292 3668 1451 3742 praemium
1466 3667 1623 3738 amitteret,
1638 3667 1662 3723 si
1673 3665 1778 3720 offerret
1797 3659 1885 3717 inritis

203 3753 269 3810 silio
284 3753 425 3826 patriam,
441 3752 517 3808 inter
526 3752 675 3808 immanes
704 3751 914 3821 cognationem
943 3751 1036 3810 factu·
1089 3760 1222 3829 laedium,
1263 3759 1315 3833 qui
1351 3757 1522 3813 volentibus
1550 3761 1668 3829 poterat
1693 3755 1788 3812 afferre
1800 3749 1890 3826 presi·

201 3859 262 3898 rus.
281 3843 351 3907 Quae
367 3839 739 3913 omnialicetpriusbene
765 3840 900 3907 tenuerit,
928 3840 1034 3898 melius
1087 3851 1193 3907 dium:
1223 3864 1298 3905 nere
1327 3847 1369 3904 sia
1392 3846 1527 3916 diligeret
1554 3845 1674 3919 impios,
1698 3849 1731 3901 ut
1754 3841 1892 3914 negligeret

202 3937 303 3988 tamen
319 3929 476 4003 dereliquit
492 3948 498 3996 ἱ
516 3935 543 3985 ei
558 3946 626 4002 (11¹oe
651 3930 714 3986 sine
741 3929 873 4004 appetitu
900 3931 1034 4002 jucunde
1088 3939 1163 4014 pios.
1177 3937 1225 3994 Vir
1253 3941 1353 3994 autem
1371 3935 1431 4006 llei,
1445 3935 1475 3990 ln
1493 3951 1546 3991 sua
1562 3934 1708 3992 sententia
1721 3933 1804 4000 fixus,
1825 3927 1893 3986 nullo

201 4021 332 4088 licerent,
346 4019 486 4077 abdicata
498 4019 683 4090 jocunditate
696 4036 765 4075 cum
778 4018 906 4088 lieentia,
919 4036 956 4075 ne
981 4021 1035 4077 ubi
1088 4031 1163 4085 nutu
1197 4025 1341 4082 declinari
1375 4024 1481 4096 poluit,
1515 4030 1547 4080 ut
1582 4022 1663 4080 aliud
1699 4023 1792 4092 vellet,
1818 4033 1894 4092 quam

201 4127 302 4165 rerum
319 4123 451 4182 praesens
461 4107 615 4164 affluentia
625 4109 799 4164 thesaurum
814 4108 909 4165 beatae
937 4125 1034 4165 remu·
1088 4117 1171 4192 quari
1197 4117 1351 4188 eaperat3
1380 4113 1438 4168 nisi
1465 4112 1540 4169 forte
1564 4112 1895 4169 caelestisnlrriaretceu-

200 4197 363 4252 ssesflllffllis
379 4197 535 4266 Obffllaleh
552 4213 700 4271 pauperes
715 4198 835 4254 divilias
850 4198 934 4254 dives
955 4215 1031 4272 pau·
1088 4224 1164 4264 suren
1188 4203 1393 4262 contradictio.
1411 4202 1526 4269 Quibus
1543 4201 1672 4276 acceptis
1684 4202 1772 4258 <lucis
1784 4198 1895 4275 pruden-

201 4301 255 4357 per
270 4285 416 4356 exposuit.
435 4285 505 4340 lade
521 4287 612 4354 viam,
625 4301 663 4341 ne
677 4301 740 4358 quo
764 4286 947 4358 pigresceret
971 4287 1032 4342 otio
1089 4281 1130 4352 tia
1154 4292 1318 4367 populique
1333 4290 1581 4364 frequentiarum
1604 4290 1823 4348 exhortationes
1844 4287 1896 4356 ejus

201 4371 531 4446 inleqfflelflfflsssiffllfl,
547 4374 1031 4448 PlfflssumitaeiGalllssfflaqllfliffl·
1088 4383 1252 4441 adientium
1267 4378 1419 4437 mentibus
1443 4383 1471 4435 et
1496 4379 1642 4453 pabulum
1662 4372 1896 4436 sufficeredou'li·

201 4464 292 4520 <lebni
317 4462 381 4528 liet,
411 4465 439 4518 ei
464 4461 563 4518 Rheni
583 4462 716 4519 fluminis
744 4465 894 4535 contigua,
922 4465 1032 4538 plantis
1088 4477 1155 4540 late,
1172 4475 1200 4527 ct
1214 4468 1372 4526 dulcedine
1383 4467 1565 4524 desiderium
1590 4468 1811 4541 conspicerent,
1836 4461 1898 4520 sala

201 4553 284 4610 verbi
312 4552 362 4609 llei
390 4551 543 4607 silvescere
570 4557 598 4608 et
625 4552 775 4610 insitivam
803 4555 874 4610 novi
902 4555 1033 4611 hominis
1087 4568 1147 4619 tam
1175 4577 1274 4624 suam,
1301 4574 1393 4632 quam
1423 4557 1639 4631 supplicatione
1667 4573 1730 4613 non
1770 4557 1897 4631 poterant,

202 4657 367 4711 gemmam,
383 4640 559 4713 protoplasti
574 4657 590 4697 e
606 4646 724 4699 mortuo
740 4645 847 4716 stipite,
863 4644 1033 4700 frondosae
1086 4651 1231 4708 violenter
1241 4647 1442 4714 obtinuerant,
1456 4651 1485 4702 et
1500 4662 1536 4702 ex
1551 4644 1650 4702 verbis
1666 4644 1838 4714 Salvatoris,
1849 4641 1898 4696 un

201 4745 232 4785 re
247 4729 310 4801 ipse
322 4728 446 4801 quidem
458 4729 594 4800 studuit;
618 4731 670 4787 sed
699 4731 874 4790 incrementi
896 4733 1032 4790 datorem
1086 4758 1215 4816 passum
1238 4743 1282 4796 est
1307 4752 1435 4809 regnum
1463 4735 1604 4793 caelorum
1633 4737 1752 4808 (Morta,
1779 4737 1898 4808 rellan

202 4819 352 4878 Christum
367 4820 466 4893 operis
476 4837 596 4878 summa
604 4823 815 4896 comprobavit
826 4842 832 4880 ε
845 4823 957 4897 quippe
968 4823 1031 4896 qui,
1087 4828 1259 4903 egrediendi
1273 4825 1471 4901 provinciam,
1486 4825 1622 4882 nebeato
1635 4825 1698 4881 viro
1713 4825 1832 4883 occasio
1845 4835 1898 4896 pro

200 4909 252 4967 ubi
268 4909 319 4967 llei
334 4910 456 4968 scientia
468 4911 579 4968 meritis
595 4913 728 4980 accessit,
744 4912 880 4970 sobolem
910 4929 1031 4984 regene·
1086 4920 1208 4986 veniret,
1236 4916 1412 4973 obstiterant
1427 4933 1434 4984 ;
1458 4919 1487 4971 et
1510 4914 1587 4971 bene
1611 4913 1770 4988 praevaluit
1782 4914 1899 4970 humana

200 5000 323 5056 rationis
339 5001 440 5057 edidit.
459 5003 517 5057 lloc
532 5001 621 5071 igitur
633 5002 725 5058 modo
742 5002 838 5059 fidelis
861 5003 892 5058 in
922 5003 1030 5074 Bajoa·
1086 5007 1295 5083 presumptio,
1323 5021 1385 5078 quo
1407 5021 1445 5060 ex
1473 5003 1552 5059 fonte
1574 5004 1640 5075 ejus
1664 5001 1769 5060 salutis
1784 4996 1898 5058 ascendit

200 5091 258 5146 rios
286 5091 372 5159 lines,
398 5091 449 5164 qui
474 5091 630 5148 meridiem
659 5108 774 5164 versus,
805 5091 929 5166 Alpibus
953 5110 959 5160 ;
991 5093 1030 5149 ad
1086 5095 1227 5153 conditio.
1252 5100 1288 5152 At
1313 5096 1397 5150 Pater
1419 5097 1549 5159 sanctus,
1566 5107 1658 5165 quem
1672 5090 1818 5165 prohibiti
1830 5085 1897 5145 callis

200 5179 343 5236 orientem
360 5181 466 5251 Ungris
483 5198 489 5248 ;
504 5181 544 5238 ad
560 5181 733 5254 aquilonem
747 5197 819 5238 vero
836 5182 963 5240 Hircano
978 5199 1030 5239 ne·
1085 5181 1194 5254 injuria
1225 5179 1423 5246 conturbavit,
1456 5177 1605 5233 aestimare
1637 5176 1736 5250 acepit,
1768 5173 1897 5250 quidnam

201 5269 275 5325 mori
302 5268 430 5326 linritem
459 5271 624 5327 Germaniae
652 5271 845 5344 protendunt,
883 5285 945 5328 non
973 5271 1031 5329 bac
1084 5271 1149 5328 haee
1159 5271 1249 5342 justae
1264 5269 1408 5327 voluntati
1423 5265 1585 5324 difficultas
1599 5265 1689 5324 obvia
1712 5262 1896 5339 perarderet

235 5406 275 5479 (t)
299 5403 415 5462 Haecin
428 5421 484 5463 ms.
502 5407 561 5464 alia
574 5407 670 5466 littera
684 5409 716 5466 in
730 5409 865 5480 margine
881 5409 1031 5484 adscripta
1083 5415 1149 5466 stra
1163 5409 1368 5480 harenaceae
1380 5407 1551 5477 teutonizot,
1567 5419 1657 5476 qoam
1671 5404 1736 5460 anti
1778 5404 1835 5458 atos
1851 5395 1897 5450 Re

199 5477 318 5535 fuerant
334 5495 340 5532 :
355 5477 428 5534 Hac
442 5483 483 5534 est
497 5480 601 5537 civitas
646 5495 714 5539 acm
739 5483 811 5538 clim
844 5482 1029 5538 Teutoneso
1084 5479 1374 5552 accumulavimus
1399 5479 1518 5548 scriptis
1547 5481 1707 5546 testantur,
1767 5473 1896 5530 ‘camum

201 5549 350 5634 damone
364 5549 426 5605 aive
436 5549 611 5608 Germorrim
625 5497 860 5610 Zamenisheim
871 5553 1026 5610 accubant.
1084 5552 1241 5610 vocatam.

199 5617 300 5689 Horas
311 5621 489 5678 vccabulum
501 5622 650 5680 modernis
661 5623 842 5696 tenporibus
858 5625 963 5696 lingua
978 5640 1028 5680 oo
