3996 6186
154 149 207 204 080
405 149 451 206 ur:
471 150 591 209 nassis
609 151 824 212 nomenata
843 149 1070 230 uacantium
1090 153 1188 212 vaaS.
1210 187 1245 198 -
1260 157 1327 216 ata.
1341 161 1385 216 lll.
1406 159 1619 221 arcentibus.
1818 167 1871 224 690

153 267 313 326 salutilerae
324 271 408 344 pacis
422 287 550 346 puerum
566 276 748 334 sacrosancti
767 276 824 335 olei
839 275 983 334 chrisma·
1000 280 1023 333 Α
1041 275 1218 351 intelligens,
1234 285 1414 356 aetatemque
1433 283 1563 342 infantiae
1589 285 1871 346 incrementabiliter

152 356 250 430 lisque
270 357 387 431 liquore
409 359 563 432 insigniter
584 362 773 432 innovatum,
789 365 881 440 typici
904 365 986 421 lava·
1040 367 1249 426 transcendere
1292 387 1361 428 eum
1395 372 1647 442 animadvertens,
1681 376 1869 449 amplexatus

151 447 194 504 cri
208 450 502 524 regenerationisque
521 450 602 510 tonte
628 453 763 512 delutum
787 455 983 530 susciperent,
1039 469 1108 512 eum
1133 458 1310 529 amabiliter,
1333 465 1362 517 et
1387 460 1543 518 osculatus
1562 462 1695 534 dulciter,
1711 465 1805 521 tribus
1820 482 1869 524 co·

150 537 313 595 vocitando
346 539 537 598 Richardum.
575 542 631 608 Qui
665 543 756 616 hujus
786 543 983 619 expeditionis
1038 543 1160 602 mitibus
1172 563 1263 621 supra
1283 550 1457 607 memoretis
1472 550 1528 609 tari
1552 551 1651 625 coepit,
1676 553 1759 625 quod
1779 554 1868 612 corde

151 626 297 684 mandato
327 627 438 698 hilaris,
476 631 650 706 moeniaque
677 632 825 692 Fiscanna
852 637 983 708 praepete
1037 630 1089 688 diu
1102 633 1226 691 rimatus
1238 641 1282 692 est
1296 637 1425 695 reterens
1440 656 1446 694 :
1462 662 1476 688 α
1495 643 1596 696 Vestro
1611 640 1746 708 corasilio,
1762 641 1869 716 inquit,

151 716 287 790 equitatu
301 718 519 790 aggredientes,
535 720 645 778 aclero
659 722 834 796 populoque
853 721 983 796 suscepti
1036 720 1094 778 hcc
1121 738 1247 794 regnum
1270 731 1387 784 strenue
1410 729 1615 801 usquemodo
1630 729 1712 798 rexi;
1737 731 1869 788 britones

151 809 231 874 sunt,
247 807 420 865 monasticis
435 807 526 865 rebus
542 811 717 884 praeparatis
731 817 908 870 reverenter.
935 813 983 870 Se·
1037 815 1140 867 contra
1150 828 1199 868 me
1213 814 1338 871 rebelles
1349 815 1494 874 hostiliter
1507 817 1604 875 devici
1617 836 1624 886 ;
1640 834 1778 893 paganos
1801 835 1870 876 nos·

150 894 255 968 quenti
269 911 400 970 namque
415 896 464 954 die
479 899 567 956 totius
582 899 840 974 clercprovinciae,
852 900 981 975 populo-
1036 902 1151 956 trorum
1165 899 1274 960 finium
1291 920 1465 978 pervasores
1478 907 1616 979 redargui
1628 925 1635 975 ;
1661 907 1868 978 l'laudrenses,

150 999 211 1057 que
225 1001 313 1042 sexus
328 986 482 1060 utriusque
498 989 620 1061 praenati
635 990 770 1063 pusronis
793 989 981 1065 baptismatis
1035 992 1217 1062 ceterasque
1240 997 1341 1060 gentes
1365 992 1395 1049 in
1418 993 1560 1052 affinitate
1583 999 1692 1052 nostrae
1713 993 1869 1070 potestatis

151 1073 348 1144 gratrrlatione
369 1075 503 1150 undique
526 1094 613 1134 secus
637 1077 824 1148 adveniente,
849 1079 980 1153 mysticas
1034 1085 1306 1136 commemorantes
1319 1082 1461 1139 audacter
1476 1083 1607 1155 subegi:
1635 1085 1708 1157 quio
1732 1085 1822 1142 etiam
1841 1079 1868 1140 si

149 1163 311 1221 ablutionis
321 1164 480 1223 benedicto
493 1166 574 1225 tonte
593 1168 632 1225 ab
646 1169 770 1226 ilenrico
782 1168 980 1226 reverentissi-
1033 1165 1192 1240 quidboni
1207 1173 1348 1241 operatus
1368 1186 1446 1238 sum,
1459 1175 1557 1228 vestra
1571 1172 1789 1242 benignissima
1814 1189 1866 1231 ex·

149 1269 202 1311 mo
226 1255 415 1326 Bajocacensi
439 1257 577 1331 preasule,
602 1275 672 1315 cum
695 1259 808 1317 ceteris
832 1258 979 1333 episcopis
1033 1255 1202 1312 hortatione
1213 1262 1334 1314 coactus
1355 1257 1466 1316 blande
1478 1258 1644 1334 leniterque
1657 1261 1768 1334 peregi.
1783 1265 1868 1320 Nunc

149 1341 227 1398 illius
240 1347 335 1412 terrra,
350 1350 559 1416 regeneratum
574 1345 728 1404 salutifera
752 1347 836 1404 trinea
859 1347 978 1404 immer-
1034 1359 1104 1401 vero
1118 1360 1155 1400 ex
1180 1344 1238 1402 hoo
1260 1345 1343 1418 quod
1360 1345 1470 1404 molior
1483 1363 1582 1418 agere,
1606 1363 1767 1406 assensum
1790 1364 1867 1422 praa-

150 1431 241 1488 sionis
261 1432 468 1504 inundatione,
497 1434 635 1509 sacrique
664 1435 833 1494 chrismatis
854 1435 979 1508 insigni·
1034 1430 1101 1488 bete
1113 1432 1187 1489 mihi
1201 1451 1208 1502 ;
1224 1433 1297 1506 quia
1311 1450 1401 1491 omne
1417 1450 1545 1507 regnum
1557 1435 1745 1494 haereditario
1760 1450 1867 1494 carens

150 1524 214 1578 tum
226 1525 355 1590 nectare,
376 1522 550 1598 deificaeque
564 1525 711 1584 trinitatis
736 1526 868 1596 nomine,
888 1529 981 1583 veter·
1034 1521 1158 1579 domiuo
1174 1523 1327 1580 desolatur
1341 1527 1369 1580 et
1383 1522 1536 1596 dividitur,
1552 1529 1580 1582 et
1590 1525 1750 1582 seditiones
1761 1541 1869 1599 quarn·

149 1609 216 1666 rimi
231 1611 363 1668 hominis
377 1611 500 1689 dempto
519 1613 668 1687 squalore,
684 1615 845 1689 praedictus
869 1614 980 1688 praesul
997 1634 1017 1690 g
1035 1610 1181 1685 plurima,
1205 1613 1337 1685 rixaque
1361 1613 1515 1684 inaudita,
1539 1614 1740 1688 implacabilis
1767 1615 1868 1690 queri·

149 1716 219 1756 cum
235 1702 367 1758 hathone
382 1701 490 1759 comite
506 1704 637 1777 suscepit
650 1719 778 1778 puerum
798 1703 981 1764 bichardum
1034 1700 1137 1756 monia
1151 1700 1353 1774 multipliciter
1367 1707 1557 1772 generantur.
1579 1703 1710 1776 ideoque
1723 1703 1778 1762 iste
1791 1721 1866 1780 pue·

149 1789 283 1859 nominc,
299 1789 337 1846 de
352 1791 445 1848 sancti
469 1791 581 1850 lavacri
604 1793 820 1866 purificatione.
838 1793 888 1850 llis
910 1809 979 1850 vero
1034 1787 1117 1844 rulus
1132 1789 1226 1845 haeres
1241 1789 1314 1845 mihi
1329 1805 1543 1863 successorque
1567 1789 1598 1846 in
1618 1790 1713 1847 nostri
1732 1788 1869 1848 ducami-

148 1894 220 1934 cum
244 1894 358 1952 magna
380 1880 543 1938 reverentia
562 1882 701 1956 peractis,
723 1883 863 1958 cleroque
885 1885 979 1939 iteum
1034 1877 1080 1933 nis
1094 1877 1205 1935 ditione
1219 1877 1305 1935 vobis
1320 1876 1489 1935 faventibus
1517 1878 1723 1935 constituatur.
1752 1879 1824 1937 Volo
1839 1882 1867 1938 et

148 1965 340 2024 collaudante
355 1983 446 2042 super
454 1969 530 2026 duce
540 1973 620 2040 nato,
635 1971 873 2042 regredientibus
883 1987 979 2047 popu·
1033 1966 1165 2023 obtestor
1189 1971 1230 2032 ut,
1259 1965 1319 2023 fide
1345 1971 1454 2024 nostrae
1484 1966 1665 2024 credulitatis
1692 1966 1738 2023 sui
1761 1966 1865 2024 fideles

148 2053 248 2111 lorum
265 2056 378 2124 turmis,
394 2056 504 2130 praesul
518 2075 589 2114 cum
602 2059 735 2117 Bethana
749 2061 929 2118 renuntiavit
940 2060 979 2118 da
1033 2052 1139 2122 effecti,
1153 2053 1341 2110 securitatem
1362 2053 1446 2110 istius
1471 2055 1556 2124 regni
1569 2054 1619 2111 isti
1642 2053 1746 2112 intanti
1770 2054 1864 2112 tacia-

145 2158 242 2214 puero
255 2160 324 2216 qua
337 2148 421 2214 gesta
434 2150 502 2202 sunt
515 2145 659 2204 Wiilelmo
672 2148 752 2206 duci.
1032 2143 1080 2212 tis,
1104 2143 1176 2216 quia
1203 2143 1379 2214 ignoramus
1407 2143 1482 2217 quid
1512 2143 1647 2200 futurum
1674 2145 1770 2217 pariet
1792 2148 1865 2202 tem·

462 2249 654 2294 secerneres.
1032 2247 1089 2306 pus
1104 2231 1221 2289 erroris.
1238 2254 1251 2282 a
1267 2235 1347 2290 Tunc
1369 2232 1589 2306 responderunt
1609 2233 1650 2291 illi
1676 2233 1786 2290 seniori
1800 2237 1864 2291 tam

288 2319 377 2391 Felix,
392 2337 411 2378 ο
425 2321 566 2379 meritum
579 2323 632 2380 fati
1032 2320 1189 2378 affabiliter
1216 2320 1372 2394 loquenti:
1403 2343 1417 2370 c
1433 2321 1526 2377 iussis
1551 2320 1608 2377 tuis
1632 2321 1774 2378 continuo
1795 2320 1864 2378 vitas

287 2407 400 2480 insigni
414 2413 498 2483 patre
510 2417 677 2486 matreque,
1031 2413 1140 2466 nostrae
1167 2425 1257 2466 cursu
1278 2407 1447 2482 paruimus,
1471 2414 1500 2466 et
1527 2409 1664 2482 quandiu
1691 2409 1864 2484 superstites

287 2495 409 2555 infantis
424 2498 540 2557 celebre
555 2501 642 2568 sacri,
1032 2497 1186 2566 fuerimus,
1202 2497 1256 2553 iste
1272 2496 1326 2554 erit
1342 2496 1431 2554 nobis
1445 2512 1598 2568 congruus
1615 2513 1727 2570 comes,
1740 2498 1864 2572 duxque

287 2585 425 2644 Richardi
440 2604 564 2661 quoque
578 2589 711 2646 nomine.
1032 2585 1175 2659 patricius
1217 2585 1432 2656 haereditarius,
1466 2585 1592 2657 ejusque
1623 2590 1773 2660 praecepto
1810 2603 1864 2660 per

287 2673 378 2746 Crrjus
392 2675 572 2748 purificatio,
1032 2675 1135 2732 omnia
1148 2673 1438 2748 obtemperabimus.
1456 2674 1517 2730 Hoc
1545 2688 1679 2748 namque
1703 2673 1863 2732 consilium

287 2766 320 2820 Et
335 2764 422 2836 cujus
437 2765 592 2823 renovatio
1031 2762 1230 2838 complacebit
1242 2761 1384 2819 omnibus
1400 2761 1457 2818 sub
1485 2765 1543 2818 tuae
1557 2760 1750 2836 protectionis
1773 2761 1865 2819 tutela

286 2853 428 2927 lupatria
443 2853 561 2910 Domini
577 2855 638 2927 bei,
1031 2849 1333 2909 commorantibus.»
1361 2853 1441 2908 Tunc
1476 2849 1517 2906 illi
1552 2848 1751 2925 adimplentes
1774 2849 1864 2923 jussa

286 2947 322 3000 et
335 2942 428 3015 hujus
444 2941 560 3000 Sobolis
575 2943 636 3017 liei,
994 2939 1213 3043 Cmarchianis
1250 2939 1439 3010 nobilissimi,
1476 2939 1561 3010 regni
1595 2939 1783 2997 securitatem
1818 2937 1863 2996 ai·

287 3031 369 3090 Sacri
383 3031 524 3090 Flammis
537 3037 565 3090 et
579 3033 631 3090 Dei
646 3051 653 3091 ε
1031 3030 1144 3088 charde
1160 3045 1254 3104 puero
1268 3028 1490 3101 elegantissimo
1504 3029 1655 3102 facientes,
1672 3033 1861 3087 sacramento

288 3120 381 3178 Unius
394 3125 496 3178 tamar
510 3125 539 3179 et
552 3121 614 3192 Dei,
1031 3137 1108 3178 verae
1120 3119 1191 3177 fidei
1204 3119 1347 3178 manibus
1361 3118 1527 3177 voluntarie
1539 3119 1616 3176 datis
1631 3119 1862 3178 commendave-

287 3209 352 3266 Veri
364 3209 487 3268 nomine
501 3211 627 3286 perpeti.
1030 3215 1101 3270 runt
1115 3227 1146 3268 se
1160 3210 1211 3267 illi.

287 3300 390 3356 Castro
405 3297 483 3356 facta
495 3298 650 3356 decentius
1350 3313 1542 3354 arosraorus.

286 3387 308 3445 0
324 3385 467 3444 Fiscanne
481 3390 544 3456 tuo,
561 3386 654 3445 maris
1101 3389 1281 3448 Oliicharde
1294 3391 1412 3464 potens,
1425 3391 1454 3444 et
1464 3385 1590 3461 probus,
1605 3389 1633 3442 et
1645 3385 1723 3460 pius,

285 3478 379 3550 Prope
393 3475 492 3534 littora
506 3476 589 3551 quod
604 3477 692 3548 viget.
1137 3481 1211 3543 Dux,
1223 3481 1396 3550 martyrque
1411 3475 1519 3532 future.

286 3566 395 3622 Omnes
406 3563 539 3639 undique
554 3554 693 3638 clericos,¹
1100 3567 1215 3626 Pollens
1228 3567 1283 3624 iste
1297 3581 1373 3642 puer
1386 3568 1481 3622 matre
1495 3568 1577 3622 satus
1592 3577 1688 3634 sacra,

285 3654 387 3712 Plebes
401 3659 430 3712 et
443 3655 573 3731 populos
588 3657 661 3714 sciat
677 3655 746 3730 [ciat
761 3655 807 3716 vel
822 3655 900 3730 ciet],
1134 3659 1223 3714 tustra
1242 3653 1395 3731 progeniei

286 3747 393 3804 Sacros
405 3750 437 3803 ut
448 3744 561 3818 jubilos
575 3744 652 3803 ierat
1098 3745 1208 3814 tloeres,
1223 3759 1286 3801 non
1300 3742 1490 3816 importunus
1505 3740 1560 3797 erit
1573 3743 1644 3812 Deo,

284 3833 372 3907 Patri,
385 3840 415 3892 et
426 3833 595 3906 verbigena
611 3836 671 3892 [teo
1135 3833 1218 3891 Claro
1228 3846 1284 3888 nec
1298 3829 1483 3904 populoque.

284 3925 373 3982 Partu
386 3923 519 3993 virgineo
535 3923 625 3993 edito,
1099 3925 1207 3978 Verum
1217 3933 1369 3990 congruus
1383 3921 1412 3973 ct
1426 3914 1609 3973 conveniens
1624 3917 1719 3986 pater,

285 4056 293 4071 .
311 4057 318 4072 .
336 4055 343 4070 .
359 4012 578 4084 damascum
592 4027 687 4069 sacro.
1134 4011 1248 4076 iustus,
1259 4005 1472 4080 patriciusque.

177 4104 339 4159 mnsacta
363 4101 494 4176 denique
519 4100 650 4158 duarum
677 4100 822 4159 horarum
847 4100 973 4159 interca·
1101 4100 1228 4156 Sanctus
1240 4092 1386 4164 marchio,
1403 4094 1543 4148 constans
1555 4105 1656 4147 comes
1670 4093 1699 4147 et
1711 4089 1820 4160 honus,

140 4190 252 4265 pedine
279 4190 528 4266 mirabilibusque
555 4189 747 4247 incrementis
779 4193 974 4260 augmentato
1136 4191 1201 4244 ltux
1215 4189 1244 4243 et
1257 4180 1505 4241 christicolarum.

140 4278 294 4354 protasius
307 4280 454 4338 Richardo
478 4281 603 4350 infante,
617 4279 706 4354 coepit
728 4279 790 4336 dux
805 4278 974 4336 Willelmus
1100 4276 1228 4347 litigans
1242 4278 1332 4347 atque
1345 4273 1528 4346 propagator
1542 4268 1596 4326 erit
1615 4284 1699 4327 sacer

141 4367 180 4425 de
208 4368 292 4440 regni
322 4370 484 4442 commodo
517 4369 675 4428 salubriter
707 4371 841 4439 tractare,
875 4340 1014 4442 deque⁰
1135 4369 1216 4423 Vere
1229 4361 1410 4422 credulitatis

142 4457 190 4514 sui
204 4457 374 4516 ducaminis
388 4475 561 4517 successore
575 4458 700 4533 cupiens
713 4457 877 4532 adimplere
890 4457 975 4531 quod
1099 4460 1140 4513 Ac
1154 4454 1265 4525 legum.
1282 4450 1396 4526 Populo
1408 4447 1548 4507 distribut
1561 4448 1630 4524 pius

142 4546 320 4605 volvebatur
332 4548 363 4605 in
378 4548 444 4620 ejus
467 4549 566 4608 corde.
581 4549 675 4620 liujus
697 4547 799 4621 itaque
820 4546 974 4618 cogitatio·
1134 4545 1233 4600 iustas
1245 4543 1341 4597 rector
1354 4537 1501 4595 habenas.

141 4635 191 4692 nis
206 4635 373 4694 diutissime
388 4641 417 4695 et
439 4638 544 4695 acriter
567 4635 818 4696 sollicitudinibus
842 4636 974 4708 exegim-
1100 4635 1134 4689 Et
1147 4629 1250 4706 plebes
1263 4627 1383 4686 soboles
1397 4629 1430 4684 ut
1442 4625 1604 4683 moderans
1616 4624 1685 4695 pate

142 4729 202 4794 tus,
216 4726 361 4801 omnique
375 4727 523 4785 desiderio
536 4727 645 4784 intueri
668 4725 825 4798 diligenter
845 4725 974 4796 gestiens
1134 4723 1214 4778 iuste
1228 4715 1408 4793 pacificabit.

143 4815 231 4887 cuias
245 4815 435 4887 valetudinis,
450 4817 574 4889 cujusve
598 4815 761 4890 sospitatis,
787 4815 863 4890 quin
885 4815 975 4872 etiam
1101 4811 1143 4869 llli
1156 4810 1195 4867 sit
1207 4823 1302 4884 puero
1315 4804 1420 4878 gloria,
1437 4819 1506 4877 pax,
1522 4801 1625 4868 decus,

143 4909 294 4962 crescente
313 4909 399 4964 aare
424 4906 511 4978 cujus
533 4906 639 4963 tarmes
662 4903 709 4962 vel
728 4903 828 4978 qualis
855 4909 976 4962 statura
1136 4903 1220 4958 iesus
1235 4901 1264 4955 ct
1278 4894 1373 4969 gratia
1386 4891 1500 4951 Christi.
1673 4971 1679 4984 ¹
1765 4969 1771 4982 ι
1797 4967 1802 4978 Ι

142 4995 302 5067 exoptatus
322 4992 402 5050 tilius
425 4993 513 5050 fuerit
539 5010 611 5050 suus
634 4992 810 5061 Richardus,
832 4992 912 5050 misit
925 4993 978 5051 do.
1066 4990 1159 5061 liuius
1171 5001 1304 5060 namque
1317 4979 1432 5040 consilii
1446 4977 1858 5075 peracto'negotrqqurntazo

143 5080 282 5152 migenas
297 5082 401 5138 secreti
423 5081 469 5139 sui
493 5082 640 5153 conscios,
667 5084 699 5138 ut
720 5081 760 5139 ad
782 5080 885 5139 villam
908 5097 977 5156 quas
1031 5075 1244 5151 omnipotentis
1257 5072 1308 5130 ttei
1319 5070 1499 5143 disponente
1515 5063 1647 5162 arhrtrro,
1662 5063 1752 5135 coeprt
1773 5063 1859 5132 pater

142 5169 252 5227 dicitur
268 5171 407 5229 chevillei
421 5171 502 5229 clam
523 5171 739 5246 deportaretur.
763 5171 865 5230 Delatc
887 5171 978 5244 igitur
1030 5165 1132 5238 sagaci
1145 5167 1244 5221 mente
1263 5157 1402 5218 meditari
1424 5171 1487 5229 quo
1500 5155 1568 5212 loco
1584 5150 1735 5254 quibusve
1758 5151 1859 5249 posset

142 5258 259 5317 infante
273 5260 313 5318 ad
339 5261 489 5334 praedictae
514 5261 590 5319 villa
615 5262 728 5333 locum,
753 5261 976 5337 assumptisque
1030 5253 1152 5313 enutriri
1167 5249 1324 5308 salubriter
1336 5254 1364 5305 et
1375 5245 1507 5305 educari.
1519 5243 1567 5301 llis
1581 5240 1760 5298 incumbens
1769 5253 1859 5340 runa-

142 5347 320 5406 trihusfidis
336 5350 501 5408 secretariis
515 5349 591 5422 suis,
607 5349 769 5416 bernardo,
792 5351 924 5408 bothone
948 5352 976 5406 et
1030 5343 1173 5412 tionibus,
1202 5340 1268 5397 infit
1289 5335 1514 5413 prenominatis
1533 5332 1650 5392 tribus:
1677 5353 1692 5383 «
1709 5331 1857 5430 (lumnam

142 5436 263 5508 Anslec,
278 5436 428 5510 proiectus
442 5439 563 5496 estdux
578 5437 616 5494 ad
632 5452 712 5494 eum.
737 5438 832 5503 Quem
852 5437 918 5512 ipse
932 5437 976 5494 di·
1030 5431 1153 5508 quidem
1181 5426 1428 5499 Rothcmagensis
1462 5425 1564 5483 civitas
1594 5426 1730 5480 Romana
1759 5421 1858 5520 potrus

143 5525 286 5598 ligantias
304 5527 434 5598 intuens,
457 5533 646 5601 etcompage
668 5525 875 5584 membrorum
897 5526 976 5583 illius
1030 5537 1123 5598 quam
1133 5505 1859 5589 Dacicautiturelcquentia,etbajocacensistrur-

143 5614 288 5674 manibus
303 5619 467 5686 attrectata,
493 5619 583 5690 prout
605 5614 699 5673 auus
722 5617 786 5674 erat
807 5614 972 5673 formos-m
1031 5617 1081 5672 tur
1090 5608 1274 5686 frequentius
1289 5607 1397 5666 Dacica
1405 5606 1609 5680 linguaquam
1623 5594 1857 5668 Romana3volo
