3996 6186
149 165 203 222 tir
395 163 440 220 bn
461 156 581 221 onsns'
598 160 818 228 nouarum
836 159 956 223 bnon!
974 157 1063 224 arani
1083 157 1183 222 TRES·
1203 187 1237 207 ’-
1257 159 1322 222 bill.
1343 162 1389 221 lll.
1408 157 1618 217 menindus.
1806 165 1863 226 'lli

149 303 239 350 secus
266 287 434 362 precinctu
463 286 541 358 viget
564 285 807 360 inexpugnabilis
831 285 871 346 ab
898 281 982 348 omui
997 283 1021 342 n
1037 281 1130 354 risus,
1146 286 1179 344 ut
1192 283 1445 358 proficiscarisad
1458 282 1566 348 urben
1596 283 1870 363 rothomagensem

150 381 238 447 necte
261 381 485 449 superventura.
515 375 892 449 Prccamuritaque,vorts
916 377 982 432 tan·
1035 371 1209 436 matutinus.
1226 372 1385 440 liitteante
1399 377 1595 447 conspectum
1619 376 1676 437 tue
1701 375 1867 450 maimtatis

150 469 250 529 tarum
275 465 429 536 legionum
467 464 632 524 exercitum
664 465 704 528 ad
735 461 983 534 liotbomugsusis
1035 458 1276 526 robustissimam
1289 461 1451 534 legionem,
1465 477 1535 536 qum
1561 460 1707 526 mundent
1722 463 1867 528 hostiliter

150 554 234 614 urbis
249 569 372 628 panum,
386 553 458 627 quin
472 558 637 628 uunquam
660 552 885 620 northmannici
903 550 982 614 ruris
1036 555 1224 624 praeoccuper
1238 551 1401 624 mulctam
1416 555 1448 616 ut
1460 550 1574 626 siquos
1583 549 1747 614 lorinsecus
1758 557 1870 618 sunus

150 644 227 704 fines
255 643 392 714 mannes,
417 643 656 717 deportabuntur
681 643 734 707 tibi
756 642 834 703 iliius
855 640 981 704 civitatis
1035 639 1204 701 mrtaminis
1215 641 1310 713 naus
1323 641 1478 712 iuvenuit,
1493 639 1534 704 ad
1556 639 1706 706 sinuatam
1734 639 1872 706 eroum

151 733 300 797 claves.»
1035 728 1178 800 mundat,
1204 730 1335 805 hincque
1362 730 1490 796 suurn
1517 734 1569 796 liin
1595 729 1716 794 uorum
1745 746 1873 796 secutur

361 837 541 882 irosrnorrn
561 839 597 880 m
617 837 772 884 inserena,

348 913 436 968 Posse
451 911 552 970 sistere
563 927 616 970 cur
629 911 691 982 bei,

349 999 488 1061 Omnium
504 1016 627 1073 quoque
642 997 769 1073 praescii,

348 1087 435 1156 veile,
452 1088 540 1159 cuins
555 1103 633 1161 opus
647 1091 759 1156 manat,

348 1179 382 1236 Et
395 1176 487 1236 callor
499 1176 573 1250 petit
584 1176 698 1245 omnia,

349 1264 478 1334 Regibus
494 1265 579 1339 cupis
589 1264 714 1338 asperis,

348 1353 594 1424 contumacibus,
607 1351 764 1425 improbis,

347 1441 564 1512 irrogantibus
581 1445 609 1504 et
624 1440 740 1500 malis?

347 1530 491 1596 Quamvis
501 1529 658 1588 emeritam
669 1529 777 1590 ducem

348 1618 429 1674 Heu!
446 1622 564 1691 patrem
578 1617 679 1688 aunt,
696 1622 775 1690 tuus,

348 1706 435 1767 istius
449 1705 534 1780 pueri
550 1707 627 1764 sacri

349 1799 459 1866 ltucro,
476 1795 606 1855 sanctior
620 1799 653 1854 ut
666 1794 750 1859 toret,

349 1885 439 1942 Testis
451 1884 605 1946 almifluus
619 1884 668 1944 liei
685 1902 692 1942 :

350 1977 423 2038 vota
435 1990 498 2036 nou
513 1979 563 2032 tua
576 1973 681 2032 frivola

349 2063 426 2122 Velle
440 2062 622 2136 prospicient
636 2067 721 2121 tuum
738 2079 745 2126 ;

349 2154 420 2208 Ecce
434 2151 487 2208 sed
503 2167 604 2210 comes
619 2150 735 2220 almior,

347 2239 474 2298 Harcbio
487 2239 671 2312 lorarpletior,

348 2332 472 2402 basque
486 2329 617 2392 sanctior
628 2328 783 2398 omnibus,

345 2418 465 2486 tiobilis,
482 2417 617 2489 celebris,
633 2417 712 2494 pius,

345 2508 455 2576 iustus,
470 2504 629 2572 alanicus,
641 2504 766 2577 probus,

347 2596 489 2659 Sanctus,
499 2593 661 2662 innocuus,
675 2591 786 2662 bonus;

347 2683 442 2740 Omne
452 2681 518 2753 jam
532 2684 639 2738 statuet
650 2679 777 2752 bonnm,

346 2771 443 2836 Omna
454 2771 591 2838 conteret
602 2773 631 2826 et
641 2768 766 2833 malum.

187 2859 427 2920 tlnltimodarnm
442 2873 575 2932 namque
589 2857 765 2931 petitionum
779 2857 981 2932 persuasioni-

151 2949 211 3008 bus
225 2965 277 3006 rex
288 2949 364 3006 Otho
378 2947 563 3021 compulsus,
578 2947 672 3004 movit
684 2952 772 3006 unte
783 2945 980 3007 multitudinis
1000 2961 1021 3018 c

150 3037 324 3107 exereitum,
340 3037 552 3111 proiectusque
579 3041 625 3097 est
652 3051 721 3092 curn
743 3051 813 3108 rege
831 3035 980 3098 Ludovico

151 3143 243 3201 super
267 3129 346 3200 Epioe
374 3125 514 3194 rivulum,
540 3125 595 3198 qui
623 3125 749 3185 termino
773 3124 980 3199 diremptionis

149 3215 258 3278 limitat
282 3215 410 3274 Francia
438 3213 721 3288 northmannisque
745 3230 883 3286 regnum.
900 3217 980 3274 tunc

150 3309 240 3364 vocat
254 3305 329 3364 Otho
343 3303 514 3374 mimium,
538 3304 721 3370 incentorem
744 3304 832 3364 totius
855 3304 938 3374 mati,
952 3307 980 3364 et

148 3393 273 3468 requirit
283 3392 383 3452 envas
399 3391 647 3464 ltotbomagensis
671 3392 763 3462 urbis,
785 3397 818 3456 ut
841 3392 897 3457 sibi
909 3407 979 3466 pro-

148 3481 274 3542 miserat
284 3480 443 3555 deportari.
460 3479 600 3538 Arnmius
610 3495 682 3540 voro
693 3480 856 3541 intentione
865 3483 980 3552 crure

149 3569 259 3628 mentis
285 3569 375 3642 eoepit
400 3584 502 3640 regam
529 3569 674 3632 Othonem
702 3568 807 3628 adan:
825 3591 839 3620 κ
857 3567 981 3629 bomine

149 3675 212 3726 rex,
228 3673 318 3716 nemo
331 3656 627 3730 ltottmmagiensium
639 3657 730 3720 audet
744 3663 771 3716 te
786 3657 981 3732 egrediquia

148 3747 261 3806 abhinc
272 3747 492 3818 Rotbomagum
507 3762 603 3820 usqua
616 3750 714 3804 emtat
726 3746 811 3808 tellus
825 3745 978 3818 suissuis,

149 3839 437 3909 commoranturque
471 3833 627 3894 lenocinia
657 3839 828 3897 exercentes
855 3834 885 3894 in
914 3835 979 3908 ejus

150 3924 234 3982 silvis
247 3929 275 3982 et
287 3923 371 3981 lucis.
389 3927 437 3980 Est
451 3923 529 3982 elius
542 3924 688 3984 decmsm
703 3940 853 3997 mnarum
867 3923 898 3982 in
913 3938 981 3999 pro-

149 4015 244 4084 ximo,
270 4029 339 4087 qum
361 4017 486 4074 vocetur
499 4013 634 4084 ennena,
660 4012 753 4088 pratis
778 4012 981 4086 omnibrnqua

149 4119 253 4162 rerum
266 4101 427 4162 affluentiis
442 4102 622 4176 propensius
636 4101 753 4166 retorta.
770 4101 812 4166 lbi
825 4117 903 4172 cras,
927 4117 981 4174 pe·

149 4193 255 4264 timus,
283 4191 359 4264 liges
384 4192 519 4262 tentoria,
543 4191 804 4266 venientqueilluc
823 4190 982 4268 optimates

150 4282 444 4353 Rotbomanentium,
458 4281 584 4341 terentes
600 4281 652 4339 tibi
667 4280 765 4340 omres
779 4279 862 4338 urhis
874 4284 902 4338 ct
914 4295 981 4354 pre·
997 4294 1019 4350 ι)

149 4371 219 4430 tiosi
232 4371 356 4430 honoris
368 4387 505 4432 numera.
524 4393 538 4422 »
551 4374 612 4428 lien
625 4387 697 4428 vero
721 4371 798 4428 Otho
821 4369 983 4443 deprecati-

149 4460 198 4518 vis
226 4464 348 4518 coactns
374 4459 484 4527 verbis,
513 4459 623 4518 abhinc
646 4457 832 4519 secedensin
850 4457 982 4521 Andessm

149 4548 266 4606 fluvioli
280 4548 391 4606 resedit
405 4548 508 4622 pratis.

188 4634 322 4695 Diluculo
335 4652 407 4694 vero
421 4635 558 4694 subdole
582 4635 749 4694 calliditatis
776 4651 878 4699 comes
906 4634 984 4695 steb't

150 4729 222 4782 ante
237 4725 385 4785 Othonem
396 4740 508 4798 regem,
524 4725 739 4802 cpiscoporum
751 4729 831 4787 coetu
854 4723 983 4782 dueum·

151 4829 212 4890 qne
226 4817 256 4874 ct
267 4829 427 4888 procerum
440 4813 607 4888 frequentia
620 4815 822 4890 constipatum
848 4817 879 4874 ct
891 4812 982 4876 retul-

151 4907 283 4976 gentem.
300 4905 428 4978 Cupiens
443 4907 544 4960 autem
556 4902 695 4963 titubandi
711 4901 896 4980 prefulgida
909 4901 983 4962 ado-

150 4991 300 5050 lescentiae
314 4991 442 5052 multare
455 4991 580 5066 pubem,
600 5006 748 5066 regesque
763 4990 931 5054 conducere
944 4991 984 5052 ad

151 5079 427 5150 liothomagensem
441 5079 560 5150 urbem,
576 5079 704 5138 diritati
718 5081 867 5140 Othonem
878 5097 885 5135 :
898 5101 912 5130 κ
927 5083 984 5138 itu·

1036 817 1076 876 ad
1100 824 1219 892 portam
1245 820 1454 888 cerimonem
1479 820 1563 892 urst.
1595 822 1670 882 Cum
1695 825 1799 884 autem
1822 836 1874 896 ap.

1036 905 1231 979 nspnrsris,
1258 913 1327 972 tuns
1353 909 1473 983 meique
1498 907 1623 972 sanioris
1645 908 1793 974 exercitur
1818 923 1872 970 scs

1037 994 1178 1058 solicitos
1218 995 1348 1068 reddat,
1386 997 1490 1070 sicque
1517 997 1548 1057 ia
1571 997 1669 1074 primo
1696 995 1871 1062 certaminis

1036 1089 1185 1156 erumna
1213 1100 1309 1159 eoque
1329 1084 1784 1160 nmiumnmeuconcnpicri
1795 1085 1867 1164 qui-

1036 1172 1167 1235 rerimus
1192 1174 1279 1248 cujus
1307 1173 1446 1238 suenus
1469 1177 1499 1238 et
1519 1173 1703 1238 foritudinis
1716 1175 1780 1242 hae
1794 1175 1869 1240 urbs

1036 1267 1142 1325 midi,
1164 1285 1178 1316 s

1071 1353 1146 1411 Tum
1160 1351 1286 1426 quidum
1308 1367 1404 1426 nepos
1429 1350 1508 1424 regie
1534 1350 1657 1413 Othonis
1683 1351 1758 1416 unt
1780 1351 1871 1416 verbo

1035 1439 1190 1502 maome:
1208 1461 1224 1494 ι
1239 1440 1364 1502 bonine
1387 1455 1450 1514 rer,
1481 1439 1505 1502 si
1530 1437 1872 1514 inlustracionem
1986 1445 1989 1452 ’

1036 1528 1097 1602 ino,
1123 1533 1357 1604 mensuratus
1384 1528 1531 1594 msubor.
1560 1529 1589 1592 Si
1610 1529 1686 1594 torta
1707 1528 1873 1602 marcuini

1000 1623 1141 1698 pcontra
1154 1635 1203 1679 me
1213 1618 1302 1688 bella,
1316 1633 1374 1692 eno
1389 1623 1544 1684 noueram
1556 1618 1658 1692 sudio
1679 1635 1785 1684 eorum
1805 1617 1872 1686 nii·

1036 1707 1085 1772 iia.
1102 1707 1244 1781 Experiar
1262 1707 1349 1780 cujus
1364 1707 1550 1772 habitudinis
1583 1709 1709 1784 cujusve
1734 1707 1870 1772 valentin

1036 1796 1084 1854 vel
1109 1795 1290 1862 tortitudinis
1314 1801 1384 1860 suut
1408 1796 1441 1857 in
1455 1796 1570 1872 prauo,
1598 1797 1724 1870 cuiusve
1745 1795 1871 1862 occure

1036 1885 1274 1960 provisionisque
1285 1889 1313 1944 ct
1326 1885 1487 1959 prudentia
1498 1886 1530 1950 iu
1544 1885 1634 1952 betto,
1651 1890 1761 1952 matra
1773 1890 1870 1950 Dacos

941 2013 944 2018 -
1036 1979 1065 2034 et
1078 1975 1189 2036 Menos
1201 1976 1371 2049 Gothosque
1396 1980 1427 2039 at
1453 1976 1593 2049 liungros
1615 1993 1696 2052 serpe
1714 1975 1867 2050 dimicari,

1035 2081 1142 2130 rerum
1156 2069 1260 2126 ronna
1274 2065 1497 2130 Nortbmnnnos
1520 2081 1691 2140 numquam
1716 2070 1869 2130 certamen

1035 2153 1097 2212 inii.
1114 2153 1241 2216 maius
1252 2153 1429 2227 preparatis
1442 2153 1596 2220 bnassus
1607 2171 1670 2224 eor.
1684 2153 1869 2230 ercamrao

1036 2242 1226 2299 civitatemet
1240 2241 1396 2315 dissipabo
1421 2242 1599 2316 dispergens
1627 2243 1750 2308 munaus
1769 2242 1868 2316 panus

1034 2331 1166 2406 plebem.
1181 2353 1196 2386 s
1212 2332 1274 2391 lioc
1290 2335 1391 2394 autem
1404 2331 1551 2392 referebat
1563 2331 1707 2405 jannuus
1722 2331 1867 2406 juvenali,

1034 2420 1179 2494 ignorans
1204 2420 1322 2478 renum
1346 2419 1560 2494 casualemque
1587 2426 1729 2484 eventurn
1761 2421 1866 2496 prelii,

1035 2510 1189 2585 Extemplo
1197 2526 1250 2574 rex
1258 2510 1333 2570 Otho
1342 2508 1518 2573 humillimis
1529 2510 1676 2581 regalium
1688 2511 1867 2584 murionum

1034 2599 1301 2667 monitiscoactus,
1318 2599 1407 2661 citato
1429 2597 1560 2662 exercitu
1584 2598 1774 2672 progreditur
1799 2599 1867 2664 urit·

1035 2691 1100 2747 uns
1115 2691 1183 2754 cute
1198 2703 1229 2754 se
1246 2701 1395 2761 perverse
1409 2685 1545 2752 eunoun
1560 2690 1701 2760 senonia
1711 2685 1866 2752 emmens

1034 2775 1215 2849 unorum.

1350 2880 1545 2930 ”oswinus

1107 2955 1181 3020 Orno
1194 2969 1246 3014 rex
1260 2969 1390 3024 mannus
1401 2953 1579 3018 recolendus
1593 2958 1696 3028 atque.

1106 3045 1164 3104 Cur
1177 3041 1359 3106 bichardum
1373 3041 1573 3118 perccubren
1587 3058 1779 3118 socrumque,
1862 3093 1867 3104 .

1106 3130 1252 3200 Nobilem,
1263 3131 1450 3206 justumque,
1464 3130 1606 3204 probum,
1622 3131 1805 3204 modestum,

1105 3218 1306 3280 liarcbionem
1321 3215 1540 3294 patriciumque
1554 3223 1695 3284 sanctum

1106 3310 1140 3366 Et
1153 3307 1263 3370 ducem
1273 3322 1365 3380 nune,
1382 3304 1672 3384 magnanimumque
1683 3306 1801 3384 turem,

1105 3395 1210 3460 ambis
1222 3394 1329 3460 intesto
1343 3393 1456 3460 nnius
1471 3397 1550 3455 coetu

1106 3487 1139 3545 ut
1152 3483 1285 3556 maligno
1299 3482 1504 3548 contaminare
1518 3481 1597 3558 uisu,

1105 3575 1139 3633 Et
1151 3572 1299 3630 honorem
1313 3571 1412 3636 tollere
1425 3569 1622 3648 principatur,

1105 3661 1181 3730 outa
1191 3659 1305 3739 potenti
1320 3659 1422 3722 sistere
1437 3658 1568 3733 cogitatu

1103 3748 1192 3814 uului
1205 3749 1293 3820 Regis
1307 3747 1468 3826 superique
1482 3746 1619 3812 sumini?

1103 3841 1191 3900 Posse
1203 3837 1304 3900 nulius
1317 3853 1390 3894 nam
1402 3837 1516 3912 Supero
1530 3834 1657 3902 resistet,

1104 3925 1182 3986 Velle
1195 3940 1251 3986 nec
1263 3925 1329 3996 jam
1344 3922 1494 3980 adoreum
1507 3919 1648 3984 reflectet,

1105 4014 1158 4076 Hic
1173 4028 1285 4082 comes,
1299 4011 1373 4078 dux,
1393 4007 1596 4084 patriciusque
1609 4021 1757 4082 summitti.

1104 4099 1238 4162 Marchio
1252 4102 1385 4170 sanctus,
1401 4094 1537 4167 celebris,
1548 4093 1704 4162 modestus

1107 4188 1235 4260 Legibus
1249 4186 1369 4264 plebem
1384 4183 1553 4250 moderabit
1563 4183 1651 4250 almis

1106 4282 1235 4352 Torquet
1249 4281 1363 4339 astutus
1377 4275 1493 4340 laceros
1506 4291 1645 4350 reosque,

1107 4373 1203 4440 Aterno
1211 4365 1301 4443 justis
1315 4363 1440 4447 prumia
1453 4363 1546 4440 dnm
1557 4363 1657 4432 dedet.

1107 4454 1236 4520 ttoribm
1248 4453 1358 4516 sanctis
1371 4452 1544 4528 meritisque
1558 4451 1687 4526 fidentis.

1108 4542 1154 4605 Sic
1169 4542 1230 4624 poli
1246 4539 1435 4618 splendentia
1449 4540 1674 4606 semustum.

1106 4636 1149 4696 Tu
1160 4637 1266 4712 potans
1276 4647 1327 4693 rer
1341 4635 1433 4706 atquc
1446 4630 1552 4702 vinem
1567 4629 1740 4706 ruensque,

1108 4721 1271 4784 contereris
1286 4719 1411 4786 rumim
1423 4717 1617 4796 sempiterno,

1106 4811 1267 4874 incubabis
1277 4808 1470 4884 ridiculeque
1482 4821 1587 4869 unum
1599 4822 1607 4873 t

1106 4901 1214 4979 sicque
1228 4895 1442 4960 commannis
1457 4891 1636 4968 nunccius
1650 4889 1709 4956 ibis

1107 4987 1154 5050 Ad
1166 4993 1224 5050 tue
1240 4985 1318 5044 sedis
1332 4981 1521 5045 remcrmdus
1536 4978 1650 5046 adum.

1072 5081 1147 5138 cum
1157 5081 1258 5139 anum
1273 5089 1368 5148 nepos
1381 5071 1460 5144 regis
1474 5068 1599 5132 Othonis
1611 5065 1869 5148 appropinquaret

149 5167 226 5226 bore
252 5167 360 5227 future
388 5167 631 5229 subsannationis
669 5169 984 5244 Rotbomagonsesque
1037 5170 1157 5246 porlnm
1170 5162 1306 5230 civitatis,
1322 5175 1390 5240 qun
1405 5159 1597 5238 nuncubatur
1611 5154 1868 5226 ravennense·

151 5255 281 5330 comus,
295 5256 536 5316 verecundantur
550 5255 648 5316 claves
662 5255 777 5318 mittere
788 5257 850 5326 tibi,
863 5257 921 5316 nisi
932 5272 986 5334 op·
1036 5268 1127 5317 rusco
1140 5251 1274 5329 equintn
1287 5245 1427 5308 terrentis
1451 5242 1586 5306 elationis
1609 5243 1771 5320 nonnique
1786 5241 1870 5310 belli·

150 5345 248 5424 pressi
261 5344 371 5405 inerint
395 5345 581 5404 immanitate
605 5344 714 5407 hostili
739 5349 872 5407 Duorum
895 5345 985 5418 igitur
1041 5341 1104 5401 cosi
1124 5337 1294 5402 certaminis
1317 5334 1531 5408 conterminus
1556 5332 1686 5396 lerimret
1710 5333 1742 5395 in
1767 5332 1871 5400 uoru-

151 5451 260 5508 regum
274 5439 487 5510 tantorumque
501 5435 614 5497 ducum
637 5439 665 5492 et
678 5450 838 5510 procerum
853 5436 985 5493 exercitu
1040 5445 1170 5490 manuos
1184 5427 1305 5492 aciebus
1319 5423 1483 5498 adornatis,
1497 5422 1556 5500 ipsi
1580 5439 1651 5482 vero
1674 5419 1871 5488 Northrnanni

152 5524 262 5594 sabab,
275 5541 339 5584 non
352 5525 489 5585 different
503 5521 652 5584 anuum
666 5523 791 5581 reddere
811 5523 873 5584 tibi.
905 5527 984 5594 Qua·
1041 5521 1146 5586 wem
1160 5516 1404 5579 colluctationum
1426 5513 1522 5586 gnari,
1550 5513 1725 5576 simulantes
1753 5510 1870 5589 tunm,

152 5619 276 5694 propter
289 5619 429 5692 precatur
443 5619 469 5673 te
484 5613 593 5680 obnim
606 5629 692 5674 meus
707 5611 806 5672 senior
819 5611 981 5678 rasindo·
1039 5610 1127 5690 quasi
1144 5605 1302 5673 boantibus
1316 5601 1632 5684 numeraremus
1651 5599 1777 5668 suanm
1795 5613 1872 5678 tlte·
