3998 6182
33 82 41 108 ι
126 81 175 134 goa
314 127 316 130 ,
617 77 758 134 οΑῆΜΕΝ
778 79 825 133 an
844 73 1031 133 aoacaruu
1050 76 1177 134 arcun.
1198 109 1232 119 -
1251 81 1368 138 NOTAE.

153 200 236 256 ltem.

32 325 34 330 »
123 289 158 344 llt
169 289 273 358 placet
286 290 421 359 imperio,
433 291 475 346 sir
485 305 515 346 se
529 291 724 360 transformet
739 295 766 347 et
781 289 864 345 ordo.

119 379 221 435 Deviet
236 379 289 434 itte
296 393 380 435 sacer
393 379 430 435 de
439 379 506 436 sede
515 380 696 436 monasticus
712 379 794 436 ordo.

28 477 37 513 ἑ
120 469 159 524 Te
169 467 321 523 dominum
334 468 548 524 monachorum
560 469 683 526 bellicus
698 469 771 525 ordo
786 469 909 524 salutat.

30 565 35 572 '
120 556 242 612 Ordinis
251 561 293 612 est
308 556 403 627 iqitur
417 556 481 613 tac
494 558 724 628 transformatio
739 557 833 629 requi.

158 702 191 756 Et
204 698 241 755 de
254 698 365 757 coelesti
378 698 426 756 vel
440 715 582 774 suprema
598 701 804 759 Hierusalem:

120 826 235 884 Ordine
245 827 385 884 distincto
395 829 522 898 repitur‚
537 844 597 885 non
608 823 703 885 milite
712 843 822 899 pauco.

117 918 229 974 Princi
236 931 339 988 pares,
355 921 382 974 ct
395 918 480 990 siqui
493 923 563 974 sunt
579 924 606 974 et
618 919 648 973 in
659 917 764 974 ordine
777 921 876 987 patres.

120 1050 128 1064 .
154 1049 160 1063 .
183 1049 189 1063 .
212 1047 219 1062 .
237 1007 403 1064 Distinctus
417 1007 588 1078 disponitur
597 1007 671 1063 ordo
688 1022 834 1076 supernus
850 1021 862 1062 .·

29 1099 32 1151 t
119 1097 217 1166 Cujus
231 1096 272 1153 ad
282 1096 438 1166 exemptor
452 1102 588 1153 terrenus
602 1095 704 1166 fertur
718 1095 824 1152 baberi

115 1184 260 1241 Ecclesia
275 1187 378 1242 ueteris
386 1187 496 1256 popuii
509 1185 563 1242 sub
578 1185 642 1254 terre
663 1185 825 1250 ministros,

116 1274 181 1330 Per
189 1275 320 1344 Moyseni
333 1277 411 1332 Deus
425 1275 565 1344 instituit,
581 1289 654 1346 quos
669 1273 775 1330 ordine
789 1273 878 1342 reait,

116 1362 262 1420 Ecclesia
273 1380 399 1436 repnurn
415 1365 559 1422 calorum
573 1363 687 1419 dicitur
696 1362 779 1418 ordo.

23 1499 28 1507 .
117 1452 177 1507 Res
188 1452 261 1522 fidei
271 1453 400 1522 simper
412 1457 526 1510 :status
541 1456 585 1508 est
598 1451 649 1508 sed
664 1451 695 1507 in
711 1450 816 1506 ordine
827 1450 949 1520 tripter.

114 1541 280 1598 Mutantur
294 1557 388 1599 mores
403 1543 566 1609 bominum,
583 1546 720 1597 mutatur
734 1545 761 1596 et
776 1539 859 1596 ordo.

116 1630 211 1688 Nunc
225 1631 421 1700 demonstras,
439 1637 502 1687 tum
513 1630 661 1688 deliberat
675 1630 748 1686 ordo
759 1633 914 1699 potentum

17 1748 24 1783 ;
117 1719 368 1776 Discutiensctc.

116 1808 253 1864 lustitia
268 1809 399 1879 repinien
413 1813 513 1866 noster
527 1822 587 1864 non
601 1807 711 1864 audeat
725 1806 799 1864 ordo

118 1900 286 1972 Linquere.

120 1988 313 2045 Francorum
323 1988 449 2059 primus,
460 1993 492 2044 tu
504 2003 606 2045 serens
619 1988 650 2043 in
662 1986 767 2043 ordine
781 2000 894 2056 repam.

161 2079 262 2148 ltaque
277 2077 333 2132 hoe
358 2091 478 2134 carmen
496 2077 541 2133 De
553 2077 657 2132 ordine
680 2074 802 2131 inscribi
829 2077 947 2148 potest:

116 2168 282 2237 propterea
295 2166 377 2239 quod
392 2164 541 2224 Adalbero
555 2165 586 2222 in
599 2181 634 2222 eo
650 2164 747 2234 docet,
771 2165 813 2221 uti
839 2163 950 2221 coelum

116 2269 175 2310 seu
190 2270 334 2328 suprema
343 2254 528 2312 Hierusalem
537 2255 643 2312 ordina
656 2255 779 2326 regitur,
788 2257 817 2314 at
828 2253 950 2312 ordines

114 2342 211 2400 habet
225 2343 300 2400 alios
312 2343 352 2401 ab
366 2344 431 2400 aliis
440 2343 605 2414 distinctos,
621 2345 663 2402 ita
676 2343 836 2400 hominum
849 2343 881 2400 in
895 2347 950 2400 ter-

113 2433 160 2490 ris
175 2433 310 2491 diversos
322 2450 387 2492 csse
399 2433 532 2508 ordines,
547 2435 741 2508 diversasque
755 2433 846 2504 leges,
874 2449 951 2507 quas

106 2523 233 2580 servari
246 2528 391 2598 oporteat.
799 2584 800 2588 ,

115 2613 177 2684 (73)
187 2613 329 2670 Ecclesia
341 2613 447 2686 ueteris
457 2612 580 2682 populis
594 2611 649 2666 sub
662 2612 726 2681 leae
737 2610 889 2666 ministros

113 2701 248 2760 Nomine
256 2718 322 2775 qua
330 2703 540 2773 perfunctorio
553 2702 716 2771 Synapopa
727 2703 861 2757 uocatur.

114 2791 183 2847 Per
196 2791 319 2862 Moysen
333 2793 413 2848 Deus
427 2791 559 2848 instituit
574 2804 647 2861 quos
658 2788 763 2846 ordine
777 2789 866 2845 rescit.

158 2883 194 2936 ln
219 2880 322 2938 codice
349 2879 463 2937 deletus
491 2883 555 2936 erat
577 2895 593 2934 e
618 2877 712 2934 tribus
738 2876 786 2933 his
816 2875 952 2934 versibus

116 2970 275 3027 secundus
311 2986 373 3044 quo
401 2967 563 3026 Ecclesiam
598 2970 730 3024 veterem
754 2957 861 3039 populi
896 2965 953 3022 sub

115 3059 189 3131 lege
218 3059 378 3131 constituti,
396 3065 397 3068 ’
416 3074 469 3115 seu
504 3057 690 3127 Judaeorum‚
730 3057 849 3113 nornine
885 3070 954 3126 per-

114 3151 277 3220 functorio
301 3150 495 3222 Spnaqopam
518 3152 652 3204 uocatam
685 3161 746 3204 esse
774 3143 845 3201 dicit
867 3143 954 3201 Adel·

117 3238 208 3295 bero.

117 3327 179 3399 (74)
196 3327 337 3384 Ecclesia
350 3340 476 3397 reqnum
491 3326 634 3382 catorum
649 3323 761 3381 dicitur
774 3322 857 3380 ordo.

157 3416 240 3474 Ordo
255 3415 391 3473 Ecclesia
402 3414 510 3471 dicitur
523 3429 651 3486 regnum
665 3412 820 3470 coelorum.

117 3506 181 3578 (75)
189 3506 228 3562 Et
240 3519 318 3562 naeu
330 3505 381 3562 tec
390 3503 465 3560 inibi
476 3503 596 3575 colitur,
607 3502 662 3558 sub
670 3503 810 3573 principe
822 3499 950 3559 cbristo.

158 3593 336 3652 Emendavit
350 3597 378 3650 et
396 3593 478 3648 hunc
503 3606 624 3648 versum
651 3590 800 3648 adalbero
828 3606 899 3648 eum
921 3589 952 3647 iu

118 3683 275 3742 modum:

118 3776 163 3834 Et
178 3789 257 3831 noca
271 3773 321 3830 tec
331 3772 373 3829 ibi
382 3771 566 3843 pascebar,
579 3784 644 3842 qua
654 3771 755 3841 pratia
768 3769 878 3840 fertur.

119 3864 183 3936 (78)
198 3864 261 3920 Hoc
275 3867 304 3920 et
311 3863 488 3932 pontificum
502 3860 571 3930 ficit
586 3873 713 3916 censura
724 3858 833 3929 fidelis,

122 3953 274 4023 Qualiter,
288 3951 410 4023 aqna,
425 3955 453 4006 et
466 3949 570 4020 quates
586 3947 628 4003 ibi
646 3947 880 4003 constituantur.

159 4038 282 4098 llinistri
318 4036 453 4096 Ecclesia
488 4035 593 4110 quales
630 4049 705 4103 esse,
731 4049 750 4090 a
775 4032 886 4107 quibus
926 4035 954 4088 et

121 4145 187 4203 qua
209 4128 325 4186 ratione
350 4125 490 4184 constitui
517 4124 658 4195 debcant,
690 4123 902 4198 episcoporum
922 4121 953 4178 in

1776 87 1829 146 810

967 202 989 254 Α
1041 200 1166 258 Clerieos
1195 219 1247 260 seu
1274 204 1428 262 ministros
1456 206 1593 264 Ecclesiae
1614 209 1695 281 leges
1709 211 1828 286 piorum

999 287 1169 362 principum
1199 292 1327 350 sordidis
1349 294 1519 352 ministeriis
1539 313 1574 354 ac
1591 297 1698 356 vilibus
1716 301 1829 358 artibus

999 394 1105 436 vacare
1113 386 1279 452 vetuerunt,
1292 389 1400 442 etcum
1408 386 1492 443 omni
1501 385 1691 446 immunitate
1702 391 1829 448 soliseos

1001 466 1146 526 altaribus
1161 471 1351 530 addixerunt.

1001 555 1055 628 (80)
1068 558 1136 615 Non
1146 567 1216 616 sunt
1226 563 1392 633 carnifices,
1403 579 1564 636 caupones,
1579 579 1672 623 necne
1679 569 1798 626 subulci

1037 647 1197 704 carnifices
1221 649 1286 721 jam
1325 655 1396 708 tune
1422 653 1614 710 vocabuntur
1642 671 1720 729 quos
1759 657 1833 716 enti-

1001 734 1100 808 qnitas
1129 735 1226 794 lanios
1267 739 1436 811 appellant.
1472 742 1519 798 Ait
1556 741 1646 813 igitur
1682 743 1832 802 adelbero

1002 823 1154 881 ministros
1176 825 1276 883 altaris
1299 827 1346 885 vel
1374 827 1496 886 elericos
1520 847 1539 888 a
1567 831 1696 888 sordidis
1729 832 1833 890 minis-

1002 912 1082 967 teriis
1109 912 1279 986 abhorrere,
1302 934 1364 974 nou
1390 919 1548 994 agricolas,
1577 937 1639 979 nou
1671 921 1830 994 bubulcas,

1002 1017 1065 1058 uon
1100 1002 1240 1060 vinitores
1268 1021 1360 1078 esse;
1397 1008 1448 1064 vix
1482 1010 1604 1066 arbores
1640 1027 1745 1082 serere,
1780 1017 1832 1070 aut

1001 1091 1104 1148 hortos
1128 1093 1244 1164 colere;
1272 1095 1395 1152 eosdem
1428 1113 1482 1153 nee
1508 1097 1615 1168 lanios,
1639 1116 1692 1156 seu
1725 1117 1831 1160 carua-

1002 1181 1073 1250 rios,
1100 1199 1156 1239 nec
1182 1201 1347 1260 caupones,
1375 1203 1431 1243 nee
1461 1188 1613 1259 subulcos,
1641 1190 1690 1246 vel
1718 1191 1833 1249 suarius

1003 1286 1069 1327 esse
1093 1271 1196 1329 triecrce
1224 1289 1279 1346 pro
1308 1290 1361 1332 nec
1384 1275 1469 1349 dixit)
1495 1292 1557 1333 non
1581 1277 1743 1350 caprerias,
1772 1293 1834 1335 non

1003 1359 1149 1432 opiliones
1159 1377 1212 1417 seu
1227 1366 1362 1435 pastores
1377 1363 1490 1421 ovium.
1508 1367 1571 1421 Non
1586 1364 1683 1421 cribro
1692 1364 1834 1438 pollinem

1003 1447 1089 1504 tritici
1103 1447 1246 1506 floremve
1258 1451 1393 1524 siliginis,
1405 1469 1458 1509 seu
1468 1453 1598 1509 farinam
1613 1452 1776 1509 turturibus
1789 1467 1835 1508 se·

972 1559 991 1614 Β
1006 1552 1126 1593 cernere
1139 1549 1147 1566 ’
1163 1553 1225 1594 non
1240 1538 1345 1596 lebetis
1357 1539 1396 1596 ad
1411 1540 1513 1612 ignem
1527 1541 1656 1615 appositi
1666 1541 1766 1615 inquo
1775 1557 1837 1598 ear·

1005 1641 1059 1681 nes
1074 1632 1253 1699 coquantur,
1266 1643 1371 1685 curam
1385 1628 1479 1686 ullam
1494 1645 1593 1702 agere,
1609 1628 1640 1686 id
1660 1634 1705 1686 cst
1721 1646 1835 1704 coques

1005 1713 1053 1771 vel
1067 1731 1155 1772 cocos
1165 1732 1227 1774 non
1238 1717 1375 1792 existere,
1392 1722 1544 1792 utcunque
1557 1718 1697 1793 exprimit
1711 1718 1837 1776 Adalbe·

1005 1820 1039 1861 ro
1054 1805 1111 1861 hoc
1123 1820 1214 1862 versu
1229 1823 1235 1861 :

1004 1895 1066 1952 Nec
1073 1895 1209 1953 Cererem
1219 1897 1374 1954 cribrant:
1382 1897 1434 1954 lios
1445 1913 1503 1954 non
1516 1899 1615 1970 coquit
1626 1904 1719 1955 uncta
1728 1897 1832 1955 lebeta.

1040 1984 1095 2041 Ubi
1111 1986 1205 2044 lebeta
1219 2002 1274 2059 pro
1288 1986 1370 2044 lebes
1383 1987 1500 2044 dicitur.
1517 1988 1584 2044 Hinc
1605 1991 1706 2045 autem
1732 1988 1835 2045 omnia

1005 2073 1076 2130 dicit
1089 2075 1249 2145 udelbero,
1265 2081 1298 2133 ut
1312 2092 1414 2148 regem
1428 2076 1589 2134 nocerium
1603 2081 1721 2149 arguat,
1732 2084 1834 2148 pasto·

1005 2179 1051 2220 res
1067 2165 1164 2222 orium
1180 2169 1207 2221 et
1221 2171 1342 2236 nautas,
1353 2165 1398 2221 uti
1413 2181 1506 2238 supra
1520 2166 1570 2234 ait,
1582 2168 1639 2223 hoc
1652 2167 1834 2224 esti-asticos

1006 2269 1041 2310 ac
1054 2253 1239 2311 humillimas
1253 2254 1433 2328 intimasque
1448 2270 1595 2327 personas
1609 2255 1640 2312 in
1655 2255 1834 2330 episcopatu

1005 2343 1187 2400 evehentem.

1007 2431 1061 2504 (el)
1074 2433 1168 2503 Terqa
1178 2431 1832 2506 suumperdorsaboumnonserperecopunt.

1044 2523 1102 2576 lloc
1115 2523 1169 2591 est,
1182 2518 1487 2592 clericisuespedibus
1499 2520 1653 2591 colligatos
1663 2521 1762 2577 bobus
1772 2538 1835 2578 non

1005 2609 1175 2682 imponunt,
1191 2608 1312 2666 venales
1324 2609 1355 2665 iu
1369 2608 1477 2666 urbem
1491 2609 1695 2666 advehendas.

1007 2698 1061 2772 (88)
1078 2700 1145 2755 Non
1160 2703 1230 2756 sunt
1246 2699 1388 2768 lautores,
1404 2704 1596 2756 contemnunt
1605 2700 1722 2770 ferree
1733 2705 1834 2757 uestes.

1042 2786 1144 2845 Lintea
1157 2786 1189 2843 hi
1203 2802 1263 2844 uon
1278 2788 1387 2857 lavant,
1404 2789 1467 2845 sivc
1481 2788 1665 2858 linteamina,
1681 2793 1710 2845 et
1737 2794 1836 2847 vestes

972 2877 1101 2968 Clineas
1127 2876 1227 2934 lixivio
1253 2878 1432 2935 fervefacere
1466 2879 1676 2950 dedignantur.
1706 2881 1836 2939 Ferrare

1007 2968 1087 3024 enim
1101 2967 1149 3024 hic
1164 2968 1362 3041 positumpro
1383 2970 1582 3040 sereeuacere.
1608 2970 1658 3026 Vel
1672 2974 1750 3027 certe
1778 2971 1835 3029 hoc

1006 3055 1299 3128 sersudesignantur
1309 3057 1348 3114 ab
1361 3058 1550 3116 adalberone
1563 3058 1690 3115 lullones
1701 3060 1754 3132 qni
1768 3077 1834 3118 ves-

1007 3149 1051 3202 tes
1064 3145 1169 3203 laneas
1179 3146 1312 3218 abluere,
1322 3145 1524 3220 desquamata
1533 3151 1561 3204 et
1570 3146 1664 3220 polire
1676 3162 1836 3205 consueve-

1006 3239 1085 3293 runt.

1006 3327 1061 3398 (83)
1076 3325 1638 3397 Sedmentespurporesuosetcorpora
1652 3326 1769 3396 debent,
1780 3330 1834 3383 etc.

1042 3413 1180 3472 Affirmat
1192 3414 1341 3472 adalbero
1353 3414 1486 3489 clericos,
1502 3415 1668 3490 praesertim
1682 3415 1837 3490 presbytc-

1006 3519 1056 3560 ros
1070 3508 1099 3560 ct
1110 3504 1280 3578 episcopos,
1294 3521 1356 3562 non
1365 3503 1463 3562 solum
1476 3505 1595 3576 animis,
1608 3505 1661 3563 sed
1672 3504 1762 3562 etiam
1773 3522 1837 3563 cor·

1006 3593 1130 3669 poribus
1143 3595 1285 3664 mundos,
1302 3599 1401 3652 castos
1415 3600 1443 3653 et
1455 3596 1582 3667 sobrios,
1594 3595 1683 3653 bonis
1700 3596 1837 3654 moribus

1006 3684 1178 3755 adornatos,
1203 3701 1238 3741 ac
1267 3682 1381 3742 servilis
1420 3685 1736 3760 conditionisexpertes
1772 3701 1837 3743 esse

1007 3777 1152 3846 oportere.
1165 3775 1247 3830 Certe
1258 3774 1337 3830 servi
1350 3773 1408 3830 nisi
1419 3775 1502 3846 prius
1515 3774 1652 3831 libertate
1671 3774 1775 3830 donati
1794 3791 1838 3830 es·

1009 3864 1085 3931 sent,
1101 3860 1141 3917 ad
1156 3860 1327 3918 clericatum
1340 3861 1495 3933 pervenire
1509 3875 1572 3916 non
1585 3863 1742 3932 poterant:
1769 3861 1838 3917 Non

1008 3949 1088 4006 enim
1101 3949 1206 4006 debent
1218 3950 1333 4006 Christi
1346 3952 1375 4004 et
1386 3948 1487 4004 altaris
1501 3948 1634 4005 ministri
1647 3948 1771 4004 obnoxii
1798 3963 1839 4004 es·

1008 4055 1038 4097 sc
1052 4040 1192 4096 bumana
1206 4039 1354 4106 seruituti,
1368 4036 1443 4093 utin
1458 4036 1522 4094 Vita
1535 4035 1676 4093 ludovici
1689 4035 1731 4110 pii
1745 4036 1839 4112 impe·

1007 4127 1114 4186 ratoris
1129 4126 1271 4198 legimus.

121 4217 250 4292 synodis
278 4220 530 4288 congregatorum
555 4229 687 4270 canones
711 4212 869 4270 decrevere
885 4231 891 4269 :
906 4227 954 4269 ca·
1010 4216 1066 4289 (84)
1078 4217 1169 4272 Omne
1180 4228 1273 4285 penas
1288 4213 1440 4270 morinum
1453 4217 1606 4286 precepto
1615 4215 1749 4273 subdidit
1765 4215 1836 4288 iilis,

121 4324 231 4379 nones,
259 4307 397 4381 inquam,
423 4319 551 4363 censura
566 4302 744 4375 pontificum
770 4300 954 4359 Adalberoni
1008 4305 1154 4376 Princeps
1164 4304 1314 4374 excipitur
1326 4302 1441 4371 nullus,
1455 4319 1522 4361 curn
1537 4304 1650 4362 dicitur
1663 4321 1764 4363 omna.

121 4397 207 4454 dicti.

122 4487 185 4558 (77)
202 4488 301 4556 [psum
316 4484 428 4558 tepibus
443 4489 486 4541 est
499 4488 605 4554 aptare
619 4495 734 4540 necesse
747 4481 864 4538 duabus

121 4576 243 4632 Divina
257 4591 331 4648 quas
346 4576 486 4632 numana
500 4571 638 4628 discretio
650 4570 774 4641 sorrnut.

161 4667 280 4724 Statum
295 4663 430 4722 Ecclesia
445 4677 566 4719 necesse
577 4665 621 4718 est
635 4665 738 4734 aptare
752 4659 873 4716 duabus
885 4657 955 4731 legi-

121 4757 194 4826 bus,
207 4753 318 4812 divina
333 4757 362 4810 et
378 4753 532 4821 humana,
558 4765 635 4823 quas
663 4749 773 4806 format
796 4747 953 4816 discretio;

120 4845 321 4922 posteriorem
331 4859 454 4901 versum
466 4840 592 4900 mutavit
606 4840 756 4897 Adalbero
770 4839 811 4896 ita
825 4855 832 4895 ε

129 4938 284 4994 Virtutum
299 4949 373 5008 quas
384 4933 538 4990 distribuit
552 4931 690 4988 discretio
705 4936 817 4998 mater;

161 5025 193 5082 ld
206 5027 336 5096 est,quas
351 5023 428 5080 duas
440 5020 522 5091 leges
532 5019 681 5089 discretio,
690 5025 787 5076 mater
797 5018 954 5086 uirtutum,

124 5115 293 5174 distribuit.

124 5209 184 5279 (78)
199 5205 264 5262 Ecc
275 5203 380 5260 divim
393 5202 455 5259 suis
465 5203 570 5270 partes
585 5212 645 5254 non
659 5195 766 5253 dividit
781 5196 873 5252 ultus.

163 5293 232 5353 Suis
243 5292 387 5350 nimirum
401 5288 553 5358 ministris,
567 5303 621 5344 scu
635 5283 771 5342 Ecclesia
793 5301 855 5340 suae
871 5281 957 5341 mini-

126 5383 206 5452 stris,
226 5398 314 5457 quos,
342 5380 410 5439 licet
427 5395 536 5452 genere
558 5377 705 5450 dispares,
731 5372 958 5454 ecqualiomnes

127 5470 301 5531 conditione
315 5485 379 5528 osse
393 5468 488 5526 voluit
503 5469 592 5524 Deus.

126 5564 186 5636 (78)
201 5563 264 5620 Hos
276 5563 330 5634 pio
342 5562 392 5620 tec
405 5560 488 5618 amni
499 5557 656 5616 mundana
676 5555 763 5612 sorde
785 5558 958 5626 sequestrat.

347 5653 468 5707 Parnoi.
490 5649 578 5706 Gllbl.

1043 4391 1301 4452 Omneshomiues
1315 4395 1392 4450 Deus
1406 4393 1565 4465 cujuslibet
1587 4395 1781 4467 professionis
1810 4399 1839 4449 et

1007 4481 1169 4554 dignitatis,
1185 4481 1275 4538 etiam
1287 4481 1450 4554 principes,
1466 4497 1552 4553 reges
1577 4498 1612 4538 ao
1641 4482 1837 4554 imperatores

1008 4570 1189 4646 presbyteris
1204 4574 1232 4627 at
1245 4569 1394 4643 episcopis
1410 4571 1441 4626 in
1457 4569 1662 4643 spiritualibus
1672 4567 1839 4625 soluitcsse

1009 4661 1159 4732 subjectos
1175 4659 1234 4730 3ab
1245 4659 1292 4716 his
1300 4659 1393 4716 fidem
1403 4658 1582 4715 catholicam
1592 4656 1711 4714 edoceri
1724 4674 1730 4725 ;
1744 4654 1783 4711 ab
1791 4654 1837 4711 his

1008 4749 1049 4807 ita
1062 4749 1184 4806 edoctos
1195 4765 1281 4806 sacro
1296 4747 1370 4804 fonti
1384 4746 1533 4816 immergi.

1009 4837 1064 4910 (85)
1079 4839 1121 4895 Et
1133 4839 1230 4908 merpi
1239 4837 1338 4893 doctos
1352 4835 1434 4892 sacri
1448 4835 1492 4890 sic
1500 4835 1585 4904 lactc
1604 4832 1731 4889 lavacri.

963 4951 966 4958 ·
1045 4931 1155 5001 Exque
1169 4925 1352 4995 intelligitur,
1364 4923 1531 4981 etiamtum
1543 4919 1841 4994 eosquiadultibap

1009 5015 1217 5076 tizabauturin
1235 5029 1356 5070 sacrum
1378 5012 1492 5070 lentem
1518 5009 1615 5082 mergi
1636 5009 1840 5081 consuevisse,

1009 5099 1839 5177 nouantemcapitaeorumsolummodoaquaperlundi.

1011 5201 1069 5269 (88)
1084 5195 1246 5252 Constituit
1257 5193 1393 5260 medices,
1405 5193 1432 5248 si
1442 5193 1567 5248 rutnera
1580 5197 1840 5262 computruerunt.

1010 5288 1152 5357 Perquos
1166 5298 1336 5340 samonum
1350 5281 1486 5339 cauterio
1498 5286 1568 5337 sunt
1588 5281 1767 5340 adhibenda.

1048 5371 1240 5445 presbyteros
1248 5367 1420 5428 lteusnobis
1428 5367 1843 5443 medicosdsdit,quianimo

1012 5479 1082 5520 rum
1096 5466 1268 5518 nostrorum
1278 5461 1406 5517 onlnem
1424 5474 1459 5514 ac
1471 5460 1578 5529 putria
1592 5459 1707 5526 ulem,
1722 5457 1780 5513 hoc
1799 5462 1844 5514 est

1015 5556 1139 5626 peecata
1147 5543 1843 5623 granimaserrnonumsuorum,velsalubrium

1612 5639 1647 5692 26
