3996 6186
108 191 164 244 729
354 191 399 246 DE
419 189 544 248 aasrts
563 157 781 247 HORMANNIAE
801 187 924 246 Ducant
943 186 1032 244 tiBttt
1051 188 1150 246 TRES.
1171 221 1205 230 -
1225 189 1290 247 le.
1310 193 1346 247 111
1365 191 1575 249 aroasianus,
1765 197 1819 254 7³0

102 309 170 365 duo
194 308 378 368 Telboldidae
399 312 531 370 dicentes
553 311 655 368 divino
681 317 756 370 nutu
777 311 932 385 inspirati:
947 313 972 366 11
990 309 1158 380 TcDroldus,
1174 314 1331 387 caeterique
1345 314 1472 370 faetores
1484 313 1551 370 talis
1570 315 1682 373 consilii
1698 321 1727 376 et
1739 317 1819 376 ealli-

104 419 121 448 11
138 397 218 466 Tibi,
231 398 303 467 dux,
316 401 455 458 secretius
470 401 524 458 lari
536 401 686 458 volumus.
698 425 711 452 »
728 401 874 458 aichardo
889 415 935 456 se·
990 398 1088 455 ditatis
1101 399 1317 476 vituperantur.
1333 403 1501 460 ttiebardus
1511 419 1583 460 vero
1595 404 1657 461 dux
1672 408 1818 464 sanctissi-
1877 463 1882 474 ,

103 487 242 558 cedente,
257 488 420 548 intulerunt
432 490 473 547 1111
487 508 494 546 :
511 513 525 540 «
537 491 669 564 idajusne
682 491 744 548 iore
758 492 821 548 dux
831 490 935 548 North·
990 493 1172 554 musianus
1187 491 1372 566 deceptionis
1394 498 1422 550 et
1437 491 1605 549 calliditatis
1619 493 1733 550 insidiis
1752 513 1818 555 eru·

101 593 301 646 maunorum,
326 595 417 653 quam
445 585 529 636 extra
549 579 703 650 regionem
731 585 814 638 tuam
834 583 937 654 pastor
989 578 1200 648 tus‚1eierebat
1212 581 1345 654 quotidie
1360 587 1458 652 grates
1471 581 1539 652 Regi
1550 597 1657 654 regum
1671 583 1817 654 devotius,

102 667 211 724 ovium
234 671 263 723 et
286 671 486 742 caprarum‘t»
516 670 663 726 Rioberdo
687 685 757 726 vero
783 669 890 726 comite
904 667 935 724 in
990 665 1042 737 qui
1057 667 1132 722 eruit
1151 683 1220 724 eum
1241 668 1277 725 de
1302 669 1433 743 periculo
1458 670 1562 727 mortis
1588 675 1617 727 et
1642 671 1819 746 captivitatis

102 772 170 813 uno
182 756 289 813 obtutu
303 756 412 826 defixo,
429 762 458 815 et
472 759 647 816 mirabiliter
661 761 800 825 1111111111,
814 756 936 814 nulDus-
990 753 1146 826 propitius.
1165 759 1231 812 Erat
1245 757 1343 831 itaque
1368 759 1482 816 Christo
1507 757 1632 816 Domino
1655 775 1774 833 semper
1787 761 1819 818 in

101 863 167 920 que
181 846 383 920 responsionis
396 849 521 905 verbum
532 848 588 906 illis
602 849 702 917 dante,
713 849 755 904 illi
768 847 936 905 admodum
990 843 1133 899 omnibus
1144 847 1285 917 operibus
1298 847 1461 919 subjectus,
1470 849 1629 905 devotione
1641 854 1670 906 et
1679 866 1820 906 mansue-

104 941 261 1008 stupuere.
277 935 359 994 illata
378 953 449 994 vero
471 938 635 1012 propositio
659 937 732 1010 quid
757 937 940 1007 signiticaret
990 931 1093 989 tudine
1108 935 1250 991 omnibus
1263 936 1373 993 viribus
1388 943 1530 994 armatus.
1548 939 1675 996 ltoribus
1690 945 1718 997 et
1732 939 1820 996 meri·

102 1029 266 1092 scrutatus,
295 1025 432 1100 infraque
458 1027 654 1100 semetipsum
677 1027 764 1100 quasi
790 1029 935 1098 receptus,
991 1019 1026 1076 tis
1039 1022 1222 1096 praecipuus,
1236 1032 1434 1082 sacrosancto.²
1459 1027 1592 1084 Ecclesia
1608 1028 1818 1087 Northmanni-

102 1113 181 1170 dixit
192 1113 248 1170 illis
262 1115 396 1172 duobus:
411 1139 425 1168 ι
438 1116 530 1184 Unde,
541 1116 588 1172 vel
601 1117 688 1188 cujus
702 1115 806 1171 fideles
821 1113 909 1171 estis?
920 1134 935 1162 u
989 1125 1032 1166 sae
1048 1109 1245 1168 advocatione
1260 1113 1379 1184 dignus,
1399 1113 1457 1170 tide
1478 1115 1679 1188 plenissimus,
1696 1135 1748 1192 spe
1768 1134 1817 1176 ro·

102 1202 354 1276 Responderunt:
383 1204 488 1271 «Quid
514 1205 565 1263 tibi
581 1204 692 1277 cujus?
719 1208 819 1260 tonna
843 1202 934 1259 tui‘l»
988 1199 1194 1270 bustissimus,
1210 1202 1354 1259 charitate
1370 1203 1568 1273 largissimus.
1595 1206 1742 1264 Obediens
1767 1208 1818 1264 Dei

103 1291 271 1348 aichardus
297 1293 540 1350 animadvertens
566 1309 619 1350 eos
642 1309 713 1348 suos
735 1292 839 1348 fideles
859 1305 933 1360 esse,
988 1291 1155 1363 praeceptis
1168 1291 1308 1348 credulus
1323 1293 1472 1350 indiviuis
1487 1293 1818 1366 promissisntlluentia

103 1396 218 1454 eosque
232 1383 385 1456 propalari
400 1383 445 1455 cuj
452 1399 486 1438 us
503 1387 601 1440 essent
615 1382 703 1450 nolle,
718 1385 815 1451 grates
830 1395 933 1450 agens,
988 1394 1088 1435 rerum
1111 1379 1339 1454 bonitatumque
1355 1381 1500 1456 locuples,
1516 1381 1620 1439 divino
1636 1383 1819 1440 1111111111-

103 1475 134 1526 et
148 1471 215 1528 vale
230 1471 344 1540 dicens,
359 1473 519 1529 honoravit
534 1473 675 1530 seoretius
696 1472 761 1528 illos
773 1469 932 1544 praecipue.
989 1467 1120 1541 dialique
1131 1471 1232 1526 solers.
1243 1470 1350 1526 Docilis
1361 1470 1391 1526 in
1405 1486 1505 1544 opere,
1514 1469 1696 1541 longanimis
1705 1471 1737 1526 in
1749 1487 1817 1544 spe;

105 1561 165 1617 Uni
179 1577 250 1618 vero
270 1577 375 1619 ensem
395 1579 431 1620 ax
446 1563 520 1619 auro
535 1567 664 1637 quatuor
675 1561 819 1618 librarum
834 1560 865 1615 in
884 1575 934 1616 ea·
989 1556 1108 1629 sapiens
1121 1557 1151 1614 in
1165 1557 1325 1631 coDoquio,
1341 1559 1475 1632 prudens
1486 1559 1517 1616 in
1531 1559 1664 1616 consilio.
1681 1565 1713 1616 ln
1729 1560 1819 1617 corri-

102 1648 178 1720 pulo
193 1648 351 1720 fulgidum,
368 1649 451 1706 alteri
465 1665 535 1706 vero
549 1649 631 1707 dedit
648 1648 796 1707 armillam
811 1647 934 1706 totidem
950 1673 970 1727 Β
989 1645 1088 1716 gendo
1103 1651 1244 1703 constans
1268 1653 1296 1704 et
1320 1648 1490 1716 vehemens,
1505 1649 1536 1704 in
1550 1647 1707 1706 dilectione
1727 1650 1777 1705 Dei
1791 1653 1821 1704 et

101 1736 189 1793 libris
205 1737 358 1811 purissimi
373 1739 437 1794 auri
459 1738 646 1796 fabricatam.
663 1737 720 1794 lllis
741 1753 873 1810 namque
893 1752 936 1792 re·
988 1735 1117 1807 proximi
1132 1736 1251 1793 ardens.
1268 1736 1383 1793 Patiens
1398 1736 1429 1793 in
1445 1737 1589 1806 advorsis,
1603 1737 1686 1794 fortis
1696 1737 1728 1795 in
1743 1736 1819 1811 peri·
1931 1763 1934 1774 =

105 1827 296 1898 cedentibus,
311 1844 379 1901 qure
391 1827 552 1884 retulerunt
564 1827 711 1884 intimavit
727 1827 789 1882 suis
805 1827 933 1900 optima·
988 1823 1072 1879 culis.
1088 1829 1120 1880 ln
1135 1823 1243 1881 divinis
1269 1825 1523 1898 saecularibusque
1544 1825 1710 1901 disciplinis
1728 1843 1820 1884 man-

99 1913 194 1970 tibus.
204 1918 285 1971 Tunc
295 1914 336 1971 illi
346 1921 470 1974 retracta
486 1922 514 1972 et
528 1916 717 1989 interpretata
730 1915 934 1989 propositione
988 1917 1089 1969 suetus
1104 1913 1134 1970 in
1148 1913 1346 1987 eleemosynis
1360 1914 1558 1986 largissimus.

100 2006 195 2059 tantae
209 2003 384 2060 invectionis
409 2009 437 2061 et
459 2005 701 2078 comparationis,
718 2010 880 2076 coegerunt
900 2005 932 2060 il·
1023 2001 1168 2058 Assiduus
1181 2003 1213 2058 in
1228 2004 1332 2061 studiis
1354 2004 1443 2062 honre
1464 2004 1655 2078 operationis,
1674 2003 1818 2062 sollicitus

98 2089 169 2146 lum
195 2091 290 2148 redire
318 2093 430 2149 moenia
455 2093 705 2162 aornomagensis
734 2093 828 2161 urbis,
854 2095 933 2162 lega·
987 2096 1068 2147 metu
1083 2092 1195 2148 mortis.
1214 2093 1344 2150 Eximius
1372 2093 1402 2149 in
1428 2095 1532 2150 timore
1554 2094 1615 2162 Dei,
1636 2091 1816 2165 magnificus

97 2183 228 2251 tumque
242 2180 357 2236 mittere
378 2181 418 2237 ad
434 2183 615 2248 Brunonem,
631 2183 728 2255 quise
752 2198 814 2240 non
830 2186 932 2238 ventu·
987 2179 1091 2236 ordine
1112 2181 1277 2254 habituque
1301 2182 1408 2239 laicali.
1427 2187 1457 2238 tn
1472 2183 1621 2257 exsequiis
1640 2188 1817 2240 cunctorum

97 2283 170 2323 rum
194 2267 233 2324 ad
255 2269 398 2343 placitum
419 2270 570 2327 nuntiaret
587 2271 639 2328 illi.
657 2273 852 2342 Legatovero
867 2275 935 2328 Dru·
986 2269 1208 2335 devotissimus
1234 2270 1264 2326 in
1290 2270 1495 2328 misericordia
1522 2275 1550 2328 et
1578 2271 1686 2344 pietate
1711 2269 1819 2340 glorio·

99 2357 176 2413 noni
194 2357 422 2431 archiepiscopo
445 2359 600 2417 nuntiante
622 2361 804 2418 Richardum
819 2361 859 2418 ad
873 2361 936 2433 pla·
987 2374 1048 2413 sus
1091 2358 1267 2415 Praeeellenti
1311 2359 1432 2429 ingenio
1473 2359 1626 2432 praeditus,
1662 2360 1694 2416 in
1734 2358 1819 2416 omni

100 2445 195 2502 citum
219 2461 280 2502 non
304 2451 464 2504 venturum
486 2464 562 2518 esse,
591 2449 713 2522 stupuit,
738 2453 934 2522 autumatque
987 2462 1076 2519 opere
1104 2455 1252 2504 strenuus.
1277 2448 1392 2504 ludioio
1417 2449 1590 2520 justitiaque
1622 2449 1758 2520 insignis,
1786 2447 1818 2506 in

101 2539 193 2591 tantae
204 2533 388 2608 deceptionis
401 2537 561 2594 consilium
572 2538 656 2593 iDum
670 2539 933 2606 animadvertisse;
987 2553 1054 2596 reos
1067 2536 1218 2592 severitate
1234 2536 1379 2604 terribDis‚
1396 2536 1425 2592 in
1453 2537 1564 2610 probos
1588 2536 1708 2593 lenitate
1726 2536 1816 2593 mitis.

100 2623 237 2696 dixitque
259 2623 374 2695 legato:
403 2626 509 2682 «Vade
533 2625 631 2695 citius,
654 2626 762 2699 dicque
784 2625 934 2683 Richardo
988 2622 1034 2679 Ad
1045 2623 1172 2692 gratiam
1182 2624 1357 2680 meritorum
1367 2629 1535 2697 promptus,
1545 2623 1583 2680 ad
1597 2622 1820 2695 ignoscendum

102 2727 218 2781 magno
233 2711 302 2768 duoi
328 2717 360 2769 ut
384 2713 484 2769 saltim
507 2713 608 2770 veniat
629 2729 720 2787 super
738 2717 815 2786 Epire
831 2713 935 2770 11111111-
987 2711 1188 2768 offensoribus
1213 2718 1347 2784 paratus.
1373 2711 1551 2768 Humilitatis
1573 2710 1717 2784 gradibus
1740 2727 1820 2766 sum·

99 2800 178 2868 lum,
193 2801 219 2858 si
239 2803 374 2876 requiem
389 2805 534 2876 pacisque
556 2803 772 2861 incrementum
790 2804 936 2877 111111111-
987 2817 1066 2872 mus,
1083 2800 1113 2856 in
1133 2800 1216 2857 omni
1237 2801 1446 2874 hospitalitatis
1473 2800 1620 2858 famulatu
1637 2789 1817 2874 prre'oipaus.

100 2889 175 2946 bere
190 2906 314 2947 suorum
335 2890 537 2962 inimieorum,
553 2895 582 2947 et
596 2906 653 2962 ego
667 2907 723 2958 pro
746 2892 812 2964 ejus
832 2909 935 2949 amore
988 2888 1069 2945 altor
1092 2890 1323 2958 monachorum,
1345 2889 1631 2964 canonicorumque,
1648 2893 1737 2962 atque
1757 2903 1820 2959 gre-

101 2978 279 3052 proficiscar
303 2979 373 3037 illuc
395 2979 545 3036 solaturus
569 2996 673 3036 eum.»
694 2984 774 3037 Tunc
798 2980 932 3051 legatus:
989 2993 1060 3047 gum
1087 2978 1224 3050 piisimus
1250 2978 1413 3034 advocatus
1440 2995 1564 3036 suorum
1593 2978 1747 3052 providus.
1774 2976 1820 3033 Di-

102 3091 116 3116 «
127 3072 193 3124 Non
207 3073 397 3142 propterme,
409 3083 463 3126 nee
478 3074 601 3142 propter
614 3085 799 3144 quemquam
813 3074 934 3127 tuorum
989 3073 1145 3140 spensator
1167 3067 1321 3123 commissi
1345 3067 1444 3124 talenti
1467 3066 1574 3135 fidelis,
1594 3067 1765 3125 moderator
1783 3065 1820 3123 ri·

102 3157 144 3214 ad
172 3172 306 3230 praesens
330 3157 445 3214 venerit
468 3163 572 3214 eontra
611 3162 639 3214 te
676 3159 714 3215 ad
753 3159 933 3232 placitum.»
988 3174 1096 3214 rarum
1110 3157 1244 3228 insignis.
1264 3157 1407 3214 Delictum
1434 3159 1590 3230 proprium
1612 3173 1734 3228 canens,
1751 3157 1821 3213 alte-

102 3247 199 3317 llujus
231 3246 322 3318 igitur
353 3247 559 3319 responsionis
591 3247 757 3316 obstaculo,
786 3253 934 3321 tantaeque
988 3247 1050 3302 rius
1065 3246 1204 3303 severiter
1219 3247 1358 3319 puniens.
1375 3245 1495 3301 Plebem
1518 3251 1550 3301 ut
1570 3250 1654 3318 pater
1678 3243 1755 3299 tilios
1775 3245 1820 3299 io-

101 3334 272 3392 traditionis
288 3335 358 3392 dolo
373 3336 492 3409 penitus
507 3335 632 3404 detecto,
650 3337 804 3394 revertitur
817 3338 857 3394 ad
880 3354 935 3395 sua
988 3351 1072 3404 vens,
1085 3334 1188 3392 Christi
1203 3339 1352 3408 praeoepta
1367 3333 1492 3389 fideliter
1508 3331 1687 3405 adimplens.
1700 3335 1821 3404 Propter

102 3425 293 3482 verecundus
308 3427 415 3482 Druno.
988 3440 1042 3480 vos
1056 3423 1207 3480 interdum
1230 3423 1331 3490 armis,
1348 3421 1500 3480 interdum
1518 3421 1662 3495 patientia
1676 3420 1799 3477 vincens
1812 3437 1820 3488 ;

988 3529 1124 3587 paganos
1135 3515 1211 3584 jugo
1227 3513 1333 3571 Christi
1351 3512 1410 3569 levi
1428 3517 1457 3568 et
1480 3511 1660 3568 suavissimo
1675 3509 1819 3566 subdens.

988 3604 1130 3659 Defensor
1148 3603 1252 3675 patriae
1275 3600 1512 3672 robustissimus,
1529 3600 1699 3674 solatorque
1715 3597 1820 3654 vidua-

988 3708 1056 3748 rum
1082 3691 1296 3748 sanctissimus.
1322 3691 1466 3757 Prudens,
1480 3689 1704 3762 magnanimus,
1720 3689 1822 3745 bonus

988 3785 1017 3837 et
1047 3781 1213 3852 modestus,
1239 3780 1369 3851 augebat
1391 3779 1522 3854 populos
1551 3780 1666 3835 statutis
1691 3777 1820 3848 legibus.

989 3867 1163 3925 Praecellens
1177 3873 1263 3940 pater
1277 3867 1387 3923 exsulis
1412 3871 1442 3923 et
1461 3865 1584 3934 egentis,
1597 3862 1822 3936 incomparabi-

989 3957 1084 4030 lisque
1100 3957 1211 4014 solator
1226 3955 1355 4028 orphani
1377 3960 1405 4010 et
1420 3953 1536 4027 pupilli,
1550 3952 1668 4023 largum
1683 3948 1822 4023 pauperi-

989 4046 1047 4102 bus
1062 4045 1163 4102 cibum
1185 4043 1383 4110 ministrabat,
1399 4040 1653 4114 ecclesiarumque
1677 4037 1822 4095 assiduus

990 4139 1144 4207 reparator
1183 4131 1339 4188 renitebat.
1375 4132 1481 4188 Sacros
1520 4129 1639 4185 ordines
1672 4127 1823 4200 graduum

991 4221 1190 4278 Ecclesiarum
1223 4219 1348 4276 mirifico
1379 4236 1440 4292 prae
1467 4219 1609 4275 omnibus
1641 4217 1822 4288 honorabat,

991 4316 1081 4384 atque
1114 4310 1281 4367 monastiea
1308 4323 1436 4383 quaeque
1468 4308 1646 4366 adornabat.
1674 4311 1822 4377 Attentus,

954 4376 1155 4457 ”benevolus
1182 4405 1212 4456 et
1239 4397 1343 4454 docilis
1382 4399 1412 4454 in
1438 4399 1521 4455 omni
1550 4415 1640 4472 opere
1667 4396 1821 4464 existebat,

991 4490 1257 4561 accusantiumque
1293 4497 1322 4544 et
1350 4494 1562 4545 accusatorum
1597 4486 1706 4560 arquaD
1737 4485 1823 4540 lance

992 4578 1129 4653 querelas
1145 4578 1307 4634 discutiens
1323 4577 1496 4634 trutinabat.
1508 4581 1572 4633 Non
1586 4589 1733 4649 personas
1746 4587 1823 4644 pau-

990 4687 1098 4744 perum
1124 4668 1172 4724 vel
1198 4668 1366 4742 potentium
1394 4667 1425 4723 in
1451 4665 1565 4738 iudicio
1589 4663 1650 4720 uDo
1673 4661 1753 4718 cultu
1778 4675 1824 4715 re·

991 4759 1129 4816 verentia
1151 4757 1341 4832 respiciebat;
1366 4771 1470 4812 rerum
1494 4749 1733 4825 expugnantium
1752 4764 1825 4822 que-

991 4848 1145 4916 rimonias,
1172 4847 1296 4920 dempta
1334 4843 1518 4915 scrupulosae
1544 4840 1587 4896 rei
1616 4837 1822 4908 ambiguitate,

992 4953 1160 5002 recensens,
1185 4933 1382 5006 dijudicabat.
1417 4929 1521 4988 lleritis
1562 4935 1590 4984 et
1629 4925 1712 4982 iactis
1750 4941 1825 4998 prar-

286 5173 350 5237 0110
366 5185 524 5270 ἾΠΠἹΠΒΠῙ
542 5169 686 5243 emerim
991 5204 1081 5259 uehat
1097 5203 1271 5270 arrogantes
1286 5203 1313 5253 et
1325 5195 1492 5268 improbos,
1509 5194 1655 5268 puniebat
1665 5199 1823 5253 contuma-

287 5260 344 5318 Sed
357 5259 471 5330 V¹3⁶b¹⁸
485 5259 656 5316 ⁵⁰⁰¹¹¹⁰r¹¹m
992 5307 1041 5347 ces
1056 5295 1083 5345 et
1097 5303 1173 5352 reos,
1189 5285 1341 5343 exaltabat
1363 5283 1492 5340 humiles
1513 5288 1542 5339 et
1562 5282 1734 5353 benevolos,
1751 5298 1823 5340 eon-

285 5349 353 5404 Jam
369 5363 424 5422 per
436 5347 545 5404 saecula
559 5351 677 5404 1111111111·
992 5378 1129 5436 calcabat
1143 5381 1278 5449 raptores
1293 5379 1322 5430 et
1345 5373 1484 5444 injustos.
1501 5372 1621 5430 Tirones
1636 5389 1698 5429 suae
1713 5370 1823 5428 domus

421 3567 613 3609 trosrnoram

283 3653 440 3712 lloliuntur
455 3670 522 3711 ecoe
537 3655 648 3728 plures,

283 3743 304 3800 0
321 3742 468 3800 Richarde
483 3744 623 3816 benigue,

283 3831 408 3905 Duxque
423 3832 626 3906 patriciusque
642 3849 784 3906 magnus,

283 3919 402 3978 Cunctis
416 3925 445 3977 et
460 3936 561 3978 comes
575 3921 684 3978 almus.

284 4008 450 4080 Subjugare
466 4013 493 4065 te
506 4014 642 4081 potenter

282 4097 369 4154 Vaira
390 4097 561 4167 calliditate,

283 4189 317 4243 at
330 4191 470 4244 retractat
482 4187 613 4261 quisque
628 4185 710 4257 dolo,

284 4277 348 4342 Quo
359 4281 385 4333 te
401 4275 506 4348 perdat
520 4276 632 4350 inique.

284 4369 405 4440 Propter
419 4366 476 4424 hoo
492 4365 577 4422 stude
593 4365 725 4422 valenter

285 4457 378 4524 Certa,
394 4470 520 4528 speque,
532 4455 652 4528 fideque

285 4545 399 4602 linitere
413 4545 440 4601 vi
455 4544 596 4612 micante,

285 4634 390 4690 Daritis
406 4633 603 4706 mercedeque
617 4634 708 4706 justa,

286 4724 349 4788 Quo
366 4739 459 4797 queas
474 4722 574 4792 vigore
588 4739 707 4796 semper

287 4812 390 4870 Solerti
405 4813 563 4886 probitate,

286 4901 372 4960 Callis
387 4907 416 4958 et
425 4901 497 4974 justi
511 4907 609 4958 tenere

287 4990 417 5061 Libram,
432 4996 547 5048 rectum
564 4991 719 5065 itinerque.

142 5475 227 5530 Tune
243 5488 296 5547 per
310 5477 403 5530 totam
417 5473 529 5546 quippe
544 5471 709 5542 Franciam,
722 5471 938 5540 burgundiam·
991 5467 1123 5544 praemiis
1145 5471 1173 5522 11
1194 5463 1370 5520 muneribus
1397 5461 1436 5517 ad
1460 5461 1651 5518 serviendum
1669 5461 1822 5531 incitabat,

109 5579 166 5637 que
181 5567 210 5618 et
224 5565 331 5620 cetera
345 5577 448 5632 regna,
464 5577 569 5618 rumor
582 5567 670 5620 tantae
684 5559 861 5628 traditionis,
877 5565 938 5616 tan-
992 5560 1121 5630 mnjores
1136 5559 1208 5612 natu
1229 5552 1378 5609 beneticiis
1394 5550 1550 5608 affluenter
1565 5551 1691 5608 ditabat.
1708 5549 1758 5604 Vix
1773 5565 1823 5606 ne·

110 5653 191 5726 tique
215 5651 275 5710 doli
296 5651 474 5726 propalatur
499 5655 528 5708 11
551 5650 591 5708 ab
616 5649 762 5710 universis
787 5649 888 5706 Bruno
910 5652 939 5709 et
992 5663 1043 5704 mo
1058 5646 1189 5706 audebat
1202 5642 1234 5699 in
1247 5657 1341 5713 regno
1351 5657 1406 5698 suo
1417 5640 1625 5713 praeiudicium
1637 5639 1745 5708 lacere,
1757 5638 1824 5696 nul-
