4002 6174
223 163 276 219 us
913 152 1081 212 encours
1098 117 1238 212 eseruu
1284 167 1287 178 ,

222 299 295 342 vero
308 281 530 341 interlineasin
558 282 660 341 medio
681 281 838 342 intervallo
861 287 891 341 et
903 280 1001 356 spatio
1012 276 1049 336 li-
1067 283 1093 340 t

221 389 359 432 neerum.

259 515 501 590 Quanticumque
515 531 586 589 ergo
597 517 663 575 soni
675 517 706 575 iu
722 532 783 575 uua
795 517 876 574 linea
888 513 936 572 vel
948 514 980 571 in
990 526 1052 569 uno

224 605 323 680 spatio
338 609 417 675 sunt,
430 622 537 664 omues
552 607 685 666 similiter
708 610 826 665 sonent.
854 609 888 663 Ut
902 608 1004 662 autem
1025 606 1054 659 et

222 697 297 754 illud
311 695 468 767 intelligas,
483 701 604 770 quantae
618 698 704 755 lineae
722 697 771 755 vel
784 697 882 771 spatie
896 710 992 752 unum
1001 694 1053 750 ha·

223 788 296 846 beut
306 802 425 856 sonum,
441 787 625 861 quibuslibet
638 787 723 846 lineis
735 787 784 846 vel
797 786 900 862 spatiis
910 783 1053 860 quedam

223 877 326 935 litterae
340 875 378 932 de
390 877 598 935 monochordo
607 877 848 952 praefigurantur,
859 881 948 951 atque
963 873 1054 933 etiam

225 965 340 1024 colores
353 965 597 1038 superducuntur
612 985 619 1022 :
635 967 717 1024 unde
729 967 820 1024 datur
833 965 965 1037 intelligi,
981 963 1054 1038 quia

225 1058 258 1116 in
271 1059 332 1113 toto
348 1054 558 1128 antiphonario
571 1056 639 1114 etin
654 1057 736 1113 omni
748 1061 838 1114 cantu
849 1059 1054 1130 quantiscum-

226 1161 285 1220 que
300 1144 383 1201 lineas
397 1143 445 1200 vel
458 1143 556 1218 spatia
568 1161 663 1202 unum
677 1145 878 1220 eamdemque
887 1143 1001 1201 habeut
1013 1142 1056 1198 lit·

227 1240 322 1292 teram
335 1233 384 1290 vel
398 1233 539 1291 eumdem
550 1234 692 1308 colorem,
716 1235 758 1292 ite
770 1251 824 1308 per
838 1234 941 1293 omnia
956 1232 1057 1291 simill-

227 1329 271 1381 ter
285 1326 405 1394 sonant,
420 1328 567 1397 tanquam
583 1324 608 1381 si
618 1340 724 1382 omnes
752 1324 783 1380 in
807 1341 869 1382 une
891 1323 971 1384 linea
983 1322 1056 1380 iuis-

228 1412 303 1478 sent,
318 1407 391 1481 quia
405 1407 481 1464 sicut
502 1407 581 1466 linea
606 1410 752 1467 unitatem
775 1425 929 1477 sonorum,
943 1409 984 1466 ita
1002 1423 1057 1480 per

228 1497 330 1555 omnia
343 1497 440 1555 littere
465 1497 513 1554 vel
538 1498 620 1556 color
640 1500 785 1558 unitatem
804 1499 953 1571 significet
966 1499 1057 1556 linea·

228 1599 307 1655 rum,
319 1599 353 1639 ac
368 1598 423 1656 per
436 1582 493 1640 boe
506 1585 597 1640 etiam
612 1600 766 1642 sonorum.

264 1673 376 1736 Quodsi
390 1673 559 1730 secundum
573 1673 710 1732 ordinem
723 1691 866 1732 sonorum
881 1674 921 1732 ab
932 1675 1002 1750 ipsa
1015 1637 1093 1731 lit-B
1420 1745 1427 1759 .

230 1755 354 1822 tere'vel
367 1762 499 1820 colorota
513 1763 592 1822 linea
610 1763 723 1838 ubique
748 1764 900 1838 inspicias,
930 1769 958 1822 et
984 1763 1058 1822 illud
1401 1794 1425 1849 v

230 1856 331 1926 aperte
346 1867 520 1923 cognosces,
550 1853 619 1926 quia
634 1855 665 1910 in
692 1855 834 1913 omnibus
860 1855 1000 1913 secundis
1013 1871 1060 1912 or-
1387 1835 1434 1938 111:

231 1941 352 1998 dinibus
366 1941 473 1998 eadem
487 1958 598 2000 vocum
616 1949 645 2002 et
670 1961 851 2004 neumarum
877 1951 924 2004 est
948 1946 1057 2003 unitas.

233 2030 370 2089 Similiter
379 2031 416 2088 de
433 2033 517 2089 tertio
531 2033 578 2090 vel
592 2039 700 2108 quarto
715 2035 819 2093 ordine
834 2041 863 2094 et
875 2037 997 2111 reliquis
1012 2035 1059 2093 in-

232 2119 340 2191 tellige,
364 2120 426 2178 sive
464 2122 631 2196 superiores
662 2124 722 2182 sive
759 2125 912 2184 interiores
938 2127 1059 2185 ordines

232 2225 347 2267 cernas.

269 2299 359 2370 Igitur
386 2299 547 2358 certissime
571 2307 698 2376 constat,
713 2304 785 2378 quia
810 2321 915 2363 omnes
941 2322 1059 2364 neumae

232 2383 280 2439 vel
295 2383 360 2439 soni
373 2382 405 2439 in
417 2384 553 2456 ejusdem
567 2386 669 2444 litterae
680 2388 727 2445 vel
741 2390 849 2447 coloris
863 2390 948 2448 lineis
957 2391 1059 2448 simili-

233 2476 277 2529 ter
300 2472 398 2546 positi,
426 2473 473 2531 vel
500 2474 681 2534 dissimiliter
704 2478 832 2536 litterata
856 2479 903 2536 vel
928 2481 1062 2538 colorata

232 2561 312 2618 linea
326 2561 436 2635 pariter
445 2561 586 2637 elongati,
602 2567 772 2638 peremnia
786 2567 919 2626 similiter
932 2573 1059 2627 sonent:

1609 1807 1668 1912 1111?

1406 1971 1428 2028 Ι.
1517 1971 1542 2027 Α
1628 1946 1661 2001 ΙΙ.

1388 2060 1445 2115 vn·
1519 2063 1539 2111 Γ
1610 2033 1680 2089 Vlll.

1150 2163 1293 2236 Quamvis
1307 2167 1409 2220 autem
1424 2161 1486 2220 duo
1495 2175 1615 2234 semper
1626 2154 1689 2214 tuni
1701 2153 1733 2211 in
1750 2168 1811 2209 uua
1826 2150 1886 2208 sint
1896 2149 1938 2205 lit·

1114 2263 1177 2318 tera
1192 2254 1240 2314 vel
1253 2268 1338 2322 voce,
1354 2256 1457 2310 umen
1470 2250 1566 2308 multo
1580 2245 1688 2306 melius
1711 2247 1739 2300 et
1762 2239 1939 2315 trequeutus

1113 2343 1295 2406 conveniunt
1305 2341 1432 2413 singulis
1442 2338 1560 2399 neumis
1575 2353 1610 2395 ac
1639 2332 1721 2392 sonis
1742 2330 1881 2390 formulae
1903 2343 1954 2394 se,

1113 2429 1205 2490 eundi
1218 2427 1291 2496 toni,
1304 2425 1413 2500 quarti,
1434 2424 1509 2482 sexti
1530 2428 1560 2481 et
1577 2418 1685 2480 octavi
1713 2421 1788 2475 Nam
1810 2413 1941 2474 formula

1114 2519 1214 2597 primi,
1230 2515 1416 2590 tertii,quinti
1429 2518 1459 2572 et
1473 2511 1592 2588 septimi
1601 2524 1663 2567 non
1679 2505 1876 2576 conveniunt,
1891 2501 1941 2560 nisi

1115 2627 1186 2668 cum
1196 2611 1302 2665 cautus
1314 2605 1355 2662 ab
1365 2605 1425 2662 alto
1442 2600 1627 2661 descendens
1642 2599 1675 2658 in
1685 2612 1808 2670 gravem
1824 2595 1944 2652 davene

233 2645 265 2702 in
279 2645 403 2702 diversis
419 2650 520 2704 eutem
535 2648 620 2706 lineis
634 2650 680 2707 vel
696 2653 798 2725 spatiis
824 2653 915 2711 etiem
928 2653 1062 2712 similiter

233 2732 319 2791 taetre
332 2749 452 2792 neumoe
464 2751 660 2812 nequaquem
687 2741 820 2799 similiter
843 2746 960 2800 sonent.
978 2742 1062 2800 ldeo-

233 2837 293 2896 que
306 2823 446 2896 quemvis
458 2823 588 2898 perlecta
604 2827 643 2884 sit
655 2829 789 2902 positura
803 2847 994 2902 neumarum,
1008 2847 1064 2888 crc-

234 2926 270 2967 ce
285 2911 410 2968 omuino
424 2917 478 2984 est,
492 2915 600 2972 etnihil
612 2917 691 2975 valet
702 2918 765 2978 sine
780 2919 973 2992 adjunctione
986 2920 1063 2978 litte-

233 3015 335 3056 rarum
351 3000 553 3061 velcolorum.

270 3091 351 3146 Duos
363 3091 443 3147 enim
457 3092 576 3151 colores
592 3097 745 3169 ponimus,
772 3116 894 3158 crocum
914 3101 1024 3160 scilicet
1038 3107 1067 3161 et

234 3179 373 3253 rubeum,
388 3196 531 3256 perquos
554 3185 668 3244 colores
692 3188 780 3246 valde
791 3189 891 3248 utilem
917 3190 969 3248 tibi
979 3207 1065 3264 regu·

235 3267 297 3326 lem
324 3271 422 3344 trado,
451 3289 504 3347 per
531 3291 625 3349 quem
656 3277 810 3350 aptissime
837 3296 1001 3352 cognosces
1026 3282 1064 3340 de

234 3359 318 3416 omni
328 3376 440 3418 neuma
455 3367 484 3420 et
499 3380 681 3439 uusquequo
691 3383 775 3436 voce,
788 3369 825 3425 de
836 3369 919 3442 quali
931 3376 1002 3428 tono
1017 3372 1063 3442 sit,

235 3451 264 3503 et
275 3446 313 3504 de
327 3448 409 3519 quali
421 3447 516 3507 littera
530 3453 728 3511 monochordi
745 3474 751 3512 :
769 3455 793 3511 si
804 3461 915 3527 umen,
930 3464 964 3516 ut
976 3459 1064 3517 valde

234 3537 279 3591 est
292 3539 509 3608 opportunum,
534 3542 775 3600 monochordum
801 3551 830 3602 et
852 3550 992 3604 tonorum
1007 3547 1065 3605 for-

234 3623 334 3680 mulas
345 3623 533 3698 infrequenti
545 3627 658 3686 babeas
670 3647 737 3689 usu.

272 3731 390 3804 Septem
413 3747 484 3789 vero
518 3739 588 3791 sunt
613 3736 715 3795 litterae
751 3701 961 3816 monochordi,
990 3745 1067 3804 sicut

1116 2699 1364 2845 rrtsstliltltguttfflem
1378 2796 1539 2856 cognosce,
1554 2777 1638 2855 quod
1651 2777 1677 2835 si
1690 2776 1736 2834 vis
1762 2775 1794 2832 in
1808 2773 1856 2832 his
1874 2769 1945 2829 notis

1116 2876 1273 2953 prolicere,
1288 2887 1410 2932 necesse
1424 2875 1470 2929 est
1483 2874 1516 2928 ut
1526 2869 1698 2944 aliquantos
1708 2869 1815 2924 cantus
1829 2863 1873 2920 ite
1888 2875 1945 2918 me

1079 2985 1100 3043 c
1119 2964 1241 3023 moriter
1252 2962 1364 3033 disces,
1384 2965 1417 3018 ut
1428 2975 1483 3035 per
1496 2957 1630 3028 singulas
1642 2970 1770 3012 neumas
1781 2951 1894 3009 modos
1907 2945 1947 3004 rel

1120 3069 1210 3112 sonos
1226 3067 1344 3120 omues,
1358 3051 1420 3125 qui,
1435 3049 1483 3106 vel
1495 3046 1600 3121 quales
1615 3044 1683 3111 sint,
1702 3041 1879 3098 memoriter
1889 3053 1947 3095 sen·

1118 3137 1499 3214 tiasouodquidemlouge
1507 3131 1640 3190 aliudest
1650 3127 1822 3186 memoriter
1831 3141 1947 3200 sapere,

1118 3248 1213 3307 quem
1227 3227 1399 3286 memoriter
1408 3239 1525 3292 canere,
1535 3218 1684 3278 cumillud
1692 3217 1747 3276 soli
1758 3215 1899 3275 habeant
1907 3231 1948 3272 sa·

1117 3322 1245 3395 pientes,
1260 3317 1318 3375 hoc
1330 3315 1377 3373 vel
1391 3328 1470 3386 saepe
1484 3310 1595 3369 faciant
1604 3307 1819 3383 imprudentes.
1834 3307 1873 3364 Et
1886 3305 1948 3362 sim·

1118 3409 1247 3484 plicibus
1261 3405 1384 3481 quidem
1398 3403 1437 3460 ad
1451 3398 1679 3472 cognoscendas
1698 3394 1876 3469 simpliciter
1884 3409 1949 3450 neu

1118 3515 1185 3556 mas
1199 3498 1256 3554 iste
1281 3492 1439 3551 sufficiant.
1468 3487 1628 3558 Quomodo
1657 3490 1758 3544 autem
1783 3483 1948 3558 liquescent

1118 3588 1250 3654 receset
1259 3599 1298 3641 an
1309 3581 1497 3639 adherenter
1509 3577 1556 3636 vel
1568 3576 1695 3633 discrete
1711 3577 1828 3632 sonent.
1844 3574 1945 3640 Quave

1119 3675 1179 3732 sint
1190 3689 1318 3730 morose
1329 3668 1547 3740 ettremulea,et
1563 3662 1788 3733 subitaneae,vel
1796 3659 1947 3737 quomodo

1119 3764 1268 3822 cantilena
1283 3758 1526 3820 distinctionibus
1539 3755 1703 3826 dividatur,
1730 3758 1759 3811 et
1770 3768 1810 3810 an
1824 3769 1887 3810 vox
1910 3765 1937 3806 se

227 3817 664 3925 ·l{¹0¹1i⁰³P⁰⁸¹‘J³m⁰⁰⁸t{³b0·
696 3827 881 3929 Ub{⁰¹¹111tlu⁰
895 3849 967 3905 01'80
986 3834 1066 3893 Vide·
1119 3869 1216 3930 quens
1230 3852 1271 3910 ad
1298 3849 1520 3926 precedentem
1544 3845 1673 3919 gravior,
1687 3843 1736 3902 vel
1758 3843 1885 3910 acutior,
1907 3837 1946 3897 vel

234 3923 275 3962 rrs
290 3923 501 3984 crocum,1pse
514 3917 560 3968 est
573 3912 670 3972 littera
684 3921 769 3975 tertia
784 3919 814 3976 c.
837 3924 867 3976 et
880 3919 1066 3992 ubicumque
1120 3943 1277 4018 aequigona
1291 3939 1328 3998 sit
1341 3937 1420 3997 facili
1448 3935 1597 4011 colloquio
1621 3933 1653 3991 in
1679 3933 1745 4008 ipsa
1770 3945 1945 3990 neumarum

234 3996 344 4097 videris
353 3998 496 4100 minium,
510 4000 577 4074 ipse
591 4007 637 4061 est
659 4004 754 4063 littera
767 4011 850 4065 sexta
864 4009 894 4065 li.
915 4009 1021 4066 sivein
1034 4007 1067 4065 li·
1120 4033 1218 4103 figura
1228 4032 1421 4096 monstratur,
1438 4027 1472 4096 si,
1485 4029 1519 4082 ut
1531 4024 1653 4091 debent,
1666 4037 1703 4080 ex
1711 4021 1862 4080 industria
1872 4034 1945 4077 com.

236 4101 310 4153 ners,
336 4103 398 4145 srva
433 4093 510 4146 mter
539 4089 634 4148 lineas
664 4093 720 4168 ipsi
761 4094 910 4155 ducantur
941 4099 1065 4157 colores.
1120 4124 1282 4195 ponantur,

236 4177 328 4246 lgitur
340 4177 426 4233 tertio
440 4178 544 4237 ordine
561 4181 619 4238 sub
643 4199 731 4241 croco
740 4185 840 4258 prima
851 4191 896 4245 est
922 4187 1018 4248 littera
1032 4196 1066 4248 Α.
1445 4185 1626 4244 EPILOGUS·

236 4263 268 4320 in
290 4279 352 4337 qua
377 4268 466 4323 tonus
493 4283 609 4340 primus
635 4271 685 4345 (et)
712 4273 761 4330 vel
785 4276 959 4336 secundus:
977 4295 1068 4354 super
1140 4279 1351 4339 Demodorum
1365 4276 1507 4349 somatis
1520 4279 1548 4332 et
1564 4279 1708 4332 cantuum
1727 4271 1930 4345 quantitatibus.

236 4352 316 4410 hanc
326 4354 413 4425 iuxta
426 4371 548 4414 crorum
563 4360 697 4418 secunda
718 4362 814 4420 littere
839 4367 869 4422 Β.
888 4365 919 4423 in
941 4383 1003 4442 qua
1024 4337 1105 4427 estD
1156 4373 1270 4427 vocum
1283 4366 1406 4437 modus,
1421 4368 1556 4422 veterum
1570 4362 1668 4421 editus
1681 4360 1945 4434 votadtsgregetus

237 4444 326 4498 tonus
336 4443 438 4500 tertius
465 4444 513 4501 vel
527 4452 662 4519 quartus.
694 4451 806 4509 Deinde
833 4453 864 4510 iu
885 4454 951 4528 ipso
979 4471 1067 4515 croco
1121 4474 1221 4518 evoro
1235 4460 1356 4516 etrectu
1371 4452 1679 4523 cautionisgenere,et
1692 4451 1724 4508 in
1738 4449 1945 4508 chromau'cun

237 4536 284 4589 est
294 4547 354 4589 vox
368 4531 410 4604 (id
424 4534 478 4606 est)
493 4534 539 4593 vel
556 4534 652 4594 littera
661 4540 746 4596 tertia
756 4539 786 4596 C.
799 4541 830 4597 in
845 4559 906 4616 que
918 4549 965 4603 est
977 4548 1068 4602 tonus
1121 4549 1276 4608 mollitiem
1292 4546 1440 4604 deductus
1454 4544 1495 4601 ob
1515 4542 1639 4602 rationis
1653 4540 1814 4617 penuriam
1826 4554 1898 4597 nuru
1911 4535 1945 4592 ad

237 4621 361 4695 quintus
375 4627 404 4680 et
418 4628 528 4682 sextus.
552 4626 652 4684 Vicina
680 4628 769 4703 su'per
794 4647 916 4690 crocum
941 4635 1068 4692 ettertia
1120 4637 1252 4713 priorem
1267 4638 1379 4692 statum
1404 4632 1518 4704 labore,
1547 4629 1627 4688 haud
1644 4628 1723 4688 iacili
1745 4627 1887 4686 reductus
1898 4627 1944 4682 est

238 4711 296 4768 sub
311 4712 415 4783 minio,
431 4717 475 4770 est
497 4706 594 4773 litte're
614 4723 719 4791 quarta
748 4721 823 4777 nin
837 4727 956 4796 quaest
978 4729 1068 4782 tonus
1121 4725 1236 4783 Etenim
1246 4723 1319 4798 quia
1333 4722 1406 4796 (qui)
1423 4720 1464 4779 ab
1478 4718 1653 4778 auctoribus
1663 4723 1708 4776 est
1727 4717 1839 4787 editus·
1854 4713 1946 4772 ΗΜΘ*

238 4799 355 4872 primus
370 4800 416 4858 rel
431 4803 592 4860 secundus.
618 4806 759 4865 Proxime
783 4813 829 4866 est
844 4809 947 4869 mimio
961 4813 1068 4887 quinte
1121 4813 1245 4872 reminis
1254 4811 1441 4884 jamjamque
1455 4808 1600 4882 gravilate
1609 4806 1741 4864 <larebat-
1753 4809 1812 4864 Νθθ
1827 4805 1944 4868 111Μὶ

239 4892 270 4946 E.
284 4891 315 4946 in
329 4907 392 4965 que
412 4896 501 4949 tonus
520 4895 622 4951 tertius
650 4896 695 4953 vel
721 4903 856 4972 quartus.
875 4903 907 4956 ln
929 4901 998 4975 ipso
1023 4907 1070 4960 est
1122 4919 1192 4960 cum
1206 4901 1288 4960 enim
1301 4900 1458 4958 existerent
1472 4897 1609 4973 quidem,
1617 4895 1670 4971 qui
1679 4895 1764 4954 illum
1777 4895 1895 4954 eurtum
1904 4905 1945 4948 er-

240 4979 333 5036 minio
352 4980 545 5041 litterasexta
570 4987 599 5041 F.
619 4985 651 5041 in
676 5003 738 5060 que
761 4991 850 5045 tonus
870 4990 993 5064 quintus
1021 4991 1069 5050 vel
1121 4991 1210 5050 bitrio
1227 4989 1441 5059 commiserint,
1466 4986 1593 5061 quidun
1616 5001 1688 5043 vero
1701 4983 1810 5059 potiori
1835 4983 1946 5054 agentes

240 5072 353 5125 sextus.
366 5073 452 5128 Juxta
468 5087 558 5145 super
576 5073 703 5131 minium
719 5077 846 5151 septime
859 5081 904 5134 est
916 5081 947 5136 G.
962 5079 994 5137 iu
1008 5097 1070 5154 qua
1122 5080 1248 5139 consilio
1262 5077 1428 5136 rationibus
1444 5075 1641 5148 adsignarint,
1657 5073 1786 5148 iurique,
1802 5077 1891 5148 prout
1900 5085 1945 5126 ro·

241 5163 330 5216 tonus
355 5162 500 5236 septimus
521 5164 570 5220 vel
590 5167 724 5222 octavus.
753 5165 863 5224 Deinde
874 5168 973 5242 prima
987 5185 1070 5244 repe·
1122 5172 1222 5229 luntas
1250 5168 1327 5238 tulit,
1357 5166 1468 5224 diversi
1490 5166 1612 5224 diversa
1633 5166 1826 5240 seripserunt.
1854 5167 1946 5234 ltaque

241 5249 312 5307 titur
325 5267 353 5308 a.
368 5251 452 5309 tertio
466 5252 568 5310 ordine
584 5270 674 5328 super
686 5255 813 5314 minium
829 5261 857 5314 et
868 5258 953 5316 tertio
968 5259 1070 5318 subter
1123 5263 1212 5333 prout
1226 5272 1400 5332 possumus,
1415 5255 1539 5314 rationis
1567 5253 1768 5330 speculatores
1783 5255 1945 5328 sequentes

242 5353 375 5408 crocum,
387 5339 419 5397 in
431 5357 493 5415 qua
507 5345 596 5399 tonus
616 5343 732 5418 primus
760 5347 811 5420 (et)
838 5346 884 5404 vel
907 5347 1068 5418 secundus,
1123 5347 1252 5406 breviter
1264 5350 1295 5404 et
1304 5344 1428 5404 strictim
1439 5359 1672 5420 prosequemur.

241 5432 275 5485 ut
288 5427 402 5484 dietum
413 5433 468 5487 est.
480 5432 548 5488 Post
576 5447 670 5505 quem
682 5448 789 5490 omnes
805 5433 870 5492 alise
894 5434 1071 5492 reiterantur
1451 5435 1631 5493 cariture.

241 5515 394 5592 prioribus
408 5516 439 5574 in
452 5517 536 5575 nullo
551 5519 721 5578 dissimiles.
738 5524 809 5590 Qua
828 5523 932 5581 omnia
952 5523 1071 5597 plenius
1125 5532 1151 5586 t.
1163 5529 1204 5584 De
1217 5524 1350 5584 motione
1364 5528 1394 5582 et
1406 5523 1487 5582 vocis
1498 5522 1648 5595 acumine,
1659 5538 1713 5581 seu
1726 5521 1883 5596 manum.

241 5607 306 5667 hoc
318 5609 347 5667 tc
357 5605 457 5682 flgrua
468 5606 597 5668 docebit.
1125 5621 1153 5678 2.
1169 5617 1210 5676 ne
1219 5613 1384 5690 integritate
1393 5616 1423 5676 et
1433 5611 1642 5680 diminutione.
