3984 6182
216 201 269 266 eet
704 197 853 258 uoneerr
871 198 973 256 neers
991 155 1204 254 rmueoauu
1222 192 1435 255 renouare.
1873 205 1920 261 aa

218 345 287 404 pen.
304 327 357 384 ιιιι
371 322 516 380 suburbio
531 322 643 380 castelli
663 325 741 381 Beati
756 324 869 384 tlartini
896 339 932 380 ex
962 325 1046 394 parte
1064 320 1265 390 Amavimus,
1290 325 1319 378 et
1346 318 1450 378 annuli
1478 321 1572 378 nostri
1602 321 1799 397 impressione
1830 325 1921 397 signe-

218 415 377 478 occidcntis
392 433 398 482 ;
411 413 608 470 terminantur
621 415 659 471 de
674 431 735 472 una
747 419 832 487 parte
852 413 899 470 via
912 410 1044 486 publica,
1101 409 1212 467 vimus.

218 509 255 566 de
269 505 388 562 duabus
401 508 478 561 terra
492 503 587 577 ipsius
600 504 765 578 potestatis,
788 504 826 561 de
849 507 957 576 quarta
970 506 1047 558 terra
1136 499 1303 557 lietbertus.
1319 503 1380 572 ligo
1394 499 1556 558 balduinus
1577 501 1772 560 cancellarius
1785 502 1891 577 relegi,
1902 513 1924 562 et

218 594 317 655 Sancti
331 592 426 650 Pauli.
440 592 575 649 Reddent
588 609 715 649 censum
738 592 778 650 ad
801 593 927 649 missam
948 589 1048 648 Sancti
1101 589 1275 663 subscripsi.

216 683 331 744 llartim
344 681 505 739 hiemalem
524 681 593 738 den.
610 686 750 756 quatuor.
781 686 863 752 item,
891 682 929 738 de
954 679 1047 737 vineis
1485 682 1552 736 lllV.

216 791 253 832 ex
268 774 408 830 thesauro
423 787 526 844 arpen.
556 787 586 828 ιιι
611 771 641 829 in
669 772 814 829 suburbio
837 771 949 829 castelli
966 769 1048 826 Beati
1100 767 1222 825 Roberti
1234 769 1313 839 repis
1327 773 1356 825 et
1370 767 1553 826 Constantia
1573 770 1686 840 rapina
1710 769 1824 826 charte
1838 772 1924 829 dede

220 862 335 929 ltartini
361 861 401 918 ad
430 861 595 918 Curoeeium
619 862 775 931 maceriae3
791 863 989 918 terminantur
1009 858 1047 916 de
1136 860 1259 915 natione
1270 858 1380 928 praetii
1389 873 1485 928 prope
1503 859 1693 928 Vermerucm,
1704 861 1793 930 suctu
1807 861 1924 920 obbatis

217 951 337 1009 duabus
349 950 485 1024 partibus
497 951 550 1007 viis
566 950 705 1023 publicis,
719 951 757 1008 de
775 951 897 1025 reliquis
909 948 1046 1025 partibus
1138 946 1376 1017 Compendiensi.

218 1045 296 1098 terra
309 1043 423 1098 Sanctae
437 1040 548 1108 Crucis,
566 1045 594 1096 et
603 1045 689 1113 prato
706 1041 803 1098 Sancti
816 1039 966 1097 venantii:
980 1037 1047 1095 red·
1415 1035 1515 1108 (Anno
1531 1037 1621 1110 ¹02⁹).

218 1130 290 1187 dent
303 1145 427 1186 censum
449 1128 629 1186 admissam
657 1129 756 1187 Sancti
779 1129 893 1188 llartini
913 1146 949 1186 ex
963 1131 1047 1202 parte
1102 1123 1244 1196 [ιιιιιιιι.,
1260 1125 1374 1182 Annei.
1388 1125 1513 1194 Bened„
1541 1131 1616 1183 tom,
1644 1128 1686 1192 lv,
1716 1139 1790 1198 pag.
1808 1129 1871 1190 602,
1896 1141 1924 1180 ex

217 1217 389 1288 occidentis,
406 1217 603 1274 terminantur
617 1217 655 1274 de
671 1235 731 1275 una
745 1223 829 1292 parte
849 1223 926 1275 terra
949 1215 1047 1273 sancti
1413 1214 1625 1287 autographol.

217 1307 330 1365 llartini
343 1307 381 1364 de
394 1307 536 1378 Pomaria,
556 1306 594 1364 de
608 1307 701 1364 altera
724 1307 762 1365 de
783 1307 850 1382 ipsa
874 1306 1006 1364 Portaria
1021 1306 1050 1362 et
1140 1304 1170 1357 ln
1183 1299 1306 1358 nomine
1321 1305 1433 1358 sanctae
1448 1307 1477 1358 et
1488 1301 1662 1371 individuas,
1673 1302 1835 1373 uirtutis,
1846 1303 1921 1358 Patris

216 1401 295 1454 terra
307 1395 406 1454 Sancti
423 1395 553 1470 Sulpicii,
570 1397 607 1453 de
626 1401 734 1471 quarta
747 1397 796 1453 via
817 1396 940 1471 publica
957 1413 963 1452 :
981 1396 1048 1453 red-
1103 1394 1131 1446 et
1159 1389 1228 1456 Filii,
1257 1395 1285 1446 at
1311 1389 1435 1464 Spiritus
1462 1390 1567 1456 sancti,
1591 1406 1647 1462 ego
1662 1393 1831 1447 llornaarus
1845 1391 1922 1460 gratia

217 1485 289 1542 dent
304 1501 428 1542 censum
444 1485 624 1542 admissam
640 1487 739 1544 Sancti
760 1485 873 1545 llartini
888 1485 1048 1542 hiemalem
1103 1478 1152 1536 llei
1168 1480 1350 1536 Francorum
1361 1495 1424 1548 rex,
1440 1483 1470 1536 et
1482 1481 1657 1536 Cousrraru
1682 1477 1790 1536 divino
1805 1483 1921 1535 nuerre

217 1574 286 1631 den.
302 1578 370 1632 tres.
385 1574 467 1642 Item,
491 1574 529 1630 de
553 1575 647 1631 vineis
670 1591 708 1632 ex
721 1577 864 1633 thesauro
878 1575 1049 1649 quartarios
1103 1567 1184 1639 3100.

218 1668 276 1721 tres
299 1663 330 1720 in
359 1662 504 1720 suburbio
528 1663 640 1721 castelli
665 1665 746 1721 Beati
765 1664 889 1735 Martini,
914 1681 951 1722 01
964 1669 1089 1739 parteg
1138 1656 1167 1712 Si
1180 1655 1320 1730 primitivi
1335 1655 1448 1712 tructus
1466 1655 1628 1724 charitatis,
1650 1671 1728 1730 quos
1743 1655 1919 1713 exornatde-

217 1751 348 1822 orientis,
363 1752 560 1809 terminantur
575 1753 612 1809 de
627 1769 689 1810 una
704 1754 809 1824 fronte,
821 1754 869 1811 via
884 1770 952 1829 quae
967 1752 1049 1810 ducit
1102 1748 1173 1801 vota
1187 1743 1320 1814 erogatio
1334 1743 1483 1815 0011810010
1497 1743 1693 1816 liberalitatis,
1708 1744 1751 1801 011
1767 1744 1826 1802 1100
1838 1743 1919 1801 effict-

217 1839 249 1897 in
261 1838 379 1910 urbem,
394 1843 422 1895 et
436 1856 472 1895 ex
483 1855 544 1896 uno
556 1839 647 1897 latere
658 1841 704 1898 via
720 1843 806 1914 cujus
818 1845 910 1914 caput
928 1845 1047 1914 portam
1103 1851 1153 1891 000
1168 1837 1237 1890 sunt
1250 1837 1279 1889 et
1292 1833 1394 1890 idonei
1409 1838 1441 1890 ut
1452 1832 1699 1892 valeantfirmare
1712 1839 1829 1892 statum
1839 1834 1918 1906 eujus·

218 1927 317 1985 Sancti
330 1927 439 1984 tuliani
455 1927 581 2000 attingit,
598 1929 635 1986 de
650 1929 743 1987 altero
754 1930 845 1988 latero
857 1935 934 1988 terra
951 1929 1050 1988 Sancti
1104 1938 1224 1998 cunque
1239 1923 1372 1991 honoris,
1386 1939 1422 1981 ac
1436 1923 1545 1980 deinde
1564 1929 1785 1998 representare
1812 1924 1918 1998 plenitu-

218 2017 314 2088 Pauli,
343 2017 380 2072 de
407 2016 500 2074 altera
527 2022 628 2074 autem
654 2018 750 2076 fronte
774 2019 863 2077 alodo
885 2018 1048 2076 ademari:
1103 2013 1205 2071 dinem
1220 2013 1325 2070 future
1337 2013 1596 2082 remunerationis,
1610 2013 1772 2072 verissime
1796 2014 1874 2072 decet
1884 2029 1917 2070 re·
1958 2079 1959 2086 ἵ

218 2105 344 2164 reddent
359 2121 484 2162 censum
497 2103 536 2162 ad
550 2107 676 2163 missam
693 2108 793 2166 Sancti
807 2107 919 2166 Martini
934 2107 1049 2165 biema·
1104 2102 1185 2174 giam
1199 2101 1376 2173 dignitatem
1386 2101 1444 2160 illis
1458 2102 1625 2160 redividare
1640 2107 1669 2160 et
1687 2103 1809 2161 ailafim
1828 2104 1917 2161 erube

218 2194 279 2252 lem
292 2194 361 2252 den.
379 2199 503 2268 septem.
519 2198 558 2252 lle
576 2195 670 2253 vineis
692 2213 814 2270 quoque
839 2196 877 2253 de
905 2196 1048 2264 Portaria,
1103 2207 1179 2257 rare,
1196 2207 1249 2265 per
1262 2208 1340 2265 quos
1355 2207 1417 2248 sum
1428 2191 1581 2263 dignitatis
1596 2191 1830 2266 amplitudinem
1841 2191 1917 2250 rdet

219 2299 282 2341 non
294 2283 384 2354 longe
399 2300 417 2340 a
431 2283 554 2341 castello
571 2285 649 2342 Beati
672 2286 786 2344 llardni
809 2303 846 2342 ex
863 2289 948 2359 parte
962 2285 1049 2341 meri·
1105 2280 1298 2338 sublimando
1311 2281 1433 2352 erigere,
1446 2286 1474 2337 et
1487 2280 1631 2353 erigendo
1645 2281 1827 2352 sublimare;
1844 2286 1868 2339 et
1879 2281 1916 2336 de

220 2373 279 2428 diei
292 2389 396 2446 arpen.
411 2379 551 2447 quatuor,
567 2375 765 2433 terminantur
777 2392 813 2433 ex
827 2374 947 2433 duabus
961 2374 1052 2448 parti·
1104 2385 1190 2426 mum
1199 2368 1277 2426 felici
1291 2385 1473 2427 commercio
1492 2374 1521 2426 et
1533 2370 1770 2443 incomparabili
1792 2375 1916 2446 exspectet

219 2459 278 2516 bus
292 2464 369 2517 terra
383 2460 479 2535 ipsius
494 2463 659 2535 potestatis,
687 2463 724 2520 de
749 2464 833 2520 tertia
858 2468 936 2521 terra
951 2463 1050 2520 Sancti
1104 2462 1225 2529 eterna,
1241 2460 1270 2513 et
1284 2463 1364 2515 certa
1392 2474 1444 2532 spe
1472 2457 1626 2532 possideat
1652 2465 1836 2534 exspectata.
1849 2457 1915 2526 Quod

221 2549 365 2620 venantii,
380 2549 417 2605 de
431 2556 540 2624 quarta
554 2551 653 2609 Sancti
669 2552 799 2626 Dionysii
815 2571 822 2621 ;
842 2553 969 2609 reddent
979 2567 1049 2608 cen·
1103 2545 1286 2604 liberalitatis
1300 2561 1395 2618 genus
1409 2551 1480 2604 tuuc
1490 2564 1528 2604 ex
1540 2553 1624 2622 parte
1636 2564 1691 2622 pro
1705 2548 1810 2607 debito
1820 2563 1913 2606 exerce

221 2655 290 2694 sum
319 2638 358 2696 ad
384 2637 510 2696 missam
539 2641 639 2698 Sancti
667 2641 781 2698 llartini
804 2641 964 2698 hiemalem
979 2643 1048 2698 den.
1105 2653 1183 2701 mus,
1196 2635 1219 2692 si
1234 2634 1307 2692 locis
1320 2642 1493 2694 sanctorum
1515 2640 1545 2694 et
1563 2638 1845 2709 congregationibus
1858 2637 1914 2693 lide-

221 2727 383 2785 sexdecim.
398 2727 481 2794 item,
497 2728 534 2784 de
549 2729 642 2786 vineis
655 2729 693 2786 de
715 2731 847 2788 Portaria
871 2747 975 2805 arpen.
1005 2730 1050 2787 di·
1104 2725 1179 2783 lium
1192 2725 1369 2800 temporalia
1387 2725 1469 2783 bona
1485 2725 1619 2784 conterre
1644 2742 1707 2784 non
1733 2728 1913 2800 denegamus,

220 2817 349 2875 midium
362 2817 394 2872 in
407 2817 554 2873 suburbio
570 2816 683 2874 castelli
697 2819 776 2876 Beati
790 2821 913 2891 llartini,
929 2838 966 2878 ex
979 2836 1050 2895 par·
1104 2820 1138 2872 ut
1152 2819 1234 2872 tanto
1248 2814 1370 2872 liberius
1385 2815 1514 2886 cultores
1539 2814 1712 2874 Christianae
1736 2817 1877 2889 religionis
1892 2819 1914 2870 et

220 2910 249 2962 te
273 2903 455 2973 occidentis,
484 2905 681 2962 terminantur
706 2907 744 2964 de
769 2925 831 2965 una
850 2908 946 2966 fronte
973 2915 1051 2966 terra
1104 2903 1295 2962 ecclesiastici
1316 2904 1430 2962 ordinis
1454 2903 1563 2962 divinis
1589 2905 1753 2964 inserviant
1776 2904 1912 2976 mandetis,

222 2993 337 3050 Sancta
351 2991 458 3062 llarioe,
473 3007 508 3048 ex
522 3008 584 3049 uno
598 2993 689 3052 latere
707 2999 786 3052 terra
811 2998 926 3075 Sanctae
952 3001 1049 3056 ilone-
1067 3035 1087 3090 G
1104 2999 1219 3069 quanto
1234 2993 1364 3067 amplius
1378 2994 1487 3052 fuerint
1501 2995 1540 3051 ab
1553 2994 1636 3052 omni
1648 2997 1830 3055 necessitatis
1840 2995 1913 3068 impe

221 3079 343 3151 gundis,
357 3096 395 3138 ex
409 3079 585 3138 alterorero
598 3081 689 3140 latere
702 3088 730 3141 et
743 3101 780 3142 ex
794 3086 890 3160 capite
914 3078 966 3144 v'iis
992 3104 1049 3162 pu·
1103 3079 1237 3138 (11010010
1264 3081 1404 3139 absoluti·
1437 3087 1605 3141 innotescet
1643 3100 1716 3156 ergo
1755 3081 1912 3142 universtttt

220 3168 324 3237 blicis;
339 3169 465 3226 reddent
477 3186 601 3227 censum
616 3172 655 3228 ad
679 3173 805 3231 missam
822 3175 921 3232 Sancti
936 3175 1051 3233 llartini
1106 3175 1216 3228 saneta
1232 3171 1336 3228 matris
1351 3172 1487 3230 Ecclesia
1497 3173 1643 3246 fidelium,
1668 3179 1730 3232 tam
1742 3173 1910 3250 praesum

219 3257 381 3314 hiemalem
394 3257 464 3316 den.
489 3259 577 3318 duos.
604 3265 644 3318 lte
662 3262 699 3319 iis
713 3263 836 3337 quidem
851 3265 993 3323 omnibus
1007 3265 1050 3322 vi·
1102 3276 1198 3334 quem
1219 3260 1309 3318 etiam
1336 3261 1517 3332 tar-uorum,
1543 3279 1591 3320 me
1616 3267 1645 3320 et
1658 3265 1814 3337 conjugem
1826 3275 1910 3318 meam

219 3347 294 3414 neis,
309 3363 387 3420 quas
400 3348 449 3404 hic
463 3365 533 3405 eum
548 3350 609 3406 suis
628 3347 887 3411 terminationibus
899 3355 1049 3412 recensui-
1104 3349 1467 3422 Constantiam‚j110unda
1481 3353 1707 3410 conversatione
1731 3353 1799 3410 mihi
1820 3349 1908 3408 admo

220 3451 299 3502 mus,
311 3435 375 3507 jam
388 3434 620 3494 firmaveramus
631 3440 788 3513 quoddam
801 3442 956 3516 scriptum,
967 3443 1050 3518 quod
1103 3435 1178 3494 dum
1192 3436 1342 3511 dilectam,
1358 3439 1432 3496 etin
1443 3439 1701 3499 administratione
1714 3457 1804 3499 renim
1826 3438 1861 3494 ad
1880 3451 1909 3491 se

219 3524 302 3581 idrm
315 3523 456 3582 dominus
472 3525 619 3599 Sulpicius
632 3527 670 3584 de
684 3529 759 3602 ipsis
772 3530 836 3587 fieri
848 3533 989 3603 jusserat,
1001 3550 1049 3590 as·
1103 3526 1315 3599 pertinentium
1330 3528 1401 3585 00110
1421 3527 1523 3586 utitem
1544 3534 1573 3587 01
1594 3535 1748 3596 suenuam,
1770 3524 1905 3600 [ΜΨ

220 3628 310 3669 seusu
333 3613 449 3683 llogerii
468 3611 575 3670 decani
595 3618 625 3671 et
650 3620 826 3674 ceterorum
845 3619 981 3677 fratrum.
999 3625 1050 3678 lle-
1103 3619 1213 3672 0001100
1227 3615 1319 3687 regali
1335 3616 1400 3673 sedi
1413 3616 1570 3675 Vermeriae
1590 3618 1762 3690 conhguum,
1782 3609 1902 3688 00011110

219 3704 359 3775 precatur
382 3717 504 3775 quoque
519 3719 598 3776 saepe
613 3703 710 3761 dictus
731 3705 828 3764 tidelis
840 3714 942 3766 noster
954 3710 1049 3768 domi·
1103 3719 1178 3760 auto
1192 3720 1228 3761 ex
1238 3705 1332 3779 petris
1347 3706 1393 3762 sui
1407 3706 1489 3765 dono
1501 3713 1655 3782 asportato
1667 3707 1798 3782 predicta
1808 3701 1908 3774 coniux

219 3805 277 3847 nus
307 3789 454 3864 Sulpicius
485 3791 672 3861 archiclavis,
697 3794 766 3852 huic
790 3803 941 3872 precepto
960 3799 1050 3856 inseri
1103 3810 1171 3852 mea
1185 3799 1307 3864 emerat,
1324 3798 1439 3854 Sanetoe
1453 3797 1549 3856 lteriae
1573 3795 1811 3873 compendiensis
1830 3791 1909 3851 eoele-

219 3878 376 3954 quoddam
390 3879 483 3937 altare
497 3880 528 3936 in
543 3880 657 3939 honore
673 3889 783 3942 sanctes
797 3887 894 3943 crucis
908 3892 937 3945 et
955 3888 1050 3946 sancti
1104 3883 1166 3954 site,
1196 3885 1282 3956 cujus
1311 3884 1425 3944 cultum
1452 3886 1643 3959 singulariter
1670 3893 1776 3962 preter
1805 3889 1909 3942 effittfflt

218 3969 293 4027 Petri
307 3970 338 4026 in
356 3969 456 4026 medio
472 3970 603 4028 ecclesie
614 3971 783 4031 beatissimi
811 3976 924 4034 llartini
947 3977 1047 4047 situm,
1103 3978 1276 4030 0000100100
1291 3974 1537 4047 amplectebatur,
1564 3978 1726 4034 0180110110
1750 3971 1910 4047 martyn'bus

220 4056 395 4114 ubisanctre
409 4059 562 4116 memoriae
574 4060 717 4118 dominus
731 4064 863 4122 Herveus
873 4067 1049 4148 archiclavis
1104 4061 1239 4120 Cornelio
1252 4066 1282 4119 et
1295 4063 1446 4138 cypriano
1470 4065 1502 4122 in
1526 4065 1634 4124 eadem
1654 4065 1781 4124 ecclesia
1800 4062 1912 4138 requie·

218 4144 384 4202 tumulatus
397 4147 565 4220 requiescit,
581 4150 665 4224 quod
676 4152 779 4225 etjam
791 4155 855 4228 ipse
868 4171 930 4214 non
942 4157 1048 4216 imme-
1103 4151 1239 4208 centibus
1249 4152 1399 4210 humiliter
1411 4154 1531 4212 dedisse
1550 4159 1580 4212 et
1593 4155 1701 4213 devote
1712 4155 1781 4228 jure
1795 4149 1912 4228 pretorio

220 4248 287 4288 mor
306 4249 369 4290 suae
393 4235 513 4307 anima,
543 4236 640 4294 eidem
666 4238 744 4309 loco,
770 4244 886 4300 Sancta
914 4245 1051 4304 videlicet
1103 4245 1132 4297 et
1155 4240 1266 4297 forensi
1289 4241 1445 4299 tradidisse
1471 4259 1528 4318 pro
1555 4247 1658 4302 nostra
1679 4242 1875 4302 incolumitate
1892 4241 1915 4295 et

220 4320 316 4378 llariae
330 4321 499 4380 Belimontis
511 4342 518 4392 ;
531 4324 562 4381 in
575 4331 755 4400 perpetuum
769 4334 916 4391 concessit
932 4336 1048 4394 baben·
1104 4329 1199 4388 001010
1213 4331 1387 4390 animalum
1396 4337 1579 4405 0031101001,
1595 4338 1624 4391 tt
1646 4333 1698 4390 11111
1723 4334 1816 4394 1100111
1831 4332 1915 4400 3¹¹8(t

219 4409 303 4466 dum.
316 4413 365 4467 Est
379 4410 460 4466 enini
472 4411 509 4468 de
525 4413 667 4473 thesauro
679 4418 757 4475 Beati
772 4420 900 4488 Martini,
916 4439 952 4480 ea
970 4393 1171 4491 vide-Deis,
1206 4420 1272 4492 J'am
1307 4422 1392 4493 regni
1429 4423 1526 4491 solio,
1565 4427 1730 4498 antequam
1770 4421 1916 4486 decederet,

218 4499 364 4572 licetlege
377 4516 473 4574 eoque
488 4507 588 4561 tenore
614 4510 647 4562 ut
668 4508 910 4568 sanctimoniales
921 4514 1048 4572 Domino
1103 4508 1255 4565 sublimati
1280 4513 1318 4576 01,
1346 4511 1424 4584 00011
1453 4511 1561 4569 (101011
1587 4512 1697 4569 nostris
1727 4512 1837 4571 11101100
1858 4506 1916 4566 1111111

219 4591 393 4662 servientes,
408 4591 520 4648 amodo
535 4608 656 4668 semper
670 4595 701 4652 in
715 4602 872 4670 posterum
886 4619 999 4677 cappas
1020 4609 1049 4661 et
1104 4597 1221 4671 sepulti.
1236 4601 1391 4656 Eaautcm
1410 4615 1479 4674 quas
1500 4601 1664 4675 respiciunt
1687 4601 1729 4658 ad
1760 4601 1917 4678 predicun

218 4683 325 4736 caetera
340 4684 518 4736 ornamenta
533 4683 611 4738 Beati
624 4684 747 4757 Martini,
774 4693 863 4761 prout
887 4691 1047 4762 potuerint,
1103 4687 1250 4761 predium
1276 4693 1346 4746 sunt
1372 4690 1437 4746 brec
1457 4707 1464 4746 :
1486 4693 1557 4748 llum
1585 4690 1720 4749 ecclesiia
1762 4709 1833 4750 eum
1857 4702 1917 4764 qut·

218 4767 335 4842 absque
350 4767 445 4842 pretio
458 4769 623 4829 restituant.
641 4773 733 4840 Cuius
745 4791 801 4833 nos
814 4779 987 4852 petitionem
1001 4799 1048 4840 sa·
1103 4782 1169 4835 tuor
1194 4777 1386 4848 molendinis,
1410 4779 1631 4854 quinquaginta
1656 4785 1716 4838 tres
1734 4781 1916 4842 1100110101οι

218 4855 255 4912 tis
269 4855 477 4915 rationabilem
491 4858 724 4931 considerantes,
750 4865 828 4922 votis
843 4867 908 4938 eius
921 4867 1048 4928 libenter
1101 4867 1234 4941 hospites
1247 4884 1318 4924 cum
1332 4869 1535 4942 quadraginta
1546 4875 1677 4944 quatuor
1683 4871 1831 4945 arpennis
1837 4870 1917 4926 riute

218 4961 376 5004 assensum
386 4945 542 5017 dedimus;
558 4953 663 5006 ettam
672 4951 711 5008 de
722 4952 789 5027 ipso
802 4953 888 5013 altari
901 4973 994 5029 quam
1009 4959 1047 5017 de
1101 4972 1180 5028 rum,
1196 4961 1225 5014 et
1238 4973 1309 5014 eum
1322 4957 1524 5032 quadraginta
1532 4965 1561 5016 et
1573 4961 1699 5018 dimidio
1712 4961 1856 5038 arpennis
1866 4971 1918 5033 prt-

218 5050 310 5107 supra
334 5035 451 5110 scriptis
476 5038 620 5095 omnibus
648 5039 749 5114 rebus,
777 5043 835 5100 hoc
862 5053 1047 5126 preceptum
1101 5051 1211 5104 torum.
1244 5047 1377 5122 Denique
1402 5048 1478 5106 inter
1505 5049 1639 5124 hospites
1668 5054 1698 5107 et
1734 5057 1856 5110 casuras
1886 5047 1917 5103 10·

217 5121 447 5221 fierijussimus.
472 5125 500 5184 Si
515 5125 583 5201 quis
598 5134 699 5188 autern
714 5131 805 5203 hujus
818 5139 929 5192 nostra
944 5143 1046 5196 aucto·
1101 5135 1220 5207 gitimas
1246 5137 1415 5194 exactiones
1442 5137 1591 5212 persolvet
1628 5155 1819 5216 unoquoque
1853 5147 1917 5196 enne

217 5209 310 5266 utatis
339 5217 523 5310 preceptum
550 5215 660 5274 violare
692 5223 943 5295 presumpserit,
984 5243 1047 5285 non
1101 5225 1158 5282 sub
1185 5226 1307 5284 nomine
1334 5242 1443 5285 census
1470 5228 1548 5286 duas
1566 5227 1658 5286 libras
1672 5229 1877 5296 denariorum,
1897 5225 1918 5281 01

218 5297 317 5354 solum
348 5315 380 5356 m
406 5299 556 5360 offensam
577 5322 609 5362 se
635 5306 740 5365 Christi
771 5314 799 5367 et
835 5317 970 5373 nostram
1006 5316 1047 5374 la·
1101 5318 1168 5372 octo
1195 5315 1317 5373 solidos.
1344 5317 1533 5376 inculcamus
1558 5318 1658 5376 adhuc
1685 5318 1876 5378 numerando
1891 5326 1919 5370 tt

216 5401 317 5488 psum,
344 5404 450 5445 verum
476 5391 566 5450 etiam
594 5394 788 5454 denariorum
811 5400 976 5462 solidorum
998 5422 1047 5462 ex·
1100 5420 1168 5478 quea
1195 5421 1265 5462 cum
1291 5403 1402 5478 praedio
1430 5405 1622 5475 contulimus,
1639 5422 1733 5464 unam
1761 5399 1919 5464 scilicetsil·

217 5483 292 5534 cocti
321 5477 387 5534 auri
415 5493 446 5534 se
485 5482 602 5539 noverit
642 5500 734 5558 poena
774 5488 974 5549 multandum.
1012 5497 1048 5553 Ut
1100 5509 1171 5552 vaur
1186 5509 1255 5566 quas
1269 5498 1417 5567 estsupra
1431 5494 1853 5553 ecclesiamSanctiGermani
1865 5491 1917 5554 site

217 5571 317 5624 autem
344 5568 409 5624 hoec
431 5575 533 5628 nostra
561 5575 723 5633 auctoritas
753 5577 952 5638 inviolabilem
970 5582 1046 5638 obti-
1100 5589 1130 5642 et
1151 5585 1276 5643 alteram
1302 5585 1342 5642 ad
1369 5585 1702 5658 Altum-llonticellum3
1730 5587 1845 5646 deinde
1865 5589 1918 5641 un·

217 5660 287 5713 neat
310 5657 449 5718 effectum
461 5701 471 5732 ,
499 5675 594 5720 manu
624 5679 692 5724 eam
715 5671 820 5726 nostra
846 5669 968 5744 propria
994 5670 1042 5728 lir-
1100 5679 1166 5732 tum
1180 5677 1265 5734 tarra
1286 5675 1409 5736 culture
1423 5675 1463 5736 ad
1477 5674 1612 5738 alodium
1631 5675 1917 5752 persecuturum·
