3996 6178
107 135 175 245 '1195
911 171 999 229 var.
1748 181 1815 240 rior

105 326 204 379 suam,
221 308 309 366 idest
334 300 517 378 bajoariam,
541 305 731 376 perrecturus
752 300 831 356 esset
854 312 933 371 saepe
952 297 1034 354 Ater
1046 293 1162 361 dilecte,
1178 295 1284 354 mudiu
1299 297 1469 355 vitavestra
1487 297 1575 356 nobis
1603 303 1739 376 supersit,
1764 303 1817 362 do·

105 397 258 473 praecepit.
275 399 359 464 Nam,
375 398 408 450 ut
423 389 629 467 prediximus,
644 389 810 462 longeante
826 385 935 461 saepius
989 400 1045 440 uec
1058 385 1115 442 hoc
1128 390 1248 462 tempus
1261 387 1402 444 venerit.»
1415 387 1463 444 lllc
1477 405 1549 445 vero
1562 389 1674 449 forhtm
1689 394 1817 452 collectis

105 503 136 544 se
152 486 282 561 patriam
301 501 357 542 sua
381 481 604 541 revisitaturum
632 479 709 536 serio
732 476 879 552 promisit,
908 479 937 532 et
989 473 1113 546 viribus,
1128 475 1298 551 apertisque
1313 477 1418 545 oculis,
1436 481 1464 535 et
1478 478 1817 540 omnibusdiucircum-

104 574 244 653 pluribus
259 573 406 646 cujusque
421 569 534 628 ordinis
560 585 592 626 se
620 567 764 625 ultroneis
790 563 937 624 offerenti-
991 565 1111 637 specus,
1127 565 1168 622 ait
1183 583 1190 622 ε
1204 589 1218 616 «
1236 570 1267 624 ln
1281 571 1426 641 potestate
1440 568 1564 642 quidem
1579 571 1631 630 llei
1644 571 1705 630 vita
1716 577 1819 630 nostra

106 667 176 738 bus,
187 681 222 722 ac
234 662 346 739 pariter
356 679 426 720 oum
440 677 476 718 eo
490 659 638 735 proticisci
653 656 853 732 cupientibus
869 671 937 726 gra-
991 653 1146 726 exitusque
1156 671 1224 712 vere
1236 657 1369 714 consistit
1385 677 1392 727 3
1421 659 1588 717 inveritate
1616 664 1727 732 tamen,
1750 677 1819 735 quae

106 761 152 826 tes
167 752 318 812 devotioni
328 768 433 810 eorum
448 749 557 820 retulit,
573 754 601 806 et
621 747 721 804 solum
737 750 853 803 tantum
880 747 936 802 ltu-
992 743 1069 800 Deus
1083 748 1137 812 est,
1152 743 1219 802 dico
1232 746 1318 804 vobis
1333 747 1405 822 quia
1420 748 1451 805 in
1466 749 1622 808 festivitate
1638 755 1750 810 sanctae
1766 754 1822 810 lla-

110 861 221 904 nouem
240 858 342 900 secum
369 841 483 898 iturum
509 837 667 915 praeelegit.
690 836 801 894 Eodem
824 835 937 910 quippe
991 835 1053 904 rie,
1069 835 1121 891 ubi
1137 837 1214 892 Deus
1225 837 1351 895 voluerit
1365 844 1442 896 certe
1454 840 1544 898 simul
1556 842 1678 912 erimus,
1692 843 1821 900 ibidem·

109 935 158 992 dic
171 937 238 992 aute
252 931 417 990 adventum
432 929 511 1000 cleri,
525 933 558 986 ut
571 927 752 1003 predixerat
766 927 834 998 (66),
863 924 938 982 dum
992 939 1051 1000 que
1065 940 1170 982 coram
1182 925 1281 981 veraci
1295 927 1465 986 testimonio
1480 934 1508 987 et
1522 931 1558 987 de
1573 931 1631 1005 his,
1647 936 1676 990 et
1696 932 1734 990 de
1756 931 1821 990 aliis

109 1040 194 1082 more
209 1022 307 1081 suoin
322 1020 432 1078 abditis
447 1019 624 1077 vestimenta
644 1035 700 1074 sua
725 1019 863 1085 mutaret,
897 1015 938 1072 ei·
992 1013 1083 1070 etiam
1095 1013 1256 1089 quaeinter
1271 1031 1327 1072 nos
1342 1015 1497 1089 dissident,
1521 1021 1727 1079 tractabimus.
1745 1045 1759 1074 n
1788 1023 1822 1080 ut

109 1115 180 1172 dem
192 1111 297 1185 juveni
324 1109 465 1184 praecepit
490 1114 523 1167 ut
551 1107 657 1166 eadem
671 1107 848 1164 vestimenta
871 1121 938 1179 quae
992 1103 1055 1160 haec
1066 1104 1178 1172 dicens,
1191 1103 1372 1178 compressis
1387 1105 1481 1162 oculis
1495 1107 1617 1166 relicuit.
1633 1115 1670 1167 ht
1690 1111 1756 1183 ipsa
1774 1111 1821 1168 ni-

110 1202 249 1276 deposuit
263 1201 410 1270 indueret,
433 1203 462 1258 et
489 1197 528 1256 ad
557 1215 626 1255 eum
654 1197 788 1255 concitus
815 1194 938 1253 veniret.
992 1193 1055 1250 mio
1072 1198 1194 1268 stupore
1219 1193 1388 1267 pavefacta,
1418 1195 1536 1252 silenter
1560 1197 1822 1256 circumstantibus

112 1295 183 1360 Quae
195 1291 289 1350 verba
318 1291 367 1348 ille
392 1289 482 1364 quasi
510 1285 706 1346 deliramenta
732 1287 780 1343 vel
805 1285 939 1342 irrisione
994 1282 1054 1340 ait:
1071 1304 1086 1333 κ
1102 1283 1166 1339 Heu
1181 1283 1384 1340 memlseram
1400 1283 1631 1358 luunquidnam
1645 1303 1713 1343 sum
1733 1288 1824 1345 mori-

112 1379 201 1454 plena
211 1378 401 1454 contempsit.
417 1377 532 1434 Praesul
560 1394 629 1434 veru
659 1393 694 1434 ac
708 1375 733 1432 si
746 1373 939 1446 dedignando
994 1378 1070 1443 tura,
1085 1389 1213 1447 sumque
1226 1372 1257 1430 in
1270 1373 1410 1448 proximo
1424 1374 1624 1434 subsecutura
1638 1378 1651 1434 f
1666 1399 1680 1428 n
1697 1379 1754 1436 Nec
1779 1383 1825 1437 ta·

112 1469 301 1528 cubiculariis
316 1469 413 1526 dixit:
431 1491 444 1518 «
462 1471 502 1524 lte
517 1471 545 1526 et
559 1467 735 1524 vestimenta
754 1481 822 1539 quae
849 1465 941 1537 depo·
994 1479 1065 1519 men
1078 1461 1209 1536 amplius
1223 1478 1293 1520 eum
1303 1463 1469 1537 inquietare
1483 1467 1688 1542 praesumpsit,
1704 1471 1758 1526 sed
1771 1469 1826 1527 hu·

112 1558 158 1616 sui
170 1558 284 1616 induite
293 1559 330 1625 ei,
342 1563 370 1615 et
383 1556 422 1614 ad
434 1574 483 1615 me
499 1557 664 1614 deducite.»
680 1555 735 1623 Qui
755 1553 855 1612 statim
870 1568 940 1610 eum
994 1550 1102 1609 militer
1116 1551 1172 1608 sibi
1187 1551 1227 1608 ab
1256 1567 1291 1609 eo
1315 1551 1534 1624 indulgentiam
1561 1555 1651 1614 siruul
1678 1562 1707 1615 et
1735 1557 1824 1616 licen·

111 1652 181 1723 post
201 1648 303 1705 velum
326 1647 456 1704 cubiculi
483 1647 633 1704 trahentes
657 1645 828 1714 induerunt,
858 1649 887 1701 ct
909 1643 941 1700 in
960 1641 1069 1716 gtiam
1084 1641 1176 1715 petiit.
1193 1641 1323 1698 ltemille
1339 1641 1448 1716 apertis
1472 1643 1567 1701 oculis
1592 1661 1660 1703 eam
1686 1647 1825 1721 breviter,

114 1744 312 1812 conspectum
332 1738 412 1795 velut
439 1737 594 1795 irridentes
621 1736 818 1793 deduxerunt.
848 1737 944 1802 Quem
997 1730 1059 1788 imo
1072 1734 1100 1788 et
1114 1729 1272 1788 salubriter
1286 1730 1323 1786 de
1339 1745 1431 1788 sacrae
1440 1732 1593 1804 religionis
1618 1735 1826 1798 observatione

112 1828 162 1885 ille
177 1827 230 1884 diu
248 1827 379 1898 intuens,
396 1828 436 1886 ait
451 1845 458 1884 :
472 1850 486 1878 «
502 1828 574 1884 Vere
589 1827 667 1883 scias
693 1826 766 1898 quia
791 1825 822 1882 in
836 1824 943 1882 eadem
997 1820 1195 1889 commonuit,
1210 1835 1246 1877 ae
1257 1819 1295 1876 de
1310 1819 1419 1892 plurali
1438 1837 1501 1878 sure
1516 1823 1694 1882 obedientiae
1726 1829 1826 1902 provi-

113 1920 193 1972 veste
207 1931 361 1973 rumorem
377 1916 433 1988 (67)
446 1915 609 1973 invenies.»
622 1913 671 1970 llis
684 1914 770 1970 dietis
794 1930 870 1988 puer
885 1911 944 1970 exi·
998 1911 1082 1968 sione
1097 1909 1240 1980 coarguit,
1257 1913 1285 1966 et
1301 1909 1344 1966 sic
1367 1909 1482 1969 elevata
1507 1912 1613 1972 dextra
1640 1933 1709 1974 eam
1735 1918 1826 1976 bene·

113 2004 165 2075 vit,
181 2009 210 2062 et
221 2003 252 2062 ia
267 2004 332 2080 ipso
347 2009 502 2062 momento
515 2001 702 2060 intolerabile
712 2019 782 2059 eum
791 2001 885 2072 frigus
899 2001 943 2058 in·
996 1998 1124 2057 dictione
1139 1999 1274 2071 munivit,
1289 1996 1376 2074 eique
1387 2016 1444 2075 pro
1457 2005 1589 2078 tempore
1617 2006 1827 2066 remissionem

114 2094 202 2164 vasit,
214 2098 242 2151 et
265 2095 341 2152 hora
368 2095 474 2152 eedem
491 2097 641 2164 egrotans
668 2092 745 2149 lecto
771 2091 940 2166 procubuit.
995 2089 1156 2162 indulgens
1170 2105 1233 2146 uon
1247 2089 1310 2147 sine
1324 2106 1448 2165 magne,
1464 2097 1497 2149 ut
1517 2093 1587 2166 ipsa
1607 2094 1767 2167 fatebatur,
1793 2098 1828 2156 ti·

114 2184 210 2250 Quem
224 2198 294 2239 cum
309 2187 380 2256 post
393 2182 559 2240 discessum
575 2181 701 2240 fratrum
716 2181 875 2256 episcopus
900 2197 943 2239 re·
996 2196 1081 2238 more
1096 2179 1218 2236 dimisit.

112 2272 253 2346 quireret,
267 2273 435 2330 dictumest
444 2272 528 2347 quod
540 2276 707 2343 egrotaret.
722 2271 777 2339 Qui
788 2272 886 2330 statim
897 2288 944 2329 ac·
1032 2273 1077 2327 la.
1093 2269 1257 2327 'transacta
1267 2273 1368 2327 autem
1382 2269 1585 2336 hebdomada,
1610 2273 1718 2332 beatus
1732 2279 1826 2347 Pater,

114 2361 223 2419 cersito
237 2365 441 2436 procuratore,
457 2362 639 2436 praecepitei
654 2361 756 2419 diceus
772 2379 802 2417 2«
812 2363 943 2418 Puerum
994 2359 1060 2433 J'am
1074 2357 1230 2416 deficiente
1244 2357 1379 2416 funditus
1394 2376 1529 2435 corpore,
1552 2361 1592 2419 ab
1611 2363 1720 2422 abbate
1745 2370 1830 2424 crete·

112 2451 295 2510 illurneaute
314 2456 343 2508 et
357 2451 420 2508 sine
436 2451 573 2510 molestia
586 2452 632 2510 lae
647 2451 688 2509 ad
710 2455 839 2510 matrem
855 2466 944 2508 suam
997 2448 1098 2521 risque
1126 2446 1268 2505 fratribus
1296 2448 1373 2505 sacri
1398 2449 1456 2506 olei
1484 2450 1600 2525 liquore
1626 2453 1827 2514 ecclesiastico

113 2539 233 2613 deduci,
266 2539 343 2598 utin
367 2535 528 2598 occursum
545 2557 649 2598 meum
675 2545 798 2614 paratus
822 2554 944 2597 mecum
998 2553 1082 2595 more
1094 2537 1281 2613 perungitur,
1307 2542 1344 2606 et,
1372 2537 1414 2596 ita
1441 2544 1475 2597 ut
1496 2541 1643 2613 praedixit,
1670 2543 1702 2602 in
1725 2544 1828 2618 vigilia

113 2628 211 2703 possit
224 2628 402 2702 proficisci.»
419 2629 472 2696 Qui
487 2627 588 2686 statim
603 2627 771 2698 deducitur,
785 2631 814 2685 et
828 2627 945 2685 decres-
999 2625 1188 2686 ascensionis
1200 2626 1317 2684 [lomim
1330 2627 1361 2684 in
1380 2633 1481 2686 monte
1497 2630 1593 2688 sancti
1614 2633 1744 2690 Mauricii
1770 2631 1827 2704 (Ἷο)

114 2719 251 2777 centibus
264 2718 535 2777 dietimviribusad
546 2717 942 2792 extremapraeparaturldtil.
998 2716 1209 2774 transvehitur.
1236 2715 1280 2774 lbi
1310 2718 1411 2775 statim
1438 2719 1477 2776 ad
1501 2736 1572 2777 eum
1591 2720 1691 2779 flendo
1724 2723 1828 2782 fratres

151 2815 196 2868 lt.
224 2810 335 2868 Deinde
364 2809 475 2884 praesul
498 2814 600 2868 noster
617 2809 842 2882 ingravescente
862 2808 944 2866 febru
999 2809 1079 2881 [cum
1093 2806 1306 2864 innumerabili
1322 2807 1381 2865 alia
1393 2809 1584 2868 multitudine
1596 2810 1741 2886 fidelium]
1755 2829 1827 2872 con«

115 2902 291 2970 Holthusen,
307 2900 360 2958 ubi
373 2900 543 2960 confluente
569 2900 768 2958 ecclesiastico
794 2916 877 2958 more
904 2900 945 2957 ad
998 2901 1151 2958 venerant.
1164 2913 1218 2953 nec
1230 2895 1359 2971 amplius
1372 2899 1605 2958 amaritudinem
1627 2899 1749 2975 doloris,
1765 2919 1827 2977 quo

114 2991 316 3050 visitationem
332 2990 405 3048 tanti
419 2989 475 3047 viri
488 2989 671 3050 multitudini
687 2989 839 3048 sufficiens
853 2988 944 3048 aedifr
963 3022 983 3078 C
999 2987 1089 3045 corde
1117 2993 1203 3044 tenus
1228 2987 1426 3058 vexabantur,
1445 2989 1631 3049 abscondere
1654 2993 1824 3053 valuerunt.

115 3081 232 3138 ciorum
248 3083 311 3136 erat
330 3079 428 3154 copia,
441 3078 625 3154 provehitur.
658 3079 699 3136 lbi
727 3080 803 3137 inter
818 3079 944 3136 multam
999 3078 1111 3134 Caetera
1124 3091 1195 3132 vero
1207 3076 1435 3134 innumerabilis
1450 3069 1737 3138 confluxitlidelium
1752 3083 1829 3140 mul-

114 3170 186 3230 clcri
199 3169 365 3244 populique
379 3167 591 3242 frequentiam,
607 3170 741 3244 quadam
756 3169 804 3227 die
824 3185 946 3228 venera·
1000 3165 1106 3240 titudo,
1120 3183 1214 3241 quam
1230 3182 1292 3223 non
1307 3167 1406 3224 minor
1419 3184 1475 3242 pro
1490 3169 1573 3226 obitu
1585 3171 1753 3229 charissimi
1773 3187 1829 3246 pa·

113 3259 183 3318 bilis
198 3257 322 3316 domina
338 3258 448 3332 Sophia
463 3257 502 3314 de
516 3258 730 3316 Gaudersheim
745 3258 946 3332 advenit,quoe
1000 3256 1086 3313 storis
1101 3255 1206 3314 afflixit
1216 3256 1397 3314 amaritudo.
1414 3259 1495 3324 Quos
1507 3263 1607 3316 tamen
1620 3259 1678 3328 ille,
1691 3260 1758 3318 licet
1780 3260 1830 3318 de-

114 3348 250 3416 tandem,
267 3346 338 3404 utin
350 3362 424 3420 paee
446 3347 564 3421 loquar,
579 3347 716 3422 deposita
741 3347 833 3422 priori
859 3347 947 3421 perti·
999 3345 1118 3404 finiente
1134 3346 1286 3421 iampene
1300 3346 1414 3418 lingua,
1430 3346 1560 3418 henigne
1582 3349 1828 3408 consolandodi-

114 3436 214 3506 nacla,
227 3435 318 3510 plena
333 3451 364 3492 se
378 3435 438 3492 fide
451 3439 480 3492 et
493 3435 662 3506 devotione,
679 3436 717 3493 ad
741 3437 821 3494 beati
836 3436 891 3493 viri
905 3436 947 3494 la·
1000 3434 1089 3504 misit,
1106 3440 1135 3492 et
1145 3434 1278 3493 diluculo
1292 3435 1400 3492 iterum
1410 3435 1552 3493 advenire
1570 3440 1735 3497 mandavit.
1762 3439 1830 3507 Qui-

114 3525 317 3586 miliaritatem
342 3525 496 3596 convertit,
513 3542 582 3600 quae
617 3527 669 3600 (66)
683 3531 764 3598 tune,
787 3527 946 3584 occasione
998 3525 1057 3582 bus
1070 3524 1305 3596 discedentibus,
1320 3529 1349 3583 et
1363 3542 1481 3584 sacram
1496 3532 1614 3586 noctem
1626 3528 1709 3588 illam
1722 3530 1753 3588 iu
1768 3547 1833 3589 ma-

115 3619 247 3684 inventa,
263 3621 292 3674 et
304 3616 444 3690 populari
465 3615 552 3674 turba
564 3621 689 3688 remota,
713 3621 828 3675 astante
856 3619 945 3686 clero,
1000 3631 1061 3686 gno
1073 3614 1177 3672 dolore
1190 3615 1379 3686 ducentibus,
1394 3615 1501 3674 beatus
1512 3620 1597 3676 Pater
1610 3625 1755 3678 consueto
1767 3638 1832 3680 mo·

117 3708 159 3766 de
172 3706 277 3764 frivola
289 3706 424 3780 quadam
437 3705 612 3780 pertinacia,
627 3723 695 3780 quoe
721 3707 758 3764 de
782 3724 844 3764 sure
856 3708 947 3766 eccle·
1000 3723 1041 3777 re,
1058 3705 1115 3763 sibi
1127 3705 1263 3782 psalmos
1278 3722 1397 3780 semper
1410 3707 1500 3782 quasi
1511 3725 1567 3782 pro
1592 3709 1675 3768 dulci
1695 3711 1831 3770 relectio·

117 3796 170 3852 sim
182 3795 295 3854 clericis
315 3802 419 3854 contra
435 3796 559 3856 beatam
580 3797 678 3854 virum
701 3797 835 3870 increvit,
863 3815 946 3856 exor·
1001 3813 1038 3854 ne
1051 3795 1234 3862 ruminabat,
1248 3799 1276 3851 et
1286 3795 1318 3851 in
1332 3795 1383 3852 tali
1397 3797 1590 3854 meditatione
1605 3815 1727 3855 cursum
1740 3816 1829 3857 suum

117 3885 205 3942 dium
219 3882 288 3944 lecit
300 3889 330 3944 et
352 3885 487 3944 debitam
515 3887 750 3945 satisfactionem
776 3888 947 3961 promittere
1001 3901 1229 3953 consummans,
1246 3884 1381 3941 animam
1395 3884 1535 3942 attentius
1555 3888 1615 3942 Deo
1638 3889 1831 3946 commenda-

116 3975 218 4049 coepit.
234 3976 278 4034 hd
289 3975 375 4050 cujus
388 3975 480 4034 verba
494 3975 552 4047 illo,
568 3976 678 4050 partim
690 3977 797 4034 morbo
812 3981 946 4049 cogente,
1001 3974 1043 4032 vit
1058 3975 1122 4046 qil).
1141 3974 1265 4030 Summo
1280 3988 1351 4028 vero
1365 3972 1497 4029 diluculo
1511 3971 1619 4030 iterum
1633 3974 1729 4031 clerus
1744 3990 1830 4048 pera·

117 4065 229 4140 partim
258 4081 341 4136 vero,
371 4070 403 4124 ut
437 4066 525 4124 nobis
549 4065 715 4136 videbatur,
741 4065 948 4138 indignatione
1002 4063 1055 4121 ctis
1076 4061 1232 4121 matutinis
1248 4061 1484 4136 advenit,quem
1502 4062 1760 4136 ipseaffatutune
1778 4083 1830 4123 su·

116 4160 324 4229 permovente,
340 4153 484 4212 hacunde
496 4155 661 4229 respoudit,
676 4160 703 4212 et
714 4155 744 4212 in
759 4155 893 4212 futurum
908 4159 949 4212 ta·
1002 4168 1118 4227 premo,
1130 4151 1267 4219 breviter,
1284 4154 1417 4208 attamen
1433 4151 1601 4226 salubriter,
1611 4155 1649 4212 de
1664 4171 1758 4212 sacrae
1785 4173 1831 4214 re-

116 4243 159 4302 lia
174 4245 317 4318 suspendi
331 4244 455 4316 rogavit.
472 4244 524 4302 llla
538 4260 608 4302 vero
621 4244 856 4301 commotionem
881 4244 948 4317 ejus
1002 4242 1120 4314 ligiouis
1133 4246 1162 4298 ct
1173 4239 1351 4298 obedientiae
1362 4241 1553 4301 observantie
1568 4247 1764 4317 commonuit,
1778 4247 1832 4305 sie-

117 4333 323 4402 dissimulans,
339 4338 368 4391 et
380 4333 496 4391 obitum
506 4334 572 4406 ejus
587 4333 758 4391 celeriorem
768 4333 945 4404 formidans,
1003 4348 1063 4409 que
1075 4330 1271 4390 confessionis
1282 4347 1374 4388 versu
1384 4348 1454 4389 cum
1482 4333 1524 4391 eis
1548 4336 1748 4394 communiter
1760 4351 1831 4410 pro-

118 4423 191 4480 item
205 4422 337 4497 ilernquc
366 4422 397 4478 in
424 4439 480 4480 sua
509 4423 710 4481 satisfactione
736 4423 828 4480 etiam
852 4422 947 4496 laery·
1002 4422 1073 4492 lato,
1084 4421 1124 4480 ad
1137 4419 1317 4478 celebranda
1331 4437 1401 4478 cum
1412 4422 1521 4480 abbate
1536 4424 1698 4482 missarum
1722 4425 1831 4480 solem·

106 4510 235 4578 ¹mando
247 4511 382 4586 perstitit,
404 4527 533 4586 eamque
560 4516 594 4570 ut
617 4512 748 4586 recipere
775 4513 949 4584 dignaretur
1002 4512 1053 4571 nia
1066 4510 1263 4570 valedictione
1278 4510 1384 4569 alume
1398 4511 1520 4569 dimisit.
1533 4513 1643 4570 Praesrrl
1656 4517 1757 4570 aulem
1776 4511 1832 4570 cle·
1942 4526 1950 4540 ¹

9 4631 10 4636 κ
119 4599 310 4658 obsecrando
322 4600 496 4676 postulavit.
510 4605 547 4658 ht
557 4601 626 4659 ille:
657 4624 670 4652 «
689 4601 826 4673 Domina,
841 4601 948 4675 iuquit,

9 4715 14 4736 ι
121 4705 176 4764 per
191 4692 284 4746 Deum
296 4689 450 4769 paulisper
463 4691 590 4762 reticete,
605 4695 633 4748 et
647 4690 711 4748 haec
723 4691 820 4749 dorrec
833 4691 866 4749 in
893 4691 950 4748 fes·

120 4778 232 4837 tivilate
247 4781 358 4836 sancta
377 4779 473 4836 harim
491 4779 720 4845 conveniamus,
736 4780 919 4853 suspendite.
935 4803 949 4832 n

122 4871 314 4941 lpsaautem,
342 4870 375 4924 ut
401 4867 560 4924 videbatur
586 4867 738 4936 omnibus,
765 4867 858 4926 finem
886 4868 951 4940 ejus

122 4954 209 5012 citius
223 4956 422 5012 adventurum
436 4955 614 5028 intelligens,
634 4961 664 5013 et
675 4960 776 5014 lamen
785 4957 877 5014 verba
887 4957 912 5031 ej
918 4974 952 5014 us

11 5123 16 5133 Ι
122 5046 313 5102 vehementer
325 5060 529 5119 expavescens
547 5064 580 5102 :e
593 5044 721 5117 Utinam,
737 5045 843 5122 iuquit,
860 5063 878 5104 ο
901 5049 953 5106 Pa·

160 5171 217 5242 (dt)
231 5169 277 5228 Sic
292 5170 461 5241 humberga
475 5170 525 5227 alii
539 5186 611 5228 vero
621 5171 830 5241 preamium.

161 5244 218 5314 (67)
232 5241 392 5298 Bollandus
405 5259 440 5299 ea
454 5258 527 5299 voce
542 5241 668 5300 rheuma
682 5242 834 5314 designari
846 5248 932 5318 putat
946 5263 952 5300 :

9 5283 12 5310 ι
123 5313 288 5384 legendum
300 5314 374 5371 forte
390 5314 554 5372 tumorem.

162 5386 219 5455 (68)
233 5383 403 5456 camberg,
412 5386 573 5456 proficisci.
586 5386 636 5442 lin
650 5401 684 5442 ea
699 5385 748 5442 aa
772 5388 887 5456 praesul
905 5402 956 5444 no·

124 5462 196 5518 ster.
217 5457 453 5514 decrescentibus
479 5457 580 5513 dietim
604 5456 717 5513 viribus
755 5458 796 5512 ud
821 5462 956 5515 extrema

9 5551 24 5599 ,-
123 5534 371 5602 menarsiana
391 5529 549 5599 apretiata
564 5528 690 5586 vittaad
734 5527 883 5600 otthasen,
899 5533 955 5604 etc.

161 5601 218 5672 (dt)
236 5599 317 5656 idem
333 5597 601 5673 :proquibusdam
617 5601 714 5657 causis
738 5600 870 5657 ecclesiae
895 5615 957 5656 snae

126 5685 194 5734 eum
210 5671 426 5744 interpellauit,
442 5686 615 5745 umnanqae
629 5671 789 5746 (teretique
802 5671 958 5744 subjectio·

348 5761 471 5830 Psaros.
491 5761 577 5830 citt.

1003 4619 1099 4670 mens,
1115 4618 1177 4658 non
1191 4601 1352 4658 immemor
1367 4619 1427 4658 suae
1447 4601 1665 4674 promissionis,
1692 4601 1730 4658 de
1758 4619 1833 4676 prae-

1003 4687 1083 4745 dicto
1096 4705 1151 4745 suo
1164 4689 1348 4746 cubiculario
1364 4692 1486 4746 hunone
1511 4689 1668 4763 requisivit
1689 4689 1831 4761 sollieite;

1004 4795 1096 4853 quem
1107 4777 1159 4835 ubi
1171 4778 1324 4852 desperari
1339 4779 1532 4852 corporaliter
1557 4779 1706 4850 cognovit,
1735 4779 1761 4837 ei
1780 4796 1834 4854 per

1004 4866 1145 4926 nuntium
1167 4867 1332 4936 mandavit,
1355 4867 1458 4926 dicens
1485 4885 1492 4925 :
1522 4891 1536 4918 ι(
1551 4869 1721 4937 Consolare,
1759 4885 1834 4944 puer

1006 4975 1103 5027 mem,
1122 4957 1154 5014 in
1170 4956 1296 5014 Domino
1310 4961 1338 5014 et
1351 4957 1529 5028 confortare,
1544 4958 1616 5032 quia
1628 4960 1694 5030 jam
1714 4961 1834 5034 tempus

1006 5048 1106 5118 instat,
1122 5062 1183 5121 quo
1198 5062 1319 5104 mecum
1334 5045 1372 5104 ad
1387 5047 1516 5121 patriam
1539 5052 1657 5106 veternae
1679 5048 1836 5108 beatitudi-

1007 5189 1085 5299 nenq,
1101 5178 1128 5230 et
1147 5173 1193 5300 αἵθ
1202 5175 1353 5244 praeterito
1379 5189 1482 5232 errore
1507 5176 1743 5249 calefactionem
1768 5193 1837 5250 pro-

1007 5251 1060 5302 nnt
1076 5259 1164 5312 erae
1198 5287 1204 5301 .

1044 5315 1100 5388 (70)
1112 5317 1152 5372 lle
1166 5315 1224 5372 hoc
1238 5320 1340 5374 monte
1362 5317 1541 5376 Chronicum
1570 5319 1752 5378 Saxonicum
1778 5337 1835 5378 ms.

1009 5385 1049 5444 ad
1070 5402 1120 5443 an.
1151 5390 1243 5443 loti:
1270 5390 1400 5446 Mentem
1426 5392 1588 5460 speaoscm
1602 5393 1633 5448 in
1657 5394 1839 5452 occidentali

1009 5464 1171 5530 partesue
1186 5460 1314 5516 ciuitatis
1337 5461 1468 5518 incolere
1495 5463 1594 5534 capit,
1622 5479 1708 5536 quem
1733 5471 1839 5536 postea

1010 5531 1146 5588 lilutoac
1160 5531 1276 5587 nomint
1292 5532 1391 5601 sancti
1412 5533 1558 5592 Maereat
1580 5536 1629 5592 sni
1651 5539 1762 5595 sumini
1783 5552 1840 5610 pa·

1011 5603 1093 5660 troni
1101 5601 1260 5660 ductitavit.

1046 5672 1101 5748 (rt)
1116 5673 1161 5732 Sic
1178 5673 1293 5744 bamba
1310 5673 1359 5734 alii
1374 5691 1583 5738 consummans
1594 5681 1805 5756 pernoctabat.

1610 5773 1645 5836 68
