3998 6176
172 229 220 282 eit
702 223 730 279 S.
750 219 919 277 euenerant
941 215 1179 274 CARNOTENSlS
1200 214 1364 272 EPISCOPl.
1835 215 1889 270 ete

351 347 516 404 errsretn
534 348 611 402 lllilv
630 347 712 418 [olim
731 346 819 414 livill.
1014 339 1034 393 li
1054 354 1125 394 nam
1138 338 1203 396 aliis
1217 337 1359 412 quadam
1375 335 1428 394 tibi
1444 334 1547 392 omnia
1560 334 1667 392 detexi.
1694 335 1801 400 Quaeso
1817 349 1888 404 ergo

484 423 581 487 (rinno
600 418 677 490 ¹⁰¹3)
1053 432 1091 495 tc,
1106 427 1247 502 profusus
1262 425 1405 500 lacrymis
1415 424 1523 484 faciem
1533 424 1654 490 mentis,
1669 439 1717 495 ne,
1742 422 1801 479 mei
1816 439 1889 480 cura

173 513 332 566 Fvfflltt's
344 507 399 563 Dei
412 509 513 576 gretie
523 506 718 590 ,Qatnoifflssfi
733 507 886 586 episcopus
901 503 1002 584 θθῃῑξζῑ
1054 517 1235 591 posthabita,
1252 515 1456 574 neeessariam
1472 512 1678 584 castigationis
1693 510 1740 568 rel
1753 511 1890 570 admoni-

207 583 393 636 Gnsunneaso
408 583 435 634 et
451 584 550 634 comitr
567 579 725 635 Gusnreme
740 584 912 648 caterisque
928 574 1000 644 filus
1054 606 1142 662 tionis
1157 605 1383 678 eleemosynam
1398 598 1472 660 miffi
1488 601 1660 660 subtrahas·
1680 604 1755 658 Nam
1774 601 1797 658 si
1820 601 1888 670 hoc,

228 650 344 706 delibus
366 649 476 706 tresrris
503 647 629 706 sulutem
645 653 673 706 et
688 648 927 706 benedictionem.
1340 693 1376 706 ..
1468 691 1473 704 .
1663 690 1669 701 .

205 652 322 806 geratis,
337 666 451 804 finires,
467 690 539 812 quia
553 753 604 792 rex
618 735 763 794 liebertus
774 734 921 792 benefacit
931 749 1000 790 cum
1054 699 1168 754 avertat
1189 699 1290 754 autem
1316 693 1419 752 dmm
1445 691 1556 765 metas!
1592 707 1697 762 egems'
1729 705 1890 764 nunquam

173 825 355 885 Christianos
370 825 504 899 adjuvat,
525 829 552 882 ei
567 825 721 882 hereticos
743 825 876 882 damnat.
900 823 934 879 lii
962 822 1001 878 ad
1054 788 1138 883 tima
1161 782 1241 882 &⁰1⁰
1261 782 1385 928 frans?
1413 779 1610 926 mowinogl’
1635 794 1728 852 quam
1748 795 1890 924 summme

171 918 230 974 hoc
245 915 356 974 debent
378 933 447 973 cum
467 915 635 973 confortare
661 921 689 972 et
717 917 858 989 adjuvare
883 930 1000 970 mecum
1055 873 1283 994 wdewsmffte
1297 875 1467 1018 negeglmm
1490 885 1535 928 ιη’
1585 873 1692 938 ogatus
1710 884 1811 1014 ⁰puilci.
1839 885 1890 968 um.

174 1021 281 1062 ornnes
295 1005 339 1061 sui
356 1003 553 1078 fideles,quia
570 1006 627 1062 troc
651 1003 847 1062 ministerium
867 1003 932 1076 ejus
946 1005 1001 1071 est,
1056 977 1159 1018 meum
1179 975 1335 1032 muger&
1363 976 1379 1016 γ
1411 975 1437 1022 ⁰¹
1464 973 1585 1016 summa
1611 973 1680 1032 ⁵9³⁵
1698 974 1782 1016 ⁰⁰¹¹⁵¹
1804 973 1814 1014 ¹
1833 975 1891 1016 '¹¹⁰¹

180 1111 234 1168 per
247 1093 330 1168 qnod
346 1093 523 1150 salrusesse
537 1093 635 1150 debet.
665 1093 768 1152 Sciatis
790 1094 896 1150 iterum
921 1091 1003 1166 quod
1057 1053 1500 1196 p⁰st⁰⁰m¹nffisfflinkxvl
1522 1137 1604 1207 [olim
1625 1136 1701 1207 LXII]

175 1183 421 1257 archiepiscopus
436 1181 668 1240 Cenomanensis
683 1181 835 1256 requisivit
850 1197 925 1237 arne
937 1195 1005 1236 eou-
1045 1253 1051 1266 α
1705 1179 1712 1194 ’

175 1271 285 1340 silium,
301 1271 375 1344 quid
385 1269 507 1328 deberet
520 1271 616 1328 iacere
630 1269 667 1327 de
677 1271 844 1342 Reginordo
856 1269 1004 1335 lraeretico,

175 1355 227 1429 qui
242 1355 478 1432 persequebatur
495 1359 655 1417 Ecclesiam
670 1361 730 1416 liei.
757 1363 790 1416 nt
813 1375 869 1430 ego
891 1359 917 1415 ei
938 1357 1006 1418 dedi

1375 1228 1470 1298 (Auno
1486 1225 1575 1298 illiti).

1139 1317 1246 1376 Fratri
1270 1320 1458 1387 Tereonomco,
1484 1316 1645 1374 Fr'ssaares
1675 1315 1813 1374 sacerdos

1097 1407 1184 1474 Quod
1209 1412 1237 1464 te
1264 1405 1382 1481 pridem
1397 1405 1536 1462 ordinare
1559 1403 1723 1474 noluimus,
1745 1403 1894 1464 mirantur

1061 1502 1170 1564 neum,
1186 1499 1219 1554 ut
1230 1495 1324 1564 aiunt,
1338 1495 1426 1553 amici
1441 1494 1493 1564 tui,
1508 1493 1635 1567 insuper
1647 1497 1676 1550 et
1690 1493 1832 1552 dominns
1843 1509 1895 1550 no-

1061 1590 1192 1658 siseres,
1207 1590 1246 1656 et,
1259 1601 1313 1642 cur
1336 1584 1483 1640 omissum
1507 1582 1545 1640 sit
1565 1599 1690 1640 causam
1710 1581 1893 1652 ignorantes,

1060 1691 1166 1732 omnes
1179 1673 1239 1732 iere
1253 1673 1283 1730 id
1299 1672 1408 1746 injuste
1423 1689 1458 1730 ac
1474 1671 1689 1730 contumeliose
1701 1669 1815 1730 iactum
1838 1670 1895 1728 ela-

1059 1768 1154 1821 mani.
1172 1767 1230 1820 Nos
1241 1778 1324 1832 vero,
1340 1763 1391 1837 qui
1407 1777 1469 1820 non
1484 1762 1593 1834 injuste
1607 1777 1663 1818 uec
1678 1759 1894 1821 contumeliose

1060 1855 1248 1912 inclamasse
1262 1851 1385 1922 seimus,
1401 1868 1463 1910 non
1476 1868 1570 1909 unam
1583 1855 1711 1918 tantum,
1726 1850 1779 1907 sed
1793 1851 1894 1924 plures

1060 1960 1146 2000 veras
1162 1947 1190 1999 ct
1205 1941 1390 1998 authenticas
1406 1941 1476 1998 inde
1491 1941 1645 1998 reddimus
1660 1939 1801 2008 rationes,
1825 1955 1893 2014 quai

1061 2031 1113 2088 tibi
1140 2035 1168 2087 ct
1192 2031 1249 2087 illis
1272 2031 1365 2088 finem
1388 2029 1458 2088 recti
1483 2029 1696 2103 persuadeant,
1712 2045 1747 2085 ac
1763 2044 1781 2084 a
1799 2043 1896 2101 prava

176 1447 232 1502 tale
247 1446 404 1503 eonsilium
418 1447 507 1522 quale
523 1449 561 1504 ad
577 1465 667 1506 suum
678 1448 814 1506 ordinem
828 1447 1006 1524 pertinebat·

175 1538 209 1591 lit
223 1551 289 1592 ecee
315 1535 398 1594 mitto
425 1537 509 1593 vonis
533 1541 694 1612 utrumque
717 1537 870 1612 scriptum,
887 1541 914 1593 et
928 1553 1007 1592 conr-

176 1624 330 1698 planctum
351 1643 451 1694 sunm,
467 1631 495 1682 et
508 1625 665 1682 corrsilium
681 1643 782 1684 mcum
798 1625 880 1700 quod
893 1625 960 1682 dedi
981 1626 1007 1682 ei

176 1713 342 1770 secundum
358 1713 495 1770 ordinem
511 1727 610 1772 sunm.
626 1713 654 1771 Si
669 1716 737 1788 quis
752 1719 851 1771 antem
869 1715 1006 1772 falsarius
1023 1721 1043 1774 B

176 1801 257 1857 dicat
270 1802 351 1874 quod
367 1819 423 1873 ego
438 1803 565 1860 alterum
579 1803 605 1859 ei
620 1803 778 1860 consilinm
799 1803 940 1877 deinceps
959 1803 1006 1859 rel

177 1887 346 1961 scripserim
361 1890 406 1946 rel
417 1891 542 1947 dixerim
557 1893 603 1948 val
628 1893 847 1962 mandaverim,
873 1909 947 1964 rogo
975 1897 1007 1949 nt

177 1993 226 2033 me
239 1978 314 2034 sicut
328 1982 442 2036 Patrem
465 1984 597 2038 vestrum
619 1981 804 2054 spiritualem
825 1983 1004 2050 defendatis,

178 2066 250 2140 quia
264 2066 440 2125 iirlneialiter
452 2070 510 2126 hoc
525 2069 621 2128 tacere
636 2071 769 2144 potestis.
785 2071 893 2130 valete.

375 2160 542 2216 Eplspogq
561 2162 626 2218 xxv
646 2161 728 2230 [oh-m
746 2161 810 2231 xm·
1062 2120 1231 2194 suspicione
1245 2123 1428 2176 removeant.
1450 2121 1514 2178 Una
1529 2117 1620 2188 igitur
1645 2133 1806 2174 causarum
1831 2118 1895 2174 hee

470 2247 713 2320 (nuncinceuo).
1061 2209 1125 2278 init,
1140 2209 1212 2282 qnia
1227 2208 1274 2264 die
1298 2207 1350 2264 illo
1373 2223 1435 2280 quo
1459 2207 1626 2264 sacrandus
1649 2223 1713 2264 esse
1732 2205 1894 2274 videbaris,

178 2335 304 2392 Domine
319 2351 431 2404 serens,
448 2351 556 2406 moeno
568 2340 696 2408 pensati
708 2339 854 2396 Frtnnenro
868 2341 1008 2396 Huoecn·
1062 2297 1360 2373 ⁰⁰¹¹¹pr⁰vm⁰ifflum
1376 2298 1598 2398 ⁰pis⁰⁰i³⁰rum'
1612 2295 1665 2370 qni
1679 2296 1814 2363 aberant'
1839 2311 1896 2352 Ποῦ

214 2422 410 2463 nicaenorum
432 2393 572 2466 restitimus
596 2411 676 2482 quoti
691 2411 770 2481 potis
785 2413 840 2468 erit
853 2418 1007 2468 strenuum
1061 2390 1171 2446 lmffl'fls
1187 2405 1242 2446 ¹¹⁸⁰
1257 2387 1371 2458 ¹⁰ss³t⁰⁵
1395 2386 1569 2443 habmus·
1597 2386 1681 2453 ΟΜ]
1707 2385 1808 2442 ⁵⁰l¹¹m
1832 2391 1897 2442 ‘²¹¹³'

213 2477 369 2547 fidelitatis
384 2479 564 2551 obsequium.
1062 2483 1125 2536 tum
1137 2477 1225 2545 valet,
1240 2479 1281 2544 ut,
1294 2477 1320 2532 si
1332 2475 1416 2532 nullo
1435 2475 1566 2549 amplius
1582 2473 1766 2532 adminiculo
1780 2473 1897 2545 indige-

216 2565 336 2633 Euhoe,
357 2565 478 2625 domine
507 2568 548 2625 mi
572 2567 829 2641 reverendissime,
858 2571 941 2645 quod
968 2575 1006 2640 te,
1063 2584 1120 2637 res,
1132 2571 1232 2622 tamen
1248 2565 1311 2622 sine
1325 2565 1382 2622 isto
1398 2564 1571 2634 regulariter
1586 2563 1720 2620 ordinari
1739 2579 1800 2619 non
1824 2579 1897 2637 pos·

178 2660 301 2730 propter
314 2671 414 2712 mores
429 2659 496 2714 tuos
511 2662 631 2716 matura
655 2659 808 2716 sanctitate
830 2661 1009 2718 suavissime
1064 2673 1122 2713 ses.
1138 2659 1158 2712 Τ
1160 2655 1238 2711 alem
1251 2655 1332 2710 enim
1346 2654 1568 2710 ordinationem
1581 2652 1695 2710 irritam
1710 2669 1776 2710 0⁸80
1790 2657 1900 2710 lestan-

178 2742 355 2816 redolentes,
371 2759 443 2816 erga
455 2744 506 2802 tibi
523 2745 659 2804 snlrditos
674 2763 709 2803 eo
725 2747 828 2804 animo
843 2765 907 2805 esse
928 2749 1011 2806 intel·
1065 2751 1111 2802 tur
1125 2745 1223 2802 Niceni
1250 2743 1366 2802 concilii
1387 2743 1553 2817 capitulum
1577 2747 1730 2816 quartum,
1756 2747 1784 2802 et
1798 2743 1900 2800 Antio·

179 2831 239 2902 ligo
255 2837 287 2889 ut
302 2833 400 2890 honos
416 2835 522 2891 sinceri
547 2835 658 2892 amoris
683 2835 777 2907 gratia
792 2837 1008 2910 complectaris,
1065 2833 1151 2890 chent
1166 2831 1458 2890 nonamdecimam.
1485 2833 1551 2888 liaeo
1573 2836 1676 2888 tamen
1700 2847 1793 2888 cansa
1817 2830 1900 2888 datis

181 2921 268 2977 malis
293 2923 334 2995 pii
358 2923 456 2980 cordis
476 2924 697 2982 miserationem
720 2925 889 2998 impendas,
916 2927 1010 2984 ullum
1065 2922 1192 2979 induciis
1205 2921 1313 2993 corrigi
1331 2921 1485 2996 potuisset.
1511 2921 1609 2977 Altera
1633 2919 1698 2992 luit,
1725 2920 1805 2994 quod
1836 2920 1900 2976 suh

181 3025 250 3065 vero
265 3009 364 3066 odisse
378 3012 460 3068 velut
474 3013 719 3072 nocentissimam
734 3019 848 3088 pestem
864 3016 986 3072 horreas
1003 3034 1009 3086 ;
1064 3011 1131 3085 ipso
1145 3009 1316 3067 deliberatae
1331 3009 1527 3066 ordinationis
1543 3008 1677 3079 articulo,
1696 3013 1817 3082 propter
1840 3009 1900 3065 cri-

179 3113 298 3168 magnre
327 3099 515 3160 revelationis
542 3102 682 3160 solatium
707 3103 779 3162 mihi
807 3109 1011 3180 comparatur,
1066 3113 1135 3157 men
1145 3098 1309 3168 homicidii,
1323 3097 1405 3171 quod
1419 3097 1564 3166 audierat,
1580 3098 1708 3154 missum
1730 3113 1748 3154 a
1769 3096 1899 3154 domino

178 3185 263 3243 valde
279 3190 430 3258 metuenti,
441 3205 476 3246 eo
491 3191 575 3266 quod
587 3191 676 3249 nimis
687 3209 755 3248 sum
767 3192 806 3250 ad
821 3192 1011 3252 irascendum
1066 3203 1147 3263 pape
1160 3187 1292 3244 vidimus
1307 3186 1508 3244 interdictum.
1523 3187 1608 3252 Quod
1624 3187 1649 3243 Si
1663 3187 1711 3244 ille
1723 3202 1785 3244 non
1799 3186 1903 3244 milie-

178 3291 302 3348 pronus,
319 3277 414 3348 gratia
433 3283 483 3336 tua
505 3279 557 3336 etsi
585 3295 647 3336 non
668 3279 803 3338 funditus
824 3281 1011 3358 aliquatenus
1066 3283 1120 3346 ret,
1132 3281 1210 3335 esset
1223 3282 1324 3333 tamen
1339 3275 1531 3334 observanda
1544 3277 1689 3332 senentio
1703 3276 1836 3348 Apostoli
1856 3276 1904 3332 di-

179 3367 279 3420 tamen
293 3365 433 3422 caruisse.
453 3367 505 3422 tlui
517 3365 607 3436 enim,
624 3368 714 3426 etiarn
731 3367 921 3438 gravioribus
941 3369 1013 3425 deli·
1067 3367 1171 3438 centis,
1186 3370 1322 3440 oportere
1338 3381 1398 3422 non
1414 3364 1513 3422 solum
1528 3365 1716 3438 episcopum,
1743 3365 1796 3422 sed
1819 3381 1905 3439 pres-

180 3451 233 3507 etis
255 3452 398 3522 obnoxio,
428 3455 509 3528 apud
531 3458 592 3512 tam
619 3453 706 3511 hones
723 3455 899 3512 moralitatis
914 3456 1011 3514 virum
1067 3455 1206 3528 hyterum
1221 3469 1342 3527 quoque
1366 3453 1572 3510 etdiaeounm
1594 3452 1658 3510 siae
1680 3451 1803 3510 crimine
1824 3469 1904 3510 esse.

180 3540 370 3614 desperanda
394 3542 431 3599 sit
459 3541 569 3599 venia?
597 3541 786 3599 considerato
815 3543 897 3618 qnod
919 3543 1013 3601 delin-
1069 3547 1126 3600 Nec
1142 3541 1347 3616 spernendrun
1361 3541 1436 3600 illud
1455 3541 1536 3615 quod
1550 3541 1737 3616 apertissime
1758 3542 1908 3616 seriptum

180 3629 283 3701 quenti
297 3630 396 3704 potius
417 3630 596 3706 compateris
622 3647 715 3704 quam
743 3631 818 3699 odis,
833 3633 1016 3706 compatien·
1069 3631 1157 3688 estin
1169 3631 1324 3702 lllregiensi
1338 3630 1475 3700 concilio,
1491 3631 1538 3687 his
1551 3631 1651 3688 verbis
1668 3649 1674 3688 :
1691 3631 1748 3700 Qui
1762 3631 1905 3703 deinceps

182 3723 241 3774 tem
254 3735 323 3776 vero
338 3719 378 3776 ad
390 3720 608 3792 ignoscendum
624 3719 748 3778 minime
764 3737 829 3778 esse
841 3719 1012 3791 difficilem
1067 3737 1127 3778 non
1138 3721 1346 3792 provehantur
1360 3721 1607 3779 adsererdotium
1623 3736 1660 3777 en
1680 3722 1794 3791 regulis
1814 3735 1908 3778 cauo·

181 3806 280 3881 ipsum
294 3809 427 3883 quidem,
444 3810 613 3868 dummodo
628 3811 844 3868 correctionem
863 3811 1013 3879 exhibeat,
1068 3827 1151 3882 nune,
1166 3811 1331 3868 necessario
1344 3811 1491 3868 credemus
1505 3811 1706 3880 inserendum,
1733 3811 1767 3866 id
1789 3817 1830 3868 est
1852 3813 1911 3883 qni

181 3895 305 3970 majoris
332 3897 386 3955 abs
409 3902 435 3955 te
459 3898 679 3956 usumfructum
706 3897 872 3956 dilectionis
894 3898 1013 3957 habite·
1068 3903 1100 3958 in
1114 3901 1216 3973 aliquo
1230 3903 1354 3958 crinitae
1373 3901 1482 3957 detecti
1503 3905 1584 3967 sarit,
1610 3903 1638 3956 et
1661 3903 1778 3968 cetera
1803 3915 1907 3974 nsque

181 4003 259 4045 rum.
275 3990 368 4045 Tanta
382 3987 482 4064 itaque
497 3988 525 4045 vi
540 3987 681 4046 honitatis
703 3987 855 4048 animatus
878 3990 1014 4065 supplico
1068 3988 1242 4060 subjacebit.
1254 3993 1289 4045 iit
1303 3989 1327 4046 si
1339 3989 1407 4062 quis
1419 3988 1541 4062 objiciat
1556 3987 1687 4062 aliquem
1709 4005 1745 4046 ex
1764 3989 1906 4047 Patribus

182 4078 296 4132 utcmn
312 4076 386 4133 milri
409 4094 465 4151 pro
490 4078 564 4134 meis
588 4077 712 4134 offensis
738 4077 927 4146 miserescas,
948 4081 1015 4135 tum
1068 4081 1300 4152 postpernetem
1315 4077 1521 4152 poenitentiam
1541 4081 1570 4133 et
1591 4076 1715 4148 longam
1737 4079 1908 4136 anachore-

184 4162 284 4230 etianr,
299 4164 342 4220 eis
358 4165 561 4241 renuntiatum
576 4165 618 4222 ire
634 4167 755 4224 conanti
770 4165 950 4240 veniamque
962 4183 1015 4244 po·
1069 4167 1126 4224 sim
1141 4171 1262 4242 propter
1290 4167 1464 4238 religionem
1493 4183 1579 4224 suam
1601 4171 1723 4240 raptum
1751 4167 1844 4224 tuisse
1864 4169 1908 4225 ad

185 4249 304 4308 stulanti
319 4267 457 4326 parcens,
482 4253 593 4310 amoris
621 4255 720 4312 sinum
743 4255 873 4330 amplius
887 4257 1013 4313 relaxes.
1069 4257 1285 4332 episcopatum,
1302 4256 1500 4330 respondetur
1513 4258 1596 4330 quod
1614 4257 1672 4329 legi
1696 4258 1853 4314 communi
1877 4263 1912 4316 et

186 4337 268 4395 Unda
284 4339 361 4396 absit
377 4342 408 4397 ut
421 4345 449 4397 te
464 4345 630 4398 remoretur
648 4343 699 4400 illa
714 4343 864 4415 cogitatio,
881 4361 929 4402 me
942 4343 1017 4401 scili-
1068 4345 1231 4402 universali
1245 4346 1411 4416 singulares
1426 4361 1562 4419 persone
1576 4345 1623 4401 vel
1638 4361 1739 4403 causes
1752 4361 1813 4402 non
1830 4361 1911 4418 prae·

184 4429 290 4486 celime
306 4429 376 4486 vitio
389 4445 552 4504 perennem
578 4431 683 4488 iecisse
703 4431 895 4500 deditionem,
921 4449 1015 4508 quan·
1032 4399 1211 4507 1Jjndlcant.
1236 4435 1348 4490 Deinde
1367 4439 1444 4492 certe
1457 4435 1550 4508 quod
1563 4434 1638 4491 nihil
1652 4439 1730 4492 esset
1751 4435 1911 4510 exemplo-

184 4518 349 4593 doquirlem
371 4519 472 4577 multis
495 4519 670 4594 astantibus,
698 4537 753 4578 nec
780 4537 841 4578 non
869 4521 958 4579 ctiam
984 4523 1015 4579 in
1068 4541 1136 4581 rum
1151 4523 1293 4592 inductio,
1309 4523 1361 4580 ubi
1374 4539 1473 4597 neque
1488 4537 1687 4596 personarum
1703 4541 1801 4598 neque
1812 4540 1912 4595 nego·

185 4609 343 4682 praesentia
355 4609 407 4676 ini,
420 4609 467 4666 cui
478 4609 545 4684 plns
561 4609 702 4666 omnihus
717 4609 830 4666 cultum
844 4611 1015 4668 reverentiae
1069 4615 1178 4673 tiorum
1196 4613 1361 4671 similitudo
1372 4613 1574 4687 consequitur.
1588 4617 1672 4671 Nune
1683 4619 1790 4673 cratera
1803 4615 1914 4673 videa·

184 4700 291 4771 debeo,
308 4697 464 4774 aliquoties
480 4699 567 4757 irasci
581 4715 642 4758 non
658 4699 812 4757 omittam!
826 4702 907 4758 Certe
922 4715 1016 4774 quan·
1068 4719 1146 4760 mus.
1172 4703 1298 4760 Tertiam
1324 4701 1412 4760 nobis
1427 4717 1551 4760 cansam
1578 4707 1629 4760 tua
1648 4703 1797 4762 confessio
1809 4704 1910 4774 dedit,

185 4792 214 4845 to
230 4789 362 4847 crebrius
377 4787 551 4862 hujusmodi
566 4787 670 4846 vitium
680 4787 897 4860 manifestatur,
911 4793 939 4846 et
953 4805 1016 4848 ma·
1068 4806 1136 4868 quoe
1164 4807 1220 4847 nos
1239 4791 1370 4848 maxime
1400 4807 1418 4848 a
1446 4795 1498 4848 tua
1524 4791 1713 4850 ordinatione
1737 4793 1910 4860 deterrmt;

181 4879 247 4952 jore
261 4881 420 4938 hominnm
435 4879 603 4956 frequentia
615 4879 813 4952 redarguitur,
835 4883 917 4938 nnio
939 4879 1015 4939 eele—
1068 4897 1140 4940 nam
1153 4897 1208 4955 pro
1221 4885 1310 4955 captu
1329 4885 1439 4938 nosue
1465 4881 1664 4956 simplicitatis
1693 4887 1815 4940 ceteras
1841 4885 1914 4956 qul-

184 4968 246 5024 rins
261 4967 330 5026 hinc
343 4985 503 5028 evasurum
518 4969 580 5044 qui,
597 4985 666 5028 vere
680 4969 817 5044 captivus
831 4967 908 5042 ejus,
921 4967 1015 5044 [iiber]
1068 4971 1138 5028 dem
1154 4985 1271 5041 graves,
1287 4970 1341 5027 sed
1353 4970 1470 5026 tertiam
1484 4969 1563 5028 hanc
1578 4971 1676 5042 magis
1699 4971 1912 5045 periculosam

186 5055 263 5112 ellici
278 5057 412 5128 voluerit,
429 5065 550 5118 anctore
563 5057 684 5117 abbatis
700 5057 871 5132 Serapionis
886 5056 1017 5116 collatio·
1069 5075 1133 5118 esse
1148 5059 1204 5118 rati
1216 5075 1332 5117 sumus.
1347 5059 1502 5133 Proprium
1518 5060 1684 5133 capitulum
1697 5060 1788 5134 hujus
1803 5075 1913 5118 causae

186 5159 235 5208 ne,
252 5146 438 5206 crediderim.
454 5151 562 5223 Quare,
578 5165 647 5208 cum
660 5147 735 5208 alios
751 5145 824 5206 mihi
840 5163 1016 5207 succensere
1069 5147 1222 5206 noluimus
1237 5147 1396 5217 ascribere,
1411 5149 1463 5206 sed
1487 5165 1649 5206 commune
1668 5151 1726 5208 hoc
1742 5153 1786 5207 est
1807 5149 1916 5206 eonci-

187 5231 317 5306 cnpiam,
336 5239 361 5291 te
375 5238 566 5309 potissimum
581 5243 614 5296 ut
626 5239 657 5296 id
671 5237 776 5296 sedulo
804 5253 876 5309 agas
899 5253 962 5295 oro.
978 5241 1016 5295 Te
1068 5237 1099 5295 lii
1113 5238 1212 5295 Niceni
1223 5235 1390 5311 capitulum
1407 5253 1524 5295 nonum
1543 5240 1599 5296 :Si
1612 5241 1665 5311 qui
1676 5240 1741 5296 stne
1752 5240 1915 5296 examina·

187 5321 267 5378 enim
296 5337 386 5394 snper
406 5331 530 5384 cunctos
550 5327 703 5400 mortales,
729 5327 812 5402 quod
842 5325 1016 5402 simplicitas
1071 5328 1149 5384 tione
1159 5327 1291 5398 promoti
1302 5327 1473 5398 presbyteri
1486 5333 1566 5398 sunt,
1588 5333 1615 5386 et
1625 5333 1730 5399 postea
1749 5329 1915 5386 ecaterina-

186 5409 366 5468 adulationis
379 5412 485 5486 ignara
500 5416 616 5485 latetur,
642 5417 749 5476 anima
763 5433 839 5474 meae
854 5415 1017 5474 visceribus
1071 5416 1095 5471 ti
1109 5417 1321 5488 confessisunt
1334 5420 1458 5486 peccota
1472 5431 1538 5488 sea,
1564 5423 1592 5474 et
1614 5433 1679 5476 crem
1696 5417 1826 5488 confessi
1843 5433 1913 5474 non

186 5501 373 5575 diligendum
387 5504 540 5562 mandavi.
560 5509 631 5564 Sum
645 5523 777 5581 namque
792 5505 894 5564 divina
911 5521 1018 5580 procu·
1069 5505 1209 5578 senseat,
1225 5511 1328 5562 contre
1342 5505 1478 5576 reguiam
1493 5507 1640 5566 eeaientes
1655 5505 1916 5564 hominesmenns

185 5597 270 5651 rante
284 5595 389 5665 gratia,
403 5595 569 5670 disciplina
582 5601 640 5652 tue
655 5597 835 5654 vemeoulus
860 5611 1015 5669 spuero3
1072 5595 1112 5652 eis
1137 5599 1244 5654 emas
1269 5596 1499 5665 imposuerant,
1533 5593 1585 5654 line
1613 5595 1830 5654 accersamus
1857 5611 1916 5652 or-

186 5694 241 5736 nec
256 5680 307 5738 ulli
330 5697 465 5758 unquam
490 5686 572 5740 tanta
594 5699 668 5740 mere
690 5685 879 5742 conscientie
892 5688 1015 5754 mersu,
1071 5684 1109 5740 do
1137 5697 1197 5740 non
1220 5683 1337 5756 recipit.
1366 5685 1397 5740 ln
1424 5682 1566 5748 omnibus
1597 5683 1679 5742 anim
1713 5683 1797 5760 qnod
1831 5683 1916 5742 irre·
