3998 6176
160 185 214 240 275
694 177 721 232 S.
743 177 911 233 renuenti
931 169 1170 232 nannetensis
1190 167 1346 225 artscoet
1826 163 1879 218 27⁸

305 303 471 361 aristote
490 303 610 359 CXXXVI
624 301 708 373 [otim
725 303 843 373 CXXXll.
1009 296 1119 353 adura
1132 298 1175 361 ut,
1184 292 1304 365 quondo
1321 290 1361 348 od
1370 287 1541 360 elipandum
1556 287 1725 358 episcopum
1741 303 1881 348 concute

476 391 574 462 (hano
592 392 682 462 toas).
1048 386 1152 450 rimus,
1167 383 1193 438 si
1207 397 1266 454 qno
1280 379 1478 438 contradictio
1490 378 1585 448 suerit
1599 376 1791 450 obortu,quie
1804 379 1880 434 tolie

161 487 255 544 Sucro
269 481 484 540 senonensium
496 480 710 551 archipresuli
723 483 896 536 lisornaurco
906 494 993 536 cono
1046 475 1132 544 fectu
1145 476 1216 527 sunt
1228 469 1309 540 opud
1321 483 1384 536 nos,
1401 483 1462 523 non
1473 472 1670 538 presumant,
1691 467 1733 522 od
1742 481 1881 540 purpen-

196 574 260 630 nici
276 572 397 629 Sancte
407 570 514 627 Μανία
528 569 720 627 cornotensis
730 572 763 626 in
778 571 898 627 Christo
912 570 992 625 solu·
1048 564 1118 618 darm
1133 576 1200 617 eum
1213 559 1266 632 qui
1280 555 1467 615 ordinandus
1482 560 1534 622 est,
1552 559 1611 612 tres
1621 557 1699 626 jam,
1722 556 1774 614 sed
1780 562 1884 626 postu-

198 666 254 718 tem
268 663 296 716 et
306 657 408 716 addin
420 659 575 728 fidelitatis
590 658 770 730 obsequium.
1049 654 1149 709 untur
1161 650 1201 706 od
1215 663 1371 704 nurnerurn
1381 645 1624 716 sitprodictorusn
1634 645 1693 702 duo
1705 646 1752 702 uel
1765 650 1824 702 tres
1833 660 1844 716 ,·
1853 651 1883 702 et

197 748 320 808 llultum
334 747 490 817 miramur,
505 749 676 804 venerande
690 750 784 817 Pater,
809 747 891 820 qnod
907 746 992 802 bonis
1048 742 1080 796 tn
1091 740 1191 796 eodeni
1203 737 1300 808 plebe,
1327 736 1378 792 cui
1390 733 1578 790 eadmundus
1595 738 1648 802 est,
1677 734 1885 791 discutientur

161 838 326 897 initiistam
338 837 437 895 malos
459 837 555 894 exitus
583 836 715 893 habuisti
730 854 736 892 :
750 836 885 894 videlicet
910 835 994 908 quod
1044 831 1144 901 priene
1165 840 1300 898 persone
1322 823 1601 882 contradicentium.
1640 823 1795 882 Postremo
1826 824 1885 880 illu

162 929 251 987 nobis
274 931 394 1003 pastore
415 926 596 994 carentibus,
619 927 650 983 ln
675 926 768 982 altero
786 926 993 982 substituendo
1048 921 1135 976 elium
1148 932 1214 990 ques
1228 915 1661 985 objiciunturpertractentur,
1675 917 1713 983 et,
1731 927 1799 968 cunt
1807 928 1885 983 pur·

162 1018 296 1094 primam
309 1017 386 1074 bene
396 1016 505 1083 lavisti,
514 1021 542 1073 et
552 1020 704 1090 postremo
717 1014 895 1071 sententiam
910 1016 994 1067 tuam
1048 1014 1136 1080 putus
1143 1005 1250 1077 suerit,
1262 1003 1315 1060 sub
1329 1008 1487 1072 conspeetu
1499 1001 1622 1071 publico
1644 1002 1689 1057 ite
1703 1000 1823 1058 demum
1836 1017 1886 1056 ον-

164 1107 348 1181 deprevasti‚
363 1106 456 1164 alium
470 1107 587 1179 [quand
612 1122 703 1178 quem
732 1121 787 1160 nos
806 1103 993 1173 elegeramus
1049 1094 1179 1150 dinetus.
1197 1095 1270 1148 Ecce
1282 1092 1438 1165 quomado
1450 1093 1572 1146 Petrum
1595 1089 1747 1148 sentenuae
1771 1088 1888 1146 violen-

165 1196 343 1255 crdinando.
360 1198 512 1252 Neautam
539 1195 623 1250 dicas
644 1195 800 1264 ignorasse
830 1197 855 1249 te
881 1192 995 1248 electio.
1050 1187 1106 1239 tur.
1119 1181 1208 1238 Nobis
1219 1181 1299 1238 enlm
1313 1180 1411 1238 inritis
1422 1178 1582 1236 obtrudere
1592 1178 1681 1236 vultis
1694 1179 1886 1254 episcopum,

164 1301 235 1343 nem
249 1289 394 1353 nostram,
408 1283 621 1340 mandavimus
645 1282 697 1338 tibi
712 1297 766 1355 per
785 1281 928 1338 diaconos
943 1296 995 1336 no-
1049 1288 1104 1330 nec
1116 1271 1290 1328 conceditur
1301 1270 1389 1326 nobis
1403 1269 1542 1338 liberum,
1558 1269 1595 1325 de
1608 1285 1644 1325 eo
1657 1269 1711 1342 qul
1723 1285 1780 1324 nos
1789 1271 1888 1325 rectu-

165 1380 251 1444 stros‚
266 1372 435 1431 odelerium
447 1376 476 1428 et
488 1371 715 1440 Frotmuudum,
741 1370 866 1440 elegisse
890 1387 945 1426 nos
960 1374 992 1425 h.
1049 1355 1100 1418 ru's
1115 1361 1160 1431 su,
1174 1359 1287 1416 habere
1298 1358 1463 1431 judiclam;
1491 1361 1528 1425 et,
1549 1374 1619 1414 cum
1641 1357 1711 1414 huic
1735 1357 1789 1431 qui
1803 1357 1887 1414 ordi·

164 1464 325 1533 decanum,
339 1477 408 1518 eum
423 1461 526 1519 litteris
540 1461 650 1517 nostris
665 1459 798 1533 idipsum
822 1459 996 1516 continenti-
1049 1451 1170 1507 nundus
1186 1453 1249 1506 etat
1262 1446 1654 1516 contradiceretur,minime
1670 1451 1801 1520 purgata
1813 1450 1887 1504 sunt

163 1553 236 1622 bus;
252 1551 304 1624 qai
316 1550 383 1607 talis
395 1549 483 1607 nobis
496 1549 665 1612 videbatur,
681 1548 803 1620 quatem
818 1549 994 1621 episcopum
1049 1557 1118 1614 qum
1131 1537 1359 1610 objiciebantur,
1375 1553 1430 1594 uec
1441 1552 1578 1611 personae
1593 1536 1641 1592 vel
1658 1536 1789 1593 rationes
1816 1552 1889 1592 con·

165 1640 297 1698 ordinari
322 1640 433 1698 debere
458 1639 530 1712 dicit
569 1639 729 1695 concilium
763 1637 995 1706 carthaginense
1013 1651 1035 1706 B
1050 1629 1259 1688 tradicentium
1271 1627 1425 1684 discusse.
1443 1628 1514 1694 Quor
1529 1642 1599 1683 cum
1614 1626 1654 1684 itt
1667 1626 1736 1693 Sint,
1752 1641 1885 1700 <tumque

79 1724 82 1730 ’
166 1732 317 1803 quartam.
333 1729 420 1794 Quod
447 1729 473 1784 si
487 1727 619 1801 posthac
642 1726 736 1782 aliurn
763 1726 816 1782 tibi
828 1725 1000 1782 obtulerunt
1050 1719 1148 1788 legem
1159 1717 1337 1775 eanonicam
1350 1717 1381 1773 iu
1395 1717 1452 1773 hoe
1466 1716 1586 1786 negotio
1600 1715 1778 1772 multimode
1791 1715 1886 1772 selve-

165 1817 335 1874 velrexvcl
357 1817 449 1890 aliqui
473 1832 510 1872 ex
537 1815 648 1872 nostris
673 1815 774 1871 minus
803 1815 998 1888 sapientibus,
1051 1808 1102 1878 ris,
1117 1822 1276 1864 monemus
1292 1810 1319 1863 te
1333 1803 1887 1877 noniacrepando,nequediJudican·

167 1909 347 1982 oportuisset
361 1913 388 1964 te
403 1923 526 1964 causam
542 1905 698 1976 diligenter
713 1904 875 1974 attendere,
885 1911 913 1961 et
924 1905 1000 1962 inter
1052 1896 1163 1968 do,sed
1175 1895 1284 1952 affectu
1295 1895 1425 1952 filiorum
1438 1893 1703 1968 obsecrando,ipsi
1717 1893 1777 1965 legi
1790 1911 1886 1969 quam

166 2011 223 2053 nos
250 1996 332 2068 ipsos
356 1995 530 2068 dijudicare,
561 2011 692 2068 quorum
715 1993 816 2050 sanior
840 1993 1000 2049 haberetur
1052 1986 1212 2043 offenderis
1227 1985 1454 2042 reconciliatum
1466 1984 1511 2054 iri,
1532 1983 1703 2041 confitendo
1719 1983 1841 2058 culpam
1857 1987 1886 2040 et

167 2085 281 2150 electio,
309 2084 397 2141 sicut'
411 2083 441 2140 ln
468 2084 593 2140 decretis
615 2083 720 2140 Leonis
735 2098 823 2157 papas
839 2079 1000 2152 significari
1051 2075 1235 2150 poeaitendo.
1262 2078 1319 2136 Nec
1345 2074 1459 2148 pudeat
1481 2077 1508 2131 te
1523 2073 1621 2130 dicere
1636 2073 1811 2132 necessariis
1827 2073 1885 2130 tuis

120 2183 126 2206 ⁸
167 2175 278 2248 optime
293 2173 371 2231 nosti
391 2173 438 2229 his
462 2172 560 2230 verbis
577 2190 583 2228 :
601 2174 660 2229 Ille
687 2172 822 2228 omnibus
846 2185 1000 2242 ponpone·
1053 2164 1339 2222 sacretollomiaum
1355 2162 1885 2237 timebimus,etinlegeipsiusbene

167 2268 228 2334 tur,
248 2275 334 2335 queen
357 2263 432 2320 cleri
451 2262 605 2334 plebisque
629 2275 788 2318 consensus
812 2259 1000 2317 concorditer
1052 2253 1187 2324 eruditio,
1201 2254 1266 2325 jam
1285 2251 1409 2309 tandem
1436 2257 1464 2309 te
1486 2252 1793 2310 animadvertissem
1815 2267 1886 2325 quae

166 2352 357 2423 postsnaren
371 2351 414 2408 itu
430 2357 472 2420 ut,
482 2351 508 2406 si
521 2351 553 2406 in
564 2351 656 2408 etiarn
671 2351 751 2420 forte
761 2363 919 2419 personum
929 2363 1001 2418 por·
1051 2343 1128 2400 liunt
1140 2347 1244 2400 carrha
1259 2347 1369 2402 statuta
1379 2357 1532 2398 canonum
1545 2357 1609 2397 non
1619 2340 1729 2398 debere
1739 2341 1887 2408 stare,sed

168 2443 242 2498 tium
264 2455 295 2497 se
310 2445 379 2497 uota
404 2441 570 2510 diviserint,
590 2440 818 2509 metropolitani
834 2437 951 2508 judicio
975 2437 1000 2492 is
1052 2437 1081 2490 et
1095 2431 1236 2490 iacientes
1246 2432 1390 2505 poenitere
1406 2435 1552 2506 oportere.
1580 2431 1668 2497 Quod
1691 2430 1716 2488 si
1739 2431 1815 2488 torte
1833 2447 1886 2488 rex

166 2531 272 2588 sallem
287 2529 379 2586 atteri
389 2534 597 2600 preponatur,
611 2541 662 2599 qur
676 2528 842 2597 majoribus
853 2531 880 2583 et
893 2525 1000 2582 sireniis
1053 2521 1230 2580 auctoritate
1247 2525 1297 2580 tua
1311 2521 1454 2595 deinceps
1469 2520 1657 2580 corroborari
1664 2520 1887 2595 voluerit,quod

167 2621 292 2676 ineatur
310 2617 475 2675 steteritis.
489 2615 634 2672 Volumus
648 2620 748 2673 autem
770 2615 844 2671 scire
870 2619 896 2672 te
917 2613 1001 2688 quod
1054 2611 1117 2668 sine
1135 2611 1281 2668 solutione
1295 2626 1448 2668 canonum
1464 2615 1542 2667 stare
1556 2627 1617 2667 non
1633 2611 1738 2684 possit,
1764 2609 1884 2682 rideris,

167 2708 265 2782 ipsam
286 2705 462 2765 elechonem
491 2710 626 2762 nostram
651 2704 866 2760 mandavimus
886 2703 1000 2761 domno
1053 2699 1332 2772 Peter,neadjicias
1346 2703 1605 2774 peccatumsuper
1620 2704 1779 2772 peecatum
1801 2719 1808 2756 :
1832 2699 1885 2757 sad

167 2797 230 2867 regi
245 2811 300 2870 pur
314 2808 386 2852 sues
409 2796 585 2865 monachos,
611 2793 792 2850 hernaldum
818 2793 949 2866 priorem
973 2801 1002 2850 et
1053 2792 1114 2858 aut,
1127 2793 1275 2860 quantum
1285 2787 1447 2862 poteris‚id
1458 2788 1653 2846 corroborare
1664 2787 1887 2860 dissimulasset

168 2883 548 2958 Rastaldumprrepositum
563 2881 939 2954 encamcnysiieutbus,
949 2881 1001 2938 ob·
1054 2877 1209 2936 manifeste
1218 2877 1301 2936 salva
1310 2877 1413 2949 legum
1424 2877 1599 2934 auctoritate
1608 2877 1639 2934 id
1650 2883 1676 2934 te
1691 2877 1813 2951 exsequi
1823 2893 1886 2934 non

167 2973 338 3046 Jicientlbus
353 2973 441 3030 nobis
454 2974 491 3030 de
503 2973 684 3030 Theoderico
698 2972 869 3028 ordinando
884 2972 1000 3043 regiam
1019 3006 1039 3064 C
1053 2967 1151 3024 velem
1161 2967 1327 3042 proclama.
1337 2971 1488 3023 Postremo
1504 2967 1676 3040 suppliciter
1689 2982 1809 3024 oramus
1818 2967 1884 3024 baec

169 3059 366 3132 voluntatem,
380 3059 566 3133 injunximus
590 3065 623 3117 ut
643 3061 775 3118 dicerent
786 3061 849 3132 regi
863 3077 902 3117 ne
914 3061 945 3116 id
960 3065 1000 3117 te·
1055 3057 1166 3130 scripte
1173 3057 1406 3114 nostraminime
1416 3056 1651 3130 publicanque
1660 3057 1741 3131 apud
1751 3055 1790 3112 tui
1800 3056 1886 3114 cheri

170 3163 251 3206 mere
275 3149 339 3205 lieri
363 3149 491 3222 juberet.
520 3153 641 3206 vocaret
661 3154 761 3230 autem
781 3166 837 3206 nos
862 3155 959 3216 antea
977 3149 1001 3205 sl
1053 3147 1183 3220 pectoris
1199 3152 1346 3204 secretum
1358 3163 1497 3219 promere
1513 3147 1672 3204 audemus.
1688 3145 1822 3204 Rescribe
1836 3163 1887 3202 re-

171 3237 228 3296 sibi
242 3239 381 3313 placeret,
398 3239 436 3296 ad
450 3239 564 3297 curiam
580 3256 679 3312 suam,
704 3240 753 3295 vel
774 3256 835 3296 suis
855 3240 1002 3296 voluntati
1053 3252 1087 3292 ro
1102 3235 1190 3293 nobis
1202 3236 1227 3292 si
1243 3236 1316 3308 quid
1332 3236 1384 3292 tibi
1399 3236 1516 3292 videtur
1529 3239 1632 3293 contre
1647 3236 1711 3292 haee
1725 3235 1888 3293 rationabi-

168 3343 378 3399 consensuros‚
392 3329 439 3386 vel
453 3345 506 3386 eur
518 3330 743 3386 dissentiremus
756 3332 944 3386 ostensuros.
953 3329 1001 3385 llis
1053 3324 1119 3381 liter
1129 3325 1357 3398 opponendum.
1374 3327 1489 3396 Ilugeat
1501 3324 1554 3382 tibi
1566 3327 1644 3382 usus
1661 3325 1802 3398 Spiritum
1815 3340 1887 3381 con-

167 3431 238 3476 tero
261 3419 348 3476 dictis
363 3419 472 3474 nostris
495 3419 558 3492 ipse
582 3419 713 3474 domnus
737 3434 790 3473 rex
810 3418 999 3490 contemptis,
1054 3413 1111 3469 silli
1126 3417 1155 3470 et
1168 3413 1362 3482 tortitudinis,
1374 3413 1527 3487 sapientiae
1543 3417 1571 3469 et
1584 3413 1760 3470 intellectus.

167 3507 290 3583 qualem
308 3507 365 3563 sibi
388 3505 474 3563 libuit
494 3521 655 3580 personam
682 3507 798 3580 absque
813 3511 915 3564 nestra
930 3507 1002 3580 petl-
1188 3503 1356 3560 EPISTOLA
1376 3503 1510 3560 CXXXVll
1525 3503 1609 3574 [alirn
1623 3503 1755 3572 CXXXlI].

166 3597 247 3654 tione
260 3593 392 3653 ordlnarl
405 3595 550 3653 violentas
562 3595 747 3652 acceleravit.
764 3599 925 3652 lmmemor
939 3595 1000 3654 ior·
1052 3591 1170 3648 Sanctis
1174 3591 1357 3661 presulibus
1369 3593 1401 3648 G.
1418 3592 1603 3652 Betuoeenu'.
1617 3593 1649 3648 0.
1662 3591 1886 3662 aurelianensi,

166 3692 246 3743 tasse
261 3683 339 3741 illius
353 3684 424 3741 dieti
440 3684 624 3742 Constantini
640 3683 744 3748 Christ,
760 3683 1000 3757 imperatoris,de
1089 3681 1125 3738 Α.
1146 3681 1322 3752 Turonensi,
1336 3681 1440 3738 clerici
1452 3682 1572 3740 Sancte
1595 3682 1703 3738 Morte
1723 3681 1889 3738 Cometen-

166 3775 308 3832 violentia
321 3773 492 3848 principum
503 3778 608 3830 contra
628 3789 659 3830 se
670 3777 698 3830 et
710 3778 814 3830 contra
827 3773 902 3830 alios
918 3773 999 3845 prin·
1088 3772 1139 3841 sis,
1153 3770 1267 3840 somnii
1278 3785 1380 3828 eorum
1395 3777 1423 3828 et
1436 3772 1549 3841 fratres
1565 3772 1596 3828 in
1606 3773 1732 3831 Domino
1747 3771 1885 3827 sulutem.

167 3863 248 3939 cipes
260 3865 302 3921 ite
318 3880 349 3920 se
365 3863 505 3921 habentis
522 3879 529 3918 ε
547 3863 745 3935 maenaque,
770 3861 878 3936 inquit,
892 3869 1000 3920 contro
1089 3858 1308 3930 Conquerimur
1318 3859 1401 3930 apud
1411 3875 1477 3927 vos,
1491 3859 1648 3926 Patres,de
1659 3857 1888 3932 archiepiscopo

168 3955 245 4026 leues
258 3955 375 4026 fuerint
389 3967 408 4012 α
421 3952 609 4024 principibus
622 3953 753 4021 obtentu,
780 3969 840 4008 non
865 3954 997 4010 ualeant.
1053 3951 1167 4017 nostro,
1182 3951 1211 4004 et
1225 3963 1306 4018 rege,
1321 3947 1375 4020 qui
1386 3947 1474 4004 nobis
1487 3947 1586 4004 invitis
1600 3948 1778 4022 episcopum
1794 3947 1889 4004 dona-

168 4043 236 4111 Sed,
252 4047 284 4100 ut
294 4043 334 4101 ad
350 4055 483 4117 praesens
497 4041 536 4098 de
549 4042 617 4116 ipso
630 4047 794 4114 mosomus,
812 4041 864 4115 qui
877 4057 951 4099 sane
961 4042 1000 4098 ri·
1052 4053 1084 4094 re
1103 4036 1205 4094 volunt
1218 4036 1384 4110 quemdam
1396 4037 1531 4110 idiotam,
1546 4042 1578 4096 ut
1590 4037 1680 4110 scitis,
1696 4040 1725 4093 et
1735 4038 1888 4110 elusmodi

168 4131 244 4188 derit
270 4136 371 4189 trtrsrm
395 4132 498 4188 omnia
519 4136 596 4190 reete
623 4136 704 4202 agat,
726 4147 782 4187 nec
805 4129 1000 4203 pastinatum
1053 4125 1151 4185 officio
1166 4126 1341 4198 indignum:
1357 4131 1513 4199 precantes
1529 4127 1674 4184 auxilium
1695 4131 1828 4186 vestrum
1856 4131 1889 4183 ut

168 4219 332 4293 peniteat?
347 4221 439 4289 Adte,
452 4223 546 4287 Pater,
567 4220 763 4292 querimoniae
785 4223 893 4278 nostre
909 4219 1001 4277 deoti-
1052 4215 1184 4286 vigelelis
1209 4216 1285 4272 sieut
1309 4215 1383 4272 boni
1411 4215 1547 4274 Ecclesiae
1570 4215 1770 4292 pastoresed
1781 4221 1887 4291 portas

168 4321 237 4365 mus
252 4309 420 4376 ethanim,
436 4321 528 4383 quem
544 4308 682 4366 ecclesie
696 4315 806 4366 nostrie
820 4325 926 4366 curam
947 4325 995 4368 ne·
1054 4307 1129 4376 ejus,
1142 4321 1181 4364 ne
1192 4305 1320 4364 introeat
1332 4304 1363 4361 in
1377 4305 1460 4364 illam
1473 4305 1522 4363 ille
1537 4305 1616 4377 talis,
1633 4306 1686 4380 qai
1697 4323 1760 4364 noa
1780 4307 1888 4382 quesi-

169 4397 306 4470 3lexisse,
319 4398 381 4454 ime
395 4397 563 4454 auctoritati
578 4401 635 4454 tue
649 4397 794 4467 derogare
807 4398 998 4456 vehementer
1054 4395 1127 4452 verit
1150 4395 1261 4452 intrare
1287 4410 1341 4467 per
1363 4395 1485 4466 ostium,
1509 4396 1563 4452 sed
1576 4395 1698 4454 aliunde
1713 4395 1886 4464 ascendere,

167 4484 315 4559 deierans,
332 4485 504 4559 posthabito
518 4483 692 4557 supradicto
713 4485 818 4542 Leonis
840 4501 928 4559 papas
949 4487 999 4543 de·
1053 4483 1131 4543 sicut
1143 4483 1192 4540 lar
1206 4487 1234 4540 et
1248 4483 1324 4541 latro
1339 4485 1437 4554 (loon.
1453 4501 1483 4554 ι,
1499 4485 1534 4558 l).
1551 4485 1640 4542 Vobis
1664 4485 1760 4542 tribus
1783 4489 1887 4559 portas

168 4578 258 4632 creto.
274 4574 362 4641 Quod
378 4575 403 4630 si
417 4575 628 4644 observasses,
657 4573 871 4632 rationabiliter
897 4575 998 4648 utique
1053 4572 1298 4640 custodientibus,
1315 4573 1415 4630 scietis
1441 4589 1496 4646 pro
1519 4578 1599 4632 certo
1626 4579 1767 4648 quartum
1788 4579 1887 4630 custo-

167 4662 289 4735 seems,
304 4667 335 4720 et
346 4661 425 4720 bene
439 4662 538 4733 nobis,
555 4667 588 4719 ut
600 4661 668 4718 liliis
679 4666 774 4737 pater,
786 4663 996 4720 eonstduisses.
1052 4663 1123 4720 dem
1138 4662 1219 4732 eddi,
1236 4663 1373 4720 Odonem
1388 4664 1539 4734 comitem,
1560 4669 1589 4722 et
1602 4679 1762 4737 nunquam
1785 4679 1888 4737 recep

166 4755 204 4810 At
214 4752 283 4826 ipso
293 4751 508 4826 numnquam
515 4751 612 4809 multa
621 4751 681 4810 alia
696 4755 998 4810 sanctaruml’atrum
1052 4757 1154 4810 turum
1168 4752 1297 4810 illumin
1313 4753 1463 4812 civitatem
1477 4770 1576 4826 suam,
1603 4754 1660 4810 nisi
1676 4753 1759 4828 prius
1786 4757 1888 4810 vestro

166 4841 338 4910 deleveris,
353 4843 414 4898 tute
429 4839 595 4898 considera.
625 4845 683 4898 Nos
699 4845 800 4898 nmen
824 4856 924 4914 pauca
946 4839 999 4898 tibi
1048 4842 1162 4915 judicio
1178 4843 1396 4912 examinatum,
1413 4849 1514 4902 uuum
1527 4843 1618 4917 recipi
1633 4843 1741 4900 ddreat
1755 4859 1795 4900 aa
1809 4859 1885 4900 non.

166 4930 320 4988 demitis
335 4931 504 4988 scribimus.
522 4930 639 5003 Legitur
660 4930 692 4987 in
707 4929 833 4988 decretis
850 4929 998 4988 Caelestini
1052 4931 1174 5004 Vigilate
1206 4931 1297 5002 igitar
1319 4932 1469 5003 attentius,
1499 4937 1528 4990 et
1550 4932 1707 5002 diligenter
1745 4931 1887 5006 inquirite

166 5031 273 5092 papas:
287 5021 401 5077 Nullus
414 5021 516 5078 moitis
529 5020 619 5076 denir
632 5021 785 5090 epucopus
799 5033 811 5075 .·
829 5019 913 5086 cieri
935 5019 998 5089 pte·
1051 5037 1179 5079 causam
1191 5037 1260 5078 cum
1272 5022 1376 5078 vestris
1392 5021 1577 5096 sapientibus
1592 5021 1717 5092 clericis,
1743 5025 1771 5078 et
1793 5021 1886 5078 nobis

167 5105 211 5162 bis
224 5111 252 5164 et
266 5109 382 5165 meinis
396 5124 556 5167 suscensus
570 5115 597 5166 et
618 5109 798 5166 desiderium
811 5109 996 5180 renuuntur.
1051 5111 1172 5170 famulis
1190 5111 1305 5182 vestris,
1335 5111 1360 5168 si
1388 5111 1565 5182 dignemini,
1592 5127 1647 5168 nec
1673 5115 1795 5186 propter
1807 5111 1887 5182 regis

167 5195 202 5250 nt
216 5198 420 5268 postpauca:
440 5196 762 5268 susacuuesstos'cts
786 5197 946 5265 renitendi,
972 5198 1000 5254 si
1051 5199 1248 5260 reverentiam
1269 5201 1327 5260 hoe
1353 5216 1441 5270 attere
1476 5199 1669 5275 pigritemini,
1703 5199 1792 5274 quasi
1830 5199 1887 5256 boc

167 5299 197 5342 se
223 5283 354 5340 uiderint
375 5289 578 5358 penencourt,
606 5293 634 5344 et
658 5303 730 5360 ques
758 5287 816 5344 sibi
835 5288 936 5360 inpari
960 5303 999 5348 ea
1050 5292 1196 5366 pertineat
1223 5290 1262 5347 ad
1288 5289 1461 5348 fidelitatem
1489 5291 1563 5363 ejus.
1602 5293 1673 5348 Vera
1704 5291 1816 5360 etenim
1843 5290 1887 5346 illi

167 5381 337 5433 transuerso
357 5379 505 5446 nouenint,
533 5395 593 5434 non
619 5379 744 5437 timeant
760 5379 920 5449 refutare:
935 5381 996 5452 qui,
1050 5379 1199 5438 fideliores
1238 5379 1340 5447 eritis,
1380 5379 1405 5435 si
1438 5395 1505 5454 quse
1544 5383 1615 5436 suat
1646 5378 1828 5450 corrigenda
1854 5379 1886 5436 in

165 5465 195 5521 si
215 5479 276 5521 non
297 5464 426 5521 debitum
448 5467 593 5535 enerues,
618 5469 825 5537 celtiberum,
849 5468 999 5540 decoqui
1050 5484 1143 5539 regno
1169 5467 1233 5540 ejus
1262 5467 1466 5536 correxeritis,
1506 5473 1535 5524 et
1570 5468 1708 5526 animum
1745 5469 1812 5539 ejus
1844 5467 1886 5524 ad

166 5570 214 5613 ees
228 5560 430 5625 recturusest,
447 5553 552 5614 debent
569 5557 849 5628 haberejudicium.
874 5561 945 5614 ltem
960 5573 996 5614 ex
1050 5556 1189 5614 eamdem
1227 5556 1442 5613 correctionem
1485 5556 1699 5630 compuleritis.
1736 5553 1885 5612 Volumus

166 5643 292 5710 coneilio
306 5644 629 5718 l'arthagineusitertio
646 5663 652 5704 :
668 5648 705 5708 Et
721 5649 801 5704 illuct
815 5651 997 5705 eststotuen·
1050 5651 1152 5705 autem
1189 5645 1265 5703 seire
1300 5661 1353 5704 vos
1390 5650 1425 5706 A.
1461 5646 1612 5708 decanam
1652 5659 1744 5723 quem
1784 5643 1885 5718 alege·
