3984 6182
202 165 256 222 0³5
800 155 951 216 bosam
966 147 1073 211 aneis
1092 149 1316 208 Fuluuottua.
1865 145 1920 200 ⁸³⁶

203 285 333 344 ooelestia
347 299 448 355 regna.
464 285 585 340 Annuat
596 283 654 340 boo
669 284 747 338 Deus
761 279 953 354 omnipotens
967 255 1031 350 'qui
1049 273 1168 342 Asimis
1183 271 1306 344 regibus
1319 273 1408 328 ornet
1421 267 1523 336 coelos,
1534 267 1622 338 cujus
1636 279 1763 336 regnum
1781 268 1818 322 et
1831 263 1926 340 impe

200 375 343 449 justificat
355 373 475 446 impios,
489 375 519 429 et
535 370 666 429 vivificat
691 374 836 441 mortuos,
853 374 882 426 et
907 367 1033 425 sanctis·
1087 364 1165 421 rium
1179 363 1336 436 permanet
1346 359 1375 416 in
1392 356 1502 416 saecula
1515 354 1703 413 saeculorum.

205 539 1906 572 ΗΜ

649 677 996 768 EPITAPHIUM
1026 673 1269 764 HUGONIS
1299 669 1474 760 MAGNI

908 874 1025 916 nonsart
1044 871 1123 914 REGlS
1142 869 1217 923 utun,

766 1001 851 1078 (laod
863 1002 936 1083 fecit
953 998 1101 1064 Gr'rordus
1117 995 1355 1059 ,curationem

492 1139 537 1201 Ex
553 1137 683 1218 antiquo
701 1137 767 1202 Ms.
782 1137 854 1198 ood.
869 1135 939 1199 Viri
954 1133 1002 1197 Gl.
1018 1129 1192 1196 Alexandri
1207 1127 1330 1192 Petavii
1346 1125 1504 1188 senatoris
1518 1123 1622 1187 Paris.

204 1476 360 1534 Sublatam
374 1475 473 1532 vidum
485 1475 629 1548 juvenem
643 1472 706 1540 tibi,
721 1471 853 1538 Francia,
869 1470 951 1542 luge,
1052 1472 1074 1525 B
1089 1466 1224 1527 Celtiberi
1235 1465 1413 1539 lacrymant,
1429 1467 1457 1522 to
1471 1477 1573 1534 regem
1587 1463 1682 1520 Roma
1691 1459 1832 1534 petebat,

239 1566 311 1632 Quae
326 1569 417 1638 eaput
431 1563 579 1621 extuleras
590 1562 704 1618 damna
719 1561 762 1617 tui
774 1560 888 1630 lugeas.
1124 1555 1330 1614 Omiseraude
1356 1571 1432 1628 puer
1447 1555 1454 1610 l
1469 1553 1522 1610 sed
1535 1551 1699 1610 tumulatus
1713 1550 1764 1607 bic
1780 1566 1828 1606 es.

205 1657 285 1712 Exue
298 1653 447 1727 quidquid
461 1652 565 1719 habes,
587 1651 694 1708 festina
705 1649 841 1706 scindere
854 1652 961 1719 vestes,
1088 1651 1217 1720 aspectu
1231 1644 1366 1720 pulcher,
1379 1643 1463 1700 victis
1479 1642 1559 1716 pius,
1570 1640 1709 1698 hostibus
1719 1655 1806 1708 acer,

238 1744 408 1800 Dilacerans
423 1741 521 1798 orines
537 1741 576 1797 da
591 1739 681 1813 capiti
695 1739 819 1795 cineres.
1129 1736 1157 1794 Si
1172 1736 1234 1792 tore
1249 1734 1294 1792 vir
1309 1750 1424 1808 posses,
1438 1737 1465 1790 te
1480 1730 1616 1805 Babylon
1630 1733 1782 1788 tremeret.

203 1832 368 1888 Indomitos
380 1831 491 1887 dociles
506 1829 560 1902 qui
572 1829 710 1886 redderet
722 1827 836 1884 arduus
848 1827 962 1896 hostes,
1088 1825 1213 1882 Parthus
1223 1829 1250 1880 et
1265 1823 1296 1881 in
1309 1823 1449 1896 pharetra
1458 1825 1581 1895 propter
1590 1825 1617 1876 te
1632 1817 1779 1877 conderet
1795 1833 1889 1884 arma,

240 1923 335 1991 llugo,
351 1919 442 1975 deous
457 1918 587 1991 patrium
600 1917 655 1974 ilos
670 1916 776 1973 oeoidit
786 1917 944 1988 juvenum.
1125 1918 1341 1987 apparensque
1352 1911 1451 1967 minor
1462 1908 1579 1966 cederet
1592 1906 1674 1964 orbis
1686 1906 1802 1964 bonor.

204 2008 315 2065 indolis
329 2011 469 2064 extremae
481 2007 558 2063 miro
569 2007 695 2063 dilectus
710 2023 825 2077 amore,
1089 2006 1149 2060 Pax
1159 2002 1249 2074 igitur
1263 2001 1316 2058 tibr
1331 2000 1378 2072 sit,
1397 2015 1466 2074 quoe
1479 1997 1578 2055 claudi
1592 1996 1684 2054 limite
1698 1995 1821 2052 nescit:

241 2099 325 2154 Nunc
340 2096 431 2154 etiam
443 2096 540 2153 luctus
553 2100 581 2153 et
595 2095 683 2153 dolor
694 2094 885 2152 immodicus.
1125 2095 1228 2149 lector
1241 2090 1350 2148 adhoc
1364 2105 1479 2163 pronus
1494 2087 1577 2163 quod
1590 2089 1705 2160 repetat
1713 2085 1861 2160 petimus.

1548 2279 1901 2310 w

423 2424 808 2541 nonnam
847 2391 1111 2538 neers
1148 2415 1701 2534 saanconuu

866 2669 1252 2794 aristonis.

464 2939 636 2997 EPISTOLA
654 2939 772 2996 Palus.
1052 2941 1073 2998 C
1086 2936 1147 2994 bite
1157 2933 1312 3010 quomodo
1325 2932 1474 3002 acciderit,
1488 2936 1518 2990 et
1530 2931 1562 2990 in
1573 2948 1636 3007 qua
1649 2930 1776 2990 historia
1796 2928 1908 2988 inveniri

206 3044 322 3086 nonsart
346 3045 382 3085 in
408 3043 598 3090 eaorneurcua
635 3043 811 3084 senonenses
848 3041 1040 3084 incarnarsco·
1092 3025 1198 3100 possit.
1213 3027 1352 3082 Attamen
1366 3023 1512 3097 deprecor
1534 3037 1573 3079 ne
1593 3021 1737 3078 differatis
1762 3020 1803 3078 ad
1822 3017 1910 3077 rescri-

587 3131 652 3172 rus.
1094 3113 1227 3173 bendum
1239 3112 1324 3180 mihi,
1337 3112 1410 3186 quia
1422 3110 1528 3169 tandiu
1538 3111 1672 3182 legatum
1689 3110 1782 3184 huJ'us
1795 3105 1910 3184 portenti

206 3203 292 3278 [cum
305 3206 341 3263 sil
353 3205 406 3263 tibi
419 3220 532 3262 nomen
549 3204 689 3272 scientiae,
702 3207 758 3261 eto.
773 3204 883 3262 Exstat
898 3218 993 3274 supra
1006 3203 1038 3259 io
1093 3203 1213 3272 tenebo,
1237 3203 1336 3260 donec
1345 3201 1419 3260 mibi
1433 3200 1649 3276 respondeatis.
1663 3199 1773 3258 valete.

442 3295 505 3352 utto
517 3293 648 3360 Roberti,
660 3293 717 3350 col.
733 3292 808 3365 eta]
1393 3290 1561 3348 EPISFOLA
1580 3291 1627 3348 llt.

512 3383 686 3440 EPtSTOLA
708 3385 740 3438 11.
1093 3398 1220 3440 oauzuru
1238 3396 1426 3438 arrunrcansrs
1441 3395 1648 3438 ancmnrrscorr
1664 3395 1699 3437 an
1715 3393 1852 3438 nosmrua
1865 3391 1906 3432 ns-

222 3487 341 3532 aossnrr
369 3489 406 3530 sn
431 3487 586 3529 oauzamus
605 3485 801 3528 arrunroanses
826 3484 1021 3527 mcumrroco·
1474 3486 1539 3528 aaa.

591 3576 657 3616 run.
1336 3559 1433 3628 (circa
1450 3574 1567 3616 annum
1589 3558 1678 3632 1022.)

456 3648 552 3721 (Circa
565 3664 682 3705 annum
698 3648 791 3720 1022.)
1129 3649 1256 3706 Domino
1268 3650 1332 3722 regi
1340 3651 1523 3707 Francorum
1537 3645 1776 3706 excellentissimo
1784 3643 1898 3700 Ronm-

245 3742 391 3796 accensus
415 3743 490 3795 nutu
516 3737 568 3794 llei
599 3740 781 3796 Francorum
806 3753 869 3807 rex,
897 3738 1038 3795 Gauzuno
1093 3754 1128 3796 ro
1143 3737 1265 3796 humilis
1278 3739 1435 3797 Gauznrnus
1450 3738 1552 3796 aeterni
1562 3738 1649 3810 Regis
1663 3735 1847 3796 consortium.

208 3826 329 3903 praesuli
343 3825 718 3884 Biturioensiumselulem.
735 3825 807 3883 Volo
820 3842 875 3883 vos
889 3825 963 3883 scire
978 3825 1040 3883 ani-
1129 3827 1216 3894 Quod
1240 3826 1352 3901 placuit
1380 3826 1464 3884 vobis
1499 3826 1684 3898 interrogare
1715 3825 1753 3882 de
1781 3821 1904 3899 prodigio

207 3919 250 3976 mi
265 3917 324 3975 mei
337 3922 455 3974 motum
467 3917 595 3992 qualiter
609 3933 641 3974 se
655 3915 756 3986 hebet,
771 3920 804 3974 ut
815 3917 890 3974 sorte
903 3916 1039 3974 accidere
1093 3917 1176 3992 quod
1190 3916 1308 3988 accidit,
1323 3917 1381 3974 hoo
1396 3915 1483 3974 nobis
1498 3933 1535 3974 ex
1561 3915 1693 3974 historiis
1707 3919 1806 3990 aperte
1826 3913 1905 3988 pelet·

207 4008 292 4080 solet,
308 4024 377 4066 eum
391 4023 478 4065 mens
492 4007 629 4064 humana
655 4011 801 4074 movetur,
818 4006 931 4081 siquid
949 4007 1039 4066 mira·
1094 4008 1181 4075 Quod
1191 4007 1312 4078 sanguis
1325 4023 1417 4081 super
1444 4006 1588 4078 gladium,
1618 4009 1670 4064 aut
1695 4005 1781 4062 civile
1798 4001 1906 4066 belum,

197 4091 263 4154 'bile
278 4101 385 4170 preter
394 4095 514 4154 solitum
537 4095 686 4169 insperate
706 4095 837 4152 auditur.
867 4098 945 4153 Ilum
966 4111 1039 4168 ergo
1093 4102 1275 4169 autgentem
1301 4113 1391 4171 super
1418 4101 1537 4168 gentem
1565 4110 1725 4167 exsurgere
1752 4090 1906 4170 portendilt

205 4184 254 4242 die
269 4184 392 4242 sabbati
413 4185 479 4256 jam
506 4186 652 4244 exhausto
680 4185 816 4242 sederem
842 4185 882 4243 ad
908 4202 1038 4258 coenam,
1092 4187 1225 4246 Valerius
1249 4186 1343 4244 Ruina
1367 4186 1398 4244 in
1418 4186 1496 4244 libro
1524 4185 1771 4255 Memorabilium,
1794 4179 1908 4257 capitulo

205 4272 296 4331 allata
309 4273 448 4331 iuitmibi
462 4275 604 4348 quiedam
629 4273 755 4348 epistola
780 4291 798 4332 e
824 4273 970 4332 willelmo
985 4291 1036 4332 oo·
1056 4282 1210 4354 nquarto,
1228 4278 1268 4334 De
1293 4275 1447 4351 prodigiis,
1469 4277 1534 4334 hoec
1549 4275 1637 4333 reiert
1653 4292 1660 4332 :
1679 4297 1693 4326 ιι
1709 4275 1784 4334 Gaio
1806 4271 1909 4329 Volum-

205 4361 287 4429 mite,
301 4361 339 4419 de
353 4362 489 4436 quodam
504 4367 642 4436 portento
655 4362 785 4420 mirabili
795 4363 910 4432 auditu,
927 4363 1038 4421 scilieet
1091 4367 1152 4436 nio,
1172 4365 1293 4423 Servilio
1310 4364 1439 4439 Sulpicio
1465 4363 1650 4432 oonsulibus,
1677 4363 1709 4421 in
1732 4364 1806 4422 urbe
1823 4363 1910 4417 Roma

205 4449 300 4508 tribus
315 4449 422 4508 diebm
437 4455 506 4508 ante
517 4450 736 4509 solemnitatem
750 4451 874 4510 toannis
900 4452 1036 4526 Baptistae
1091 4456 1174 4514 initia
1187 4459 1348 4527 motusque
1358 4453 1506 4511 bellorum
1522 4452 1654 4511 civilium
1670 4453 1730 4510 hoo
1750 4446 1911 4528 prodigium

204 4537 235 4596 in
249 4537 433 4613 quibusdam
447 4539 585 4612 partibus
599 4540 683 4612 regni
695 4539 765 4608 mei,
776 4539 913 4598 videlicet
926 4541 956 4598 in
967 4556 1037 4615 par·
1091 4543 1250 4620 portendit.
1262 4542 1366 4602 Carnis
1391 4542 1423 4599 in
1436 4541 1564 4600 modum
1577 4540 1674 4598 nimbi
1685 4540 1839 4616 dissipate
1851 4549 1910 4612 pst·

205 4627 284 4685 tibus
296 4628 473 4702 Aquitaniae,
486 4629 574 4701 juxta
586 4627 709 4703 plagam
722 4628 914 4697 maritimam,
923 4628 1037 4702 pluisse
1091 4639 1136 4693 tes
1152 4632 1333 4692 oeciderunt.
1356 4633 1491 4697 Quarum
1507 4631 1653 4704 majorem
1668 4645 1833 4688 numerum
1850 4641 1911 4702 pr&

204 4717 242 4775 de
254 4718 330 4776 ooelo
343 4718 409 4776 talis
422 4724 538 4777 naturae
566 4718 756 4790 sanguinem,
782 4723 816 4775 ut
828 4735 898 4776 oum
915 4719 1037 4777 fortuitu
1091 4727 1174 4797 petes
1188 4720 1376 4794 diripuerunt
1389 4735 1469 4790 eves,
1479 4719 1630 4794 reliquum
1639 4719 1725 4776 humi
1739 4735 1798 4794 per
1811 4715 1911 4790 auquel

204 4807 439 4883 cadebatsuper
452 4824 575 4865 carnem
602 4807 744 4876 bominis,
769 4813 822 4864 aut
848 4823 938 4881 super
951 4808 1039 4865 vesti·
1091 4812 1166 4883 dies,
1181 4826 1279 4884 neque
1303 4809 1396 4866 odore
1415 4813 1500 4878 tetro,
1524 4825 1624 4883 neque
1642 4808 1775 4866 deformi
1802 4807 1910 4882 aspectu

204 4903 351 4966 mentum,
379 4901 431 4955 eut
460 4913 550 4971 super
571 4902 700 4972 petram,
726 4913 789 4954 non
805 4901 908 4972 posset
927 4897 1038 4956 auferri
1092 4905 1241 4959 mutatum
1260 4899 1363 4971 J'aouit.
1391 4901 1423 4956 ln
1436 4899 1532 4957 Sicilia
1551 4904 1636 4957 scuta
1663 4898 1725 4956 duo
1739 4897 1911 4970 sanguinum

204 4984 345 5044 lavando.
364 4985 393 5043 Si
407 5001 477 5042 vero
491 4985 617 5044 cadebat
632 5001 722 5059 super
736 4985 864 5058 lignum,
876 4990 941 5043 tum
959 4985 1037 5044 bene
1092 4991 1240 5058 sudasse;
1264 4988 1355 5046 etiam
1382 4988 1562 5046 metentibus
1593 4991 1732 5046 cruentas
1768 4981 1910 5063 spicasiu

203 5074 371 5134 lavabatur.
397 5077 426 5135 si
439 5076 563 5151 quidem
574 5091 628 5150 per
655 5075 796 5134 eamdem
814 5075 973 5150 epistolam
987 5091 1038 5151 pe-
1092 5076 1214 5134 oorbem
1226 5075 1377 5134 cecidisse.
1394 5077 1512 5151 Oppido
1530 5077 1633 5136 ceritis
1659 5091 1757 5152 aquas
1779 5073 1908 5147 sanguine

205 5165 249 5222 tiit
262 5167 431 5224 ameidem
460 5165 633 5224 Guillelmus
659 5183 771 5232 comes,
785 5170 818 5224 ut
834 5181 892 5238 ego
906 5165 1036 5241 require·
1091 5163 1200 5222 mixtam
1217 5164 1350 5232 fluxisse,
1368 5189 1382 5216 »ι
1410 5165 1556 5224 Chronica
1581 5165 1699 5222 Eusebii
1720 5163 1761 5222 de
1781 5157 1909 5240 prodigi&

205 5269 270 5310 rem
282 5271 300 5312 a
313 5256 373 5312 mei
386 5255 470 5327 regni
498 5255 685 5329 sapientibus
698 5255 841 5330 quidhoc
864 5259 1036 5329 portentum
1091 5255 1149 5312 hoo
1162 5254 1251 5312 relert
1267 5273 1274 5312 ι
1292 5277 1306 5306 n
1333 5254 1541 5312 Valentiniano
1569 5255 1746 5329 imperante,
1773 5259 1841 5328 post
1852 5247 1910 5308 solit

205 5341 394 5413 significaret.
411 5346 471 5414 Ego
484 5359 554 5401 vero
578 5346 648 5403 volo
662 5349 691 5403 et
705 5361 811 5419 precor
830 5349 863 5402 ut
877 5343 1035 5419 perquira—
1091 5359 1233 5402 occasum
1253 5344 1292 5402 ab
1302 5344 1443 5418 aquilone
1455 5343 1565 5402 coelum
1578 5345 1665 5418 quasi
1687 5343 1768 5416 ignis
1792 5347 1843 5402 aut
1855 5353 1910 5396 sen·

204 5430 241 5489 tis
257 5431 288 5489 in
316 5431 500 5505 quibusdam
524 5433 654 5492 historiis
679 5433 705 5491 si
726 5450 861 5508 unquam
876 5432 1038 5491 accidisset
1091 5432 1308 5504 guiseffeotum
1335 5436 1390 5490 ast.
1418 5433 1518 5490 Gentis
1541 5437 1707 5503 Hunorum,
1727 5449 1804 5508 pace
1824 5433 1909 5502 mpla,

203 5520 296 5593 hujus
321 5520 427 5591 simile,
455 5526 484 5578 et
506 5526 590 5597 quod
614 5525 727 5582 lactum
743 5527 918 5598 sequeretur
944 5522 1036 5594 hujus
1090 5522 1215 5596 irruptio
1240 5523 1271 5579 in
1301 5521 1399 5580 Galliis
1423 5527 1525 5580 secuta
1549 5528 1602 5580 est.
1620 5547 1635 5574 »ι
1661 5523 1736 5580 ltem
1757 5521 1909 5580 annoleo·

205 5608 440 5683 reiportentum.
454 5609 581 5686 ltibique
595 5612 774 5674 hooeodem
800 5613 901 5684 legato
929 5610 1035 5670 rescri-
1089 5610 1137 5670 nis
1159 5610 1347 5688 imperatoris
1370 5611 1508 5686 septimo,
1534 5609 1636 5672 medio
1654 5609 1767 5671 Tolosa
1795 5599 1910 5668 oriols
