3996 6178
195 191 262 248 1287

194 317 354 382 tisfactum,
367 310 438 383 quia
450 304 535 362 vobis
547 302 614 359 fidei
630 301 723 358 habet
738 313 831 372 quarn
845 295 1020 370 plurimum.

195 405 301 462 Valete.

585 504 628 557 vt.

195 623 275 679 ldem
286 619 326 676 cd
339 615 471 675 eunrdern
484 617 511 670 et
524 612 610 668 otios.
620 607 732 666 carad
744 621 791 662 eos
801 619 860 660 nou
872 600 1023 658 intiment?

390 689 431 744 De
446 685 554 742 libellis
569 679 756 754 quibusdam,
768 680 823 732 etc.

229 797 351 858 llomnis
365 800 394 852 et
411 790 549 850 fratribus
571 787 601 843 in
622 784 736 842 Christo
756 781 819 838 suis
836 783 877 835 W.
892 781 923 835 P.
939 781 973 834 ll.
992 779 1020 832 F.

193 895 241 965 [s.,
258 893 375 955 Wiener,
397 887 510 946 Paeoni,
534 881 733 943 Maarsaeano,
758 866 951 941 Facrtarnnol,
969 870 1021 922 lta·

193 994 345 1038 creaturus
359 969 538 1030 litteratoriae
552 962 748 1041 professionis
771 956 1020 1031 neglectissimus,

193 1065 340 1144 quidquid
356 1059 493 1134 adoptari
506 1060 604 1130 petest
619 1051 759 1110 festivius.

229 1153 359 1213 ExterIor
380 1165 466 1206 meus
484 1149 586 1212 bomo,
612 1141 751 1215 quamvis
776 1137 857 1208 longi
876 1133 1021 1207 temporis

193 1243 347 1304 interstitio
361 1242 523 1312 conspectu
542 1239 642 1291 careat
662 1234 770 1298 vestro,
786 1226 907 1284 interior
920 1229 1022 1280 tamen

192 1335 304 1394 intima
314 1328 481 1388 dilectionis
493 1318 737 1394 contemplationi
746 1315 836 1373 vestri
846 1312 1021 1384 neutiquam

192 1411 375 1484 recordatur.
388 1416 472 1486 Ouod
489 1417 591 1481 vos,ut
602 1407 736 1483 promisi,
747 1406 779 1462 in
793 1401 951 1462 transactis
961 1400 1022 1456 die-

193 1533 260 1574 rum
275 1509 427 1570 curriculis
441 1521 503 1564 non
524 1500 651 1570 visitavi,
666 1499 698 1555 id
713 1510 851 1555 aversum
868 1492 960 1548 fuisse
975 1505 1021 1546 sc-

193 1605 285 1665 nioris
308 1599 368 1657 mei
392 1593 552 1672 prasentia
567 1591 678 1646 scitote.
709 1591 833 1658 insuper
859 1596 921 1638 non
943 1579 1020 1636 adeo

193 1701 298 1772 aptum
322 1687 395 1746 mihi
409 1682 568 1741 videbatur
587 1680 617 1734 in
639 1677 730 1747 hujus
756 1670 898 1744 temporis
920 1668 1021 1725 obser·
1039 1655 1058 1710 Β

191 1784 311 1844 vatione
325 1777 355 1833 id
380 1772 491 1830 itineris
507 1766 629 1825 meatim
653 1763 753 1836 arripi,
779 1777 849 1817 cum
872 1754 1020 1831 pabulum

192 1877 269 1931 esset
282 1867 394 1940 ubique
414 1863 551 1926 charum,
577 1861 605 1912 et
627 1855 740 1911 incerta
762 1849 920 1922 temperies
944 1845 1021 1902 acris
1093 1899 1098 1910 ,

191 1961 361 2027 baberetur,
384 1951 470 2009 vobis
493 1961 616 2022 quoque
630 1945 715 1999 locus
736 1944 764 1997 ct
780 1940 875 1995 otium
896 1935 1020 1992 minime

192 2052 313 2110 daretur
337 2040 489 2108 audiendi,
512 2043 541 2094 et
554 2037 620 2092 lenc
635 2031 794 2089 consilinm
809 2043 865 2103 prc
883 2026 930 2082 his
948 2023 1022 2081 mihi
1131 2078 1137 2089 ‚

192 2138 296 2207 dandi,
319 2149 387 2209 quar
409 2129 498 2187 vestri
525 2126 643 2185 aurium
669 2119 814 2179 cubiculis
833 2115 1019 2173 instillarem.

192 2227 353 2286 transacta
367 2217 520 2276 Paschalis
531 2211 696 2272 festivitatis
708 2205 927 2282 exspectatione
937 2217 1020 2268 mcx,

193 2333 263 2375 cum
278 2320 361 2371 wera
385 2309 482 2366 soluta
496 2303 633 2376 gramina
647 2300 794 2364 emittunt,
815 2311 867 2350 vos
883 2293 1021 2364 adusque

193 2406 254 2461 vita
268 2399 423 2475 superstite
437 2411 486 2452 me
506 2392 648 2467 promitto
661 2387 832 2444 venturum.
854 2381 918 2439 Tibi
932 2380 1022 2436 frater

194 2490 398 2551 amantissime
421 2480 620 2548 Froumunde,
645 2474 736 2535 libelli
757 2473 913 2531 residuum
938 2468 1022 2542 quod

193 2580 315 2654 rogasti,
337 2593 391 2652 per
404 2577 486 2633 hunc
506 2570 673 2646 pelliferum
687 2561 850 2632 transmisi,
867 2559 978 2633 jubens
993 2562 1021 2613 te

192 2688 286 2748 quam
311 2665 452 2726 citissime
478 2661 508 2718 id
532 2656 715 2733 perscribere
743 2667 837 2709 causa
863 2647 1020 2746 confestim

192 2757 371 2824 remittendi,
387 2753 459 2828 quia
472 2749 596 2807 domino
616 2743 753 2818 ejusdcm
767 2739 837 2814 libri·
849 2737 949 2794 nescio
962 2741 1019 2792 tur-

192 2854 254 2907 met
267 2843 436 2921 postulatis,
461 2843 508 2896 sat
528 2835 584 2906 egi.
601 2832 690 2890 Vobis
713 2833 826 2900 autem,
848 2826 970 2883 dominc
992 2830 1020 2881 et

671 174 874 234 inclinantil
893 169 1093 229 COENOBITAE
1115 167 1397 229 FEGFRNSEENSlS

1840 168 1897 226 last

1077 292 1161 365 quod
1172 296 1199 348 te
1209 291 1361 366 quiescere
1377 291 1519 350 audimus
1529 290 1561 350 in
1575 291 1785 350 monasteriali
1800 295 1897 365 quiete.

1078 381 1177 454 sopita
1191 387 1280 456 alque
1302 381 1407 439 delusa
1420 385 1530 438 cuncta
1544 379 1682 437 saeculari
1706 379 1897 438 tribulatione.

1077 468 1190 536 Gauda,
1214 469 1303 527 frater
1326 469 1528 538 dilectissime,
1550 467 1635 542 quod
1660 467 1802 526 invenisti
1828 471 1899 542 quod

1077 575 1196 630 semper
1216 559 1379 632 suspirioso
1402 558 1505 616 animo
1525 557 1698 631 quaesivisti.
1720 561 1806 630 Rogo
1822 563 1857 626 te,
1870 577 1900 615 ne

1078 649 1137 706 ulla
1155 649 1317 722 deceptrix,
1340 649 1426 706 nulla
1445 648 1594 707 seductrix
1613 648 1724 706 avellat
1744 655 1773 706 tc
1794 649 1833 705 de
1853 655 1900 706 tre-

1076 739 1147 795 mite
1161 739 1299 796 veritatis.
1324 738 1387 797 Noli
1401 737 1550 812 respicere
1569 738 1684 794 nodum
1700 737 1830 806 solvere,
1848 755 1900 811 qao

1077 831 1104 884 te
1129 827 1253 896 trusisti,
1279 833 1432 902 perpetuae
1456 827 1592 885 charitati
1619 827 1764 901 deinceps
1791 844 1899 884 vacare.

1078 915 1203 986 Fugiens
1220 931 1235 972 e
1251 917 1372 986 sacrilo,
1389 917 1498 989 sipost
1520 920 1637 986 tergum
1652 915 1779 988 respicis
1794 917 1898 978 animo,

1076 1005 1205 1063 multum
1215 1006 1333 1064 miraris
1343 1006 1426 1079 quod
1436 1004 1616 1063 multimoda
1623 1002 1795 1078 infestaque
1804 1007 1900 1062 mundi

1075 1095 1208 1169 pericula
1223 1101 1284 1153 tam
1298 1095 1399 1152 salvus
1414 1111 1564 1152 evaseras.
1577 1093 1655 1160 Quid
1667 1094 1785 1150 multa?
1797 1097 1838 1150 Ex
1847 1111 1901 1168 quo

1075 1184 1168 1241 homo
1182 1185 1324 1258 indignus
1339 1184 1497 1259 presbyter
1511 1199 1580 1240 sum
1603 1183 1773 1251 ordinatus,
1789 1184 1833 1240 tui
1846 1199 1901 1240 non

1076 1290 1144 1330 sum
1159 1273 1286 1341 oblitus;
1305 1273 1448 1348 deinceps
1460 1289 1533 1330 vero
1553 1287 1724 1346 nunquam,
1739 1288 1899 1346 nusquam.

1076 1364 1200 1435 qnando
1224 1363 1284 1420 mci
1305 1378 1481 1420 meorumve
1495 1361 1646 1428 recordor,
1663 1361 1705 1418 tui
1726 1377 1791 1418 non
1804 1362 1900 1419 oblivi-

1077 1468 1154 1508 scor.
1185 1453 1348 1526 speramns
1381 1467 1526 1526 namque,
1554 1449 1720 1524 spirituque
1753 1455 1899 1524 optamus,

1075 1542 1261 1616 quandoque
1277 1545 1304 1598 te
1313 1540 1416 1598 venire
1429 1540 1469 1598 ad
1482 1540 1550 1598 loca
1560 1539 1648 1597 nobis
1663 1539 1821 1610 viciniora,
1837 1555 1904 1612 pra-

1075 1629 1160 1700 digni
1175 1631 1295 1688 abbatis
1316 1630 1358 1688 tui
1378 1628 1569 1686 benedicibili
1591 1628 1721 1686 licentia.
1738 1629 1864 1686 Confido
1876 1630 1903 1686 in

1076 1721 1203 1777 Domino
1217 1721 1289 1776 lesu
1305 1719 1420 1778 Christo
1435 1724 1469 1776 ut
1478 1718 1626 1776 voluntati
1647 1734 1723 1774 meae
1738 1718 1901 1775 satifaciens

1076 1807 1207 1866 deducat
1229 1824 1278 1865 me
1303 1808 1343 1866 ad
1368 1808 1471 1865 locum
1493 1807 1547 1863 ubi
1565 1806 1686 1864 inventa
1712 1810 1783 1863 sunt
1806 1809 1902 1862 sancta

1076 1914 1162 1971 signa
1177 1903 1288 1956 nostrie
1310 1897 1536 1973 redemptionis.
1563 1899 1598 1954 Et
1620 1895 1645 1954 si
1670 1897 1713 1954 ila
1731 1895 1797 1964 erit,
1821 1897 1901 1970 cupio

1075 2005 1129 2046 vos
1154 1989 1252 2047 videre
1278 2004 1388 2063 meque
1409 1987 1624 2044 commendare
1644 1990 1757 2043 sancta
1781 1987 1902 2043 orationi

1076 2094 1239 2149 seniorum,
1263 2077 1288 2134 si
1306 2077 1481 2148 dignantur,
1505 2075 1707 2134 cluniacensis
1721 2076 1900 2132 monasterii.

1075 2167 1184 2225 valete.

1468 2295 1511 2349 tlt.

1076 2401 1125 2458 Ad
1134 2401 1267 2466 eumdem
1283 2399 1507 2456 Froumuudus.
1518 2399 1615 2470 Rogat
1625 2404 1658 2454 ut
1668 2400 1729 2454 silri
1739 2401 1903 2470 meropius

1272 2471 1396 2527 Horatii
1407 2476 1494 2540 poeto
1508 2471 1709 2527 transmittat.

1112 2577 1307 2635 Dilectissimo
1319 2575 1460 2634 confratri
1475 2579 1507 2633 a.
1524 2579 1620 2634 vester
1631 2576 1730 2633 tidelis
1742 2579 1785 2646 F.,
1801 2593 1904 2652 quam·

1075 2669 1120 2726 vis
1133 2667 1210 2738 vilis,
1228 2666 1364 2724 sedulam
1377 2666 1545 2724 orationem
1560 2683 1596 2723 ex
1606 2665 1708 2723 corde.

1111 2757 1140 2815 Si
1155 2755 1254 2813 adhuc
1270 2755 1307 2812 ad
1322 2753 1558 2812 manuslrabctis
1573 2753 1685 2810 librum
1699 2757 1825 2825 tloratii,
1836 2771 1905 2827 rogo

1074 2863 1129 2903 vos
1144 2850 1177 2901 ut
1190 2843 1263 2902 mihi
1277 2860 1347 2901 eum
1371 2841 1493 2900 mittatis
1508 2841 1548 2899 ad
1569 2841 1805 2900 describendam
1820 2845 1906 2918 parti·

192 2936 334 3008 magister
349 2927 553 3001 Mfssisshelmer
576 2939 656 2979 ¹1¹1ssss
673 2917 814 2992 lefflpffl'is
834 2915 956 2989 nequ'fl’i
970 2930 1018 2970 ⁵³·
1075 2934 1173 2992 culam
1193 2949 1261 3008 quae
1277 2931 1377 2989 adhuc
1391 2930 1479 2989 nobis
1492 2929 1576 2988 deest
1587 2929 1726 3003 ciusdem
1738 2931 1808 2988 libri
1822 2951 1829 2998 ;
1844 2937 1871 2989 at
1883 2934 1906 2988 si

192 3027 337 3086 usfacere.
358 3023 454 3088 Quem
479 3015 560 3073 enim
583 3013 694 3069 librum
715 3006 845 3074 voluisti,
861 3006 891 3063 in
916 3003 1055 3061 nostrat}
1072 3023 1158 3081 mum
1181 3039 1244 3080 non
1276 3021 1404 3091 haberis,
1436 3020 1530 3077 apum
1557 3036 1660 3095 quem,
1693 3037 1787 3091 quem
1821 3023 1906 3080 „obis

191 3113 362 3174 reconditur
383 3107 573 3167 bibliotheca.
601 3101 654 3159 sed
679 3102 780 3156 ulrum
805 3099 954 3153 correctus
971 3093 1018 3162 sit,

191 3219 295 3270 necne,
311 3200 427 3258 dubito.
452 3196 479 3254 si
495 3204 670 3269 persensero
689 3186 774 3244 illum
799 3183 884 3241 vobis
905 3182 1019 3250 utilem,

191 3309 253 3350 una
267 3305 386 3348 mecum
411 3287 564 3360 asportare
583 3277 763 3356 procurabo.
788 3273 883 3330 valete
902 3271 1019 3328 vestris-

190 3399 250 3457 que
264 3376 450 3436 crationibus
465 3390 514 3430 me
533 3371 688 3434 miserum,
713 3367 838 3438 inquam
864 3362 1018 3432 miserum,

190 3468 348 3542 impertite.

577 3568 634 3622 Vll.

189 3677 379 3738 Fi·oumuudi
390 3675 431 3732 oct
443 3671 594 3730 Peiorem
608 3667 786 3724 monachum
797 3679 852 3735 pro
866 3666 1018 3721 uestimen-

339 3749 375 3806 tis
390 3745 496 3820 quibus
511 3757 541 3800 se
553 3757 572 3799 a
586 3741 702 3812 frigore
716 3736 869 3807 defendat.

224 3861 342 3916 Domno
356 3857 462 3912 Pisoni
485 3852 574 3908 frater
589 3851 787 3915 Fnornunnrs,
807 3841 955 3916 quidquid
974 3848 1018 3901 est

188 3947 339 4006 charitatis
353 3945 384 4003 in
397 3941 533 3999 Domino.

222 4034 362 4092 Instantis
386 4029 494 4089 hiemis
518 4041 660 4101 pressura
676 4023 755 4095 cogit
768 4039 816 4080 me
835 4021 933 4079 dicere
947 4039 1015 4096 quse

188 4127 259 4180 sunt
272 4121 359 4178 nobis
374 4117 553 4176 necessaria.
568 4114 698 4171 Nimium
710 4111 842 4170 confisus
854 4111 940 4168 solita
948 4112 1016 4169 cha-

186 4212 271 4270 ritate
286 4215 384 4267 vestra
398 4209 477 4264 circa
500 4222 559 4273 ma,
584 4218 726 4273 rogovos
748 4205 779 4257 ut
801 4201 923 4258 mittatis
942 4201 1013 4258 mihi

186 4301 264 4358 duos
279 4301 408 4356 vuantos
431 4294 567 4369 hispidos
582 4292 705 4362 sulinos
722 4294 774 4347 ant
791 4289 943 4361 fiberinos,
968 4290 1014 4346 vel

185 4389 336 4464 vulpinos,
348 4386 459 4462 quibus
472 4384 596 4441 indutus
608 4383 699 4439 vitare
711 4379 831 4438 valeam
845 4379 1013 4453 periculum
1030 4361 1051 4414 Ι)

185 4479 302 4552 frigoris
326 4477 358 4533 in
384 4473 537 4532 manibus.
558 4470 659 4530 Dilecti
681 4469 787 4526 fratres
810 4467 962 4524 liutoldus
984 4475 1014 4525 et

184 4567 309 4625 vuirunt
322 4566 400 4624 bene
414 4562 657 4636 valeant,quibus
671 4558 761 4616 etiam
772 4556 906 4614 salutatis
918 4573 954 4615 ex
963 4573 1013 4614 no

184 4657 265 4714 mine
279 4672 359 4726 meo,
374 4657 478 4726 rogate
493 4667 544 4710 ecs
556 4654 590 4707 ut
602 4648 791 4721 aliquantum
801 4661 869 4704 cera
883 4644 1012 4717 largian-

184 4751 241 4806 tur.
258 4746 366 4804 valete.

561 4849 630 4906 v111.

181 4957 558 5034 adaquametiam]
581 4957 769 5014 moncellum.
795 4953 947 5010 Hortatur·
970 4952 1011 5009 oct

213 5033 471 5106 perseuerantiam
490 5031 522 5085 in
538 5033 620 5086 statu
635 5026 808 5092 monastico,
830 5039 917 5097 seque
935 5025 1009 5082 Glu-

216 5105 402 5164 uiocensium
413 5101 554 5174 precibus
563 5100 672 5171 juvari
683 5098 829 5168 portauit.

215 5213 249 5268 n.
265 5209 357 5270 Fratri
371 5205 565 5267 dilectissimo
580 5207 610 5262 F.
626 5207 688 5262 tota
707 5207 806 5260 mente
829 5201 882 5258 tibi
903 5201 1009 5258 fidissi-

180 5317 293 5448 mqqne
309 5387 404 5448 iecisti
418 5385 502 5462 quod
515 5377 604 5445 nobis
620 5397 675 5458 per
688 5386 794 5440 notum
809 5380 950 5437 nuntium
961 5379 1007 5435 in-

178 5479 311 5545 notuisti,
327 5478 380 5536 ubi
393 5493 482 5534 curas
497 5474 660 5533 [erumnosi
674 5471 775 5530 saculi
798 5469 878 5528 calce
893 5467 1004 5526 trivisti.

178 5569 233 5626 Per
256 5573 380 5626 cunctas
407 5581 540 5640 namque
565 5562 703 5635 regiones
728 5559 839 5632 vagula
860 5560 958 5616 mente
978 5560 1006 5614 te

177 5655 373 5732 quesivimus
398 5657 568 5713 mmrsntes.
597 5651 654 5708 Sed
682 5649 809 5713 nimiam
837 5646 1005 5720 gaudemus

1074 3113 1176 3170 utilem
1191 3111 1280 3182 scitis,
1302 3109 1377 3167 mitti
1392 3125 1563 3183 precamur.
1578 3109 1664 3167 Liber
1688 3109 1779 3167 etiam
1796 3119 1905 3177 noster,

1073 3217 1165 3275 quem
1191 3214 1244 3256 vos
1259 3198 1387 3270 habetis,
1411 3197 1499 3254 valde
1523 3197 1713 3254 necessarius
1736 3202 1782 3254 est
1807 3199 1905 3255 nobis.

1074 3289 1219 3358 Quocirca
1240 3287 1369 3361 petimus
1384 3291 1417 3342 ut
1434 3301 1489 3360 per
1503 3291 1682 3360 presentem
1704 3286 1849 3344 nuntium
1864 3288 1906 3344 di·

1072 3377 1184 3449 rigatis.
1210 3375 1337 3441 Quando
1351 3374 1431 3431 enim
1446 3373 1548 3441 vultis,
1565 3373 1663 3430 statim
1675 3373 1761 3430 vobis
1770 3375 1905 3445 remitto,

1073 3467 1098 3524 si
1112 3467 1154 3524 ita
1177 3480 1299 3522 necesse
1325 3468 1379 3522 est.
1396 3463 1524 3529 Quando
1536 3463 1644 3520 librum
1661 3461 1771 3517 Homtii
1796 3467 1903 3519 maun

1025 3581 1027 3586 ¹
1070 3555 1225 3629 juvamine
1240 3553 1407 3622 conscribo,
1427 3552 1583 3609 confestim
1593 3550 1631 3608 ad
1646 3566 1700 3606 vos
1711 3549 1815 3607 venire
1830 3566 1898 3607 non

1072 3645 1209 3703 tardabo.

1467 3766 1504 3820 X.

1070 3876 1120 3932 Ad
1131 3873 1274 3932 eumden.
1301 3872 1418 3930 aarum
1433 3876 1567 3944 nepotem
1583 3870 1626 3928 od
1644 3871 1848 3941 recipiendam
1865 3874 1905 3928 ri·

1105 3963 1171 4003 sum
1183 3950 1271 4016 rogat
1287 3950 1357 4001 oute
1377 3945 1477 4000 altare
1490 3943 1591 4000 eoacti
1612 3943 1756 3999 natatilis
1766 3957 1904 4012 prasen-

1060 4011 1067 4020 '
1106 4018 1176 4076 turi.
1191 4017 1393 4087 Conqueritur
1403 4014 1586 4072 desuolibro
1597 4013 1718 4071 sordide
1730 4013 1903 4075 loricato.

1104 4124 1139 4179 lt.
1156 4120 1282 4179 dimidio
1293 4121 1361 4178 vitae
1376 4136 1450 4178 mea
1464 4119 1579 4184 solatio.
1592 4122 1622 4176 F.
1638 4119 1791 4195 quidquid
1802 4119 1904 4190 gaudii

1068 4214 1098 4271 in
1115 4211 1240 4270 Christo.

1103 4303 1196 4359 Istum
1220 4316 1349 4374 puerum
1373 4300 1470 4373 neptis
1487 4315 1576 4366 mam,
1598 4299 1688 4356 honre
1713 4299 1853 4358 moliens
1870 4300 1904 4356 ti-

1066 4391 1152 4462 linm,
1166 4391 1282 4448 lumine
1299 4390 1457 4447 oculorum
1480 4404 1557 4462 pene
1571 4389 1735 4462 privatum,
1758 4407 1838 4464 rogo
1852 4407 1907 4446 vos

1067 4485 1100 4538 ut
1115 4485 1184 4538 ante
1199 4479 1292 4537 altare
1314 4478 1409 4536 sancti
1424 4477 1562 4536 antistitis
1577 4478 1611 4550 [s.
1627 4481 1655 4536 S.
1671 4480 1908 4551 Emmerammij

1065 4570 1194 4644 ducatis,
1215 4574 1245 4626 et
1258 4584 1314 4642 pro
1327 4568 1453 4625 sanitate
1468 4568 1534 4640 ejus
1558 4567 1589 4624 in
1604 4573 1771 4642 conspectu
1787 4570 1841 4626 ltei
1857 4569 1911 4626 de—

1065 4659 1238 4735 precemini.
1256 4661 1290 4716 Et
1297 4658 1321 4715 si
1329 4657 1451 4732 aliquod
1461 4655 1718 4716 medicamentum
1731 4674 1792 4731 pro
1799 4659 1913 4732 hujus·

1064 4749 1148 4808 modi
1161 4747 1333 4806 infirmitate
1346 4747 1436 4817 scitis,
1450 4751 1503 4804 aut
1516 4746 1661 4804 sciscitari
1679 4746 1820 4821 potestis,
1850 4763 1910 4822 pro

1063 4855 1167 4898 amore
1180 4837 1285 4898 desti
1307 4837 1364 4894 sibi
1377 4852 1522 4909 rogamus
1547 4837 1701 4912 impertiri.
1728 4837 1759 4896 Si
1785 4837 1909 4913 aliqviid

1063 4927 1238 4987 habuissem
1253 4925 1326 4984 mihi
1338 4926 1426 4984 vobis
1440 4925 1572 4998 charius,
1596 4930 1780 5000 praesentem
1796 4926 1909 5001 pagel-

1062 5018 1125 5076 lam
1143 5015 1299 5075 invectivis
1315 5015 1401 5074 vobis
1423 5015 1556 5098 fortassis
1571 5031 1741 5086 onerarem,
1770 5017 1853 5091 quia
1877 5015 1911 5071 li-

1063 5106 1298 5164 bramncstrum
1307 5109 1909 5180 totumrugosum,coenosumpar·taqne

1062 5197 1233 5272 disruptum
1251 5195 1361 5270 recepi.
1379 5195 1437 5254 Sed
1451 5196 1509 5254 boo
1534 5193 1613 5254 absit
1632 5198 1667 5252 ut
1687 5211 1744 5252 vos
1775 5196 1827 5252 val
1845 5209 1910 5251 une
1975 5249 1986 5272 ,

1061 5284 1155 5343 verbo
1178 5284 1360 5344 conbistem.
1377 5287 1409 5341 tn
1429 5284 1526 5358 capite
1541 5282 1678 5356 ejusdem
1691 5282 1764 5340 libri
1788 5283 1910 5342 inserts

1061 5378 1148 5432 erant
1170 5373 1232 5432 duo
1245 5373 1326 5431 lolia.
1349 5377 1381 5430 ln
1401 5389 1462 5432 uno
1483 5376 1547 5431 erat
1568 5371 1708 5444 circulus,
1733 5373 1907 5432 confiniens

1061 5463 1239 5538 scripturam
1267 5467 1398 5539 quatuor
1421 5463 1582 5537 plagarum
1609 5461 1741 5532 mundi;
1774 5462 1808 5520 in
1841 5461 1910 5517 alio

1060 5553 1188 5629 epistola
1208 5566 1302 5627 quam
1321 5556 1485 5626 formulam
1512 5557 1701 5628 nuncupant,
1719 5569 1793 5627 qma
1813 5565 1911 5624 rogo.

1061 5659 1160 5717 genua
1172 5649 1271 5702 vestra
1286 5643 1481 5720 amplectens,
1494 5647 1527 5704 ut
1541 5643 1614 5702 mibi
1626 5642 1797 5704 remittatis.
