4002 6174
675 183 825 242 auom
842 183 981 242 Musica:
999 185 1220 245 annualem.

365 442 1526 501 memarmamsmurmamr

390 537 1356 614 naacnnucmbmuct
1425 512 1634 626 gfflffi

366 637 1545 698 vummuumummstmuumuuuu

393 908 438 965 De
450 908 618 967 dictatibus.
922 909 962 969 'a
976 915 1194 985 Argumentum
1205 930 1278 972 vero
1293 914 1419 989 simplex
1430 914 1503 989 quia
1515 913 1573 972 cito
1588 913 1714 987 capitur.

119 1009 240 1077 ouamds
254 1025 359 1067 omnes
370 1016 673 1087 vocesnnntnsatque
683 1014 791 1071 modos
801 1014 923 1085 habeat,
977 1003 1077 1059 Tonus
1091 1003 1193 1060 tertius
1206 1009 1235 1060 et
1247 1008 1346 1061 sextus
1356 1002 1565 1061 describuntur
1575 1002 1694 1076 saepius.

117 1099 174 1171 Ejus
188 1103 285 1156 umen
295 1099 349 1156 erit
362 1101 456 1168 modi,
471 1117 563 1176 qnam
576 1101 676 1160 finalis
701 1107 833 1160 resonat,
979 1093 1060 1158 Quos
1072 1092 1242 1166 frequenter
1248 1109 1439 1166 repercussos
1449 1109 1520 1150 mox
1528 1089 1806 1162 cognoscitanimus

116 1191 177 1244 bam
189 1187 226 1244 ab
236 1187 302 1261 ipso
313 1189 405 1246 sumit
415 1205 566 1260 normam,
581 1191 708 1265 qualiter
722 1209 753 1248 se
767 1191 887 1248 habent.
979 1181 1153 1239 Litterarum
1167 1186 1196 1239 et
1209 1171 1388 1240 neumaium
1404 1198 1477 1238 usus
1491 1181 1529 1239 sit
1540 1180 1689 1238 assiduus.

115 1277 207 1333 Vocem
217 1281 357 1350 quartam
369 1284 460 1352 atque
473 1279 621 1354 qiuntsm,
638 1285 753 1338 sextam
776 1285 867 1354 atque
877 1295 924 1336 se·
978 1270 1110 1344 Quisque
1125 1287 1217 1328 sonus
1231 1287 1293 1345 quo
1306 1271 1343 1329 sit
1356 1270 1423 1328 loco
1437 1270 1523 1327 facile
1541 1269 1699 1339 colligitur,

752 1369 889 1444 [primam
979 1359 1099 1416 Etiamsi
1110 1375 1172 1417 una
1184 1360 1324 1434 (mutum)
1333 1360 1428 1418 littera
1438 1359 1623 1434 praeligitur]

115 1454 211 1512 iinaies
222 1455 381 1514 habemus.
396 1457 476 1516 Multi
488 1459 553 1516 sine
567 1459 734 1518 differentia
980 1451 1014 1506 Ut
1028 1449 1195 1523 proprietas
1210 1465 1356 1507 sonorum
1366 1449 1552 1506 discernatur
1565 1445 1685 1515 clarius,

115 1546 281 1620 Ubicumque
296 1552 414 1620 ponunt
425 1547 501 1605 fines
515 1549 628 1607 sicutet
641 1549 799 1625 principia.
979 1538 1134 1604 Quasdam
1154 1537 1248 1596 lineas
1261 1539 1416 1610 signamus
1425 1538 1515 1595 variis
1525 1535 1675 1594 coloribus
1690 1552 1714 1598 r,

114 1633 211 1708 Quique
225 1643 332 1693 canius
350 1637 391 1694 ed
404 1641 526 1694 octavas
546 1637 621 1695 fallit
633 1639 816 1710 regulariter,
980 1630 1015 1685 Ut
1033 1643 1095 1700 quo
1108 1627 1175 1686 loeo
1193 1627 1261 1700 quis
1276 1627 1313 1684 sit
1325 1633 1424 1694 tonus,
1440 1642 1512 1684 mox
1526 1625 1678 1682 discernat
1691 1621 1805 1680 oculus.

114 1725 174 1780 Etat
183 1724 301 1797 quintas
316 1741 336 1782 a
350 1726 433 1784 finali
447 1728 555 1802 poterit
568 1726 759 1798 descendere,
980 1717 1089 1775 ordine
1104 1715 1194 1773 terbee
1203 1716 1286 1772 vocis
1298 1715 1460 1789 splendens
1473 1730 1579 1772 crocus
1593 1713 1699 1781 radiat,

114 1810 223 1872 Quando
240 1813 332 1888 plage
347 1821 376 1872 et
389 1816 539 1873 authentis
562 1832 624 1874 nou
639 1821 710 1874 sunt
722 1816 906 1874 differentia.
980 1805 1147 1876 8811881113
1167 1803 1221 1860 sed
1235 1802 1334 1860 affinis
1349 1803 1429 1860 ssavo
1443 1803 1530 1860 iubet
1540 1800 1652 1858 minim

114 1899 186 1965 duod
198 1900 222 1957 si
232 1902 341 1976 plagas
353 1902 393 1962 ab
416 1905 566 1962 authentis
585 1905 727 1963 convenit
745 1905 925 1974 discernere,
980 1897 1030 1951 Est
1041 1893 1171 1951 affinitas
1186 1892 1321 1949 colorum
1331 1891 1454 1966 reliquis
1469 1890 1589 1948 indicio·

114 1987 194 2060 Pinge
207 1991 317 2050 saliunt
330 1992 370 2051 sd
384 1993 516 2068 quintas,
531 2011 587 2052 nec
601 1995 714 2054 vadunt
727 1994 859 2064 uerius,
979 1986 1016 2039 st
1025 1982 1048 2038 si
1063 1982 1158 2040 littera
1172 1981 1314 2038 velocior
1327 1979 1445 2037 neumis
1459 1994 1522 2037 non
1532 1977 1672 2042 intererit,

115 2081 142 2134 rt
155 2079 189 2136 ad
202 2082 324 2155 quintas
336 2083 516 2142 declinando
531 2083 590 2142 sibi
603 2083 798 2143 satisfaciunt,
979 2071 1047 2130 Tale
1057 2071 1121 2138 erit,
1134 2069 1224 2143 quasi
1237 2069 1342 2126 iuuem
1353 2068 1428 2125 dum
1439 2083 1502 2125 non
1516 2066 1609 2125 habet
1622 2068 1731 2139 puteus
1747 2079 1754 2118 :

114 2169 274 2229 lrauuenu
288 2173 328 2230 au
343 2171 466 2231 octavas
479 2179 681 2248 competenter
696 2174 808 2232 sauunt
981 2161 1031 2233 cuj
1037 2177 1072 2216 us
1088 2175 1187 2234 nque,
1202 2157 1343 2232 quamvis
1355 2157 1467 2226 mure,
1487 2157 1530 2214 nu
1543 2157 1670 2232 prosunt
1688 2149 1810 2209 videnti-

114 2255 214 2315 liinnli
227 2276 291 2318 uno
305 2265 386 2333 touo,
399 2278 498 2337 neque
507 2263 620 2322 cadunt
633 2265 773 2339 amplius.
943 2266 965 2321 B
1677 2241 1755 2314 [bus-

114 2346 176 2403 Trito
186 2353 270 2408 tonus
289 2367 359 2408 cum
375 2367 437 2409 non
449 2351 557 2422 subsit,
579 2353 648 2410 finis
662 2360 707 2411 est
719 2353 925 2426 gravissimus.
982 2339 1058 2398 illud
1072 2354 1204 2414 quoque,
1219 2336 1303 2412 quod
1314 2335 1449 2410 Piffidffi,
1462 2333 1551 2393 ΜΗΘ
1562 2334 1617 2391 011²
1631 2332 1712 2402 utile,

115 2435 163 2493 lini
173 2455 295 2514 quoque
308 2441 471 2500 debetesse
489 2459 660 2501 consonum
680 2444 872 2519 principium.
982 2430 1090 2490 Similis
1105 2430 1210 2501 figure
1225 2443 1352 2484 neumas
1367 2427 1391 2482 si
1406 2441 1491 2482 cures
1504 2424 1662 2498 inspicere,

115 2527 183 2584 Unde
193 2529 334 2602 quintum
348 2531 461 2589 atinati
473 2548 537 2590 non
548 2536 673 2593 excedat
685 2534 845 2592 naculum,
982 2518 1066 2577 Locis
1081 2517 1172 2576 variis
1182 2521 1210 2573 et
1224 2515 1324 2572 modis
1341 2529 1436 2588 quam
1442 2513 1558 2569 diverse
1572 2513 1721 2568 resonent.

114 2614 195 2687 Plaga
207 2634 278 2676 vero
296 2635 386 2693 super
393 2627 516 2695 quartas
529 2639 591 2680 uon
601 2625 724 2683 tendant
735 2624 926 2699 principium.
981 2608 1187 2684 aptitudinem
1202 2620 1383 2662 neumarum
1393 2602 1479 2660 facilc
1491 2600 1642 2670 intelligis,

114 2707 179 2762 lssier
191 2707 263 2765 alies
280 2711 417 2768 secunda
435 2727 494 2768 vox
506 2713 587 2784 J'scet
598 2714 750 2788 ignobilis,
983 2703 1048 2766 Quo
1063 2699 1095 2754 in
1109 2697 1176 2754 loco
1188 2696 1257 2769 quis
1272 2697 1309 2750 sit
1323 2709 1415 2750 sonus
1429 2692 1459 2748 in
1470 2689 1594 2748 diversis
1606 2685 1704 2754 lineis,

114 2796 206 2854 Contra
217 2798 307 2856 tertia
319 2803 348 2856 et
361 2804 445 2857 seam
454 2801 520 2876 freq
526 2808 661 2861 nentntur
676 2806 803 2880 ἕψῃ
983 2791 1059 2846 Usus
1071 2787 1125 2845 tibi
1140 2785 1178 2842 sit
1187 2785 1212 2841 si
1231 2783 1371 2857 frequens
1383 2782 1414 2838 in
1425 2779 1587 2838 modorum
1602 2772 1748 2834 formulis.

113 2884 191 2956 cujus
201 2887 241 2944 nr
253 2888 333 2945 meu
347 2889 428 2946 ceses
439 2897 560 2949 sanctus
575 2898 620 2951 est
633 2895 808 2966 Gregorius
984 2875 1161 2950 Cuiusmodi
1175 2870 1364 2948 symphoniis
1379 2868 1561 2945 symphonia
1574 2864 1714 2966 concipit

112 2973 297 3049 Principalem
311 2993 433 3053 quoque
447 2997 522 3054 esse,
538 2983 610 3056 quia
624 2983 725 3056 ipsam
739 2986 796 3057 (25)
823 2986 927 3044 noluit,
983 2965 1139 3039 Ejusmodi
1149 2962 1364 3037 symphoniam
1382 2961 1480 3034 ipsam
1499 2973 1564 3014 esse
1576 2970 1713 3057 novena

113 3063 238 3122 Deuterus
247 3066 413 3125 authentus
427 3071 557 3146 sumpsit
570 3071 637 3129 loco
648 3075 714 3146 ejus
729 3074 856 3146 tertiam
984 3052 1243 3125 0u³1³00⁰i01110¹³
1257 3051 1371 3109 iunctis
1384 3049 1543 3106 subdimus
1558 3045 1742 3142 ffinPhOmis

112 3153 188 3225 Cujus
205 3153 290 3224 finis,
305 3157 446 3229 quamvis
462 3163 555 3228 sexta,
571 3177 651 3234 ςῶμα
669 3162 768 3236 ipsam
780 3163 910 3223 inchoat,
984 3145 1041 3216 (28)
1057 3142 1158 3200 Plures
1171 3155 1262 3197 voces
1274 3138 1360 3196 brevi
1383 3137 1459 3195 fiant
1470 3143 1550 3195 meta
1562 3135 1596 3192 fit
1608 3134 1640 3191 iu
1652 3136 1759 3207 spatio.

112 3241 185 3298 iulia
196 3249 302 3302 eutem
316 3252 510 3320 usurpantur,
521 3264 577 3306 non
592 3253 730 3308 tenentur
742 3252 858 3324 regula,
985 3233 1111 3304 Signum
1126 3234 1171 3287 est
1184 3228 1335 3302 sequentis
1347 3243 1477 3296 neuma,
1501 3241 1563 3300 quo
1577 3225 1644 3284 loco
1672 3218 1815 3318 ponenda

112 3329 175 3395 buia
184 3337 322 3408 tempore
337 3336 461 3394 amulto
472 3338 685 3410 jamdesuevit
694 3342 822 3412 musica,
1629 3400 1635 3413 ·
1701 3310 1759 3381 [⁸1¹2

114 3419 178 3477 llum
188 3422 304 3481 invidia
313 3429 344 3482 et
355 3428 457 3500 torpor
471 3433 580 3485 cuncta
594 3429 702 3488 tollunt
713 3431 822 3489 studia,
986 3413 1045 3470 Suo
1059 3407 1173 3466 locone
1187 3409 1328 3480 ponatur,
1346 3421 1416 3462 cum
1430 3419 1551 3461 necesse
1562 3401 1659 3458 fuerit.

115 3505 177 3566 illud
186 3527 255 3570 vero
266 3513 329 3571 iate
341 3517 431 3588 patet,
447 3515 522 3588 quid
535 3515 588 3574 fiat
598 3517 636 3574 de
649 3520 785 3590 vocibus,
984 3499 1129 3567 Quamvis
1144 3502 1245 3554 autem
1259 3495 1388 3572 quisque
1401 3499 1524 3552 cantum
1538 3493 1681 3568 personet
1703 3501 1816 3544 memo-

115 3597 184 3655 Velut
199 3601 328 3675 syllabae
342 3606 371 3659 et
383 3605 572 3678 puisseda
584 3611 674 3682 utque
688 3616 849 3670 commata.
951 3618 972 3676 c
1673 3576 1762 3676 [ritca

116 3686 331 3766 concinuntque
346 3707 426 3766 saepe
440 3709 543 3750 versus
558 3700 620 3753 arte
633 3697 709 3756 sicui
725 3701 858 3760 metrica.
987 3679 1087 3738 Sinon
1099 3680 1224 3733 cunctos
1237 3675 1303 3748 ejus
1313 3678 1414 3731 motus
1426 3671 1474 3728 vel
1488 3687 1579 3728 sonos
1597 3669 1779 3731 memoriter,

116 3776 180 3833 Solis
191 3778 296 3838 litteris
317 3786 421 3840 notare
437 3784 585 3858 optimum
599 3788 807 3861 probavimus,
986 3769 1042 3836 Qui
1054 3767 1195 3841 etquales
1210 3765 1279 3836 sint,
1294 3763 1445 3837 persentit,
1461 3761 1503 3818 nil
1518 3776 1548 3816 se
1570 3758 1651 3815 dicat
1664 3769 1779 3838 sapere.

116 3865 265 3931 Quibusad
279 3870 461 3930 discendum
475 3878 598 3932 cantum
612 3876 742 3936 affines,
754 3879 883 3952 facilius,
987 3841 1137 3897 Hactenus
1151 3838 1276 3894 latentes
1289 3850 1393 3890 musas
1405 3834 1435 3889 in
1450 3832 1548 3888 lucem
1569 3828 1780 3902 produximus,
1816 3840 1820 3850 ·

116 3954 139 4011 Si
150 3959 268 4017 assidue
284 3964 409 4019 utantur
422 3963 529 4022 ,apem
543 3965 638 4023 tribus
650 3969 815 4028 mensibus·
988 3933 1021 3986 Et
1035 3925 1190 3984 benevolis
1203 3928 1379 4022 praebentes
1397 3920 1515 3977 invidos
1535 3916 1734 4014 offendimus,

988 4015 1304 4074 Adbouoremsummt
1313 4012 1374 4078 Des,
1388 4023 1539 4083 perquem
1549 4020 1665 4071 suiuus,
1675 4015 1816 4067 vivimus,

158 4074 176 4175 {¹
197 4065 251 4168 ffl⁰
271 4077 293 4134 d
314 4093 331 4133 ⁰
366 4078 456 4183 d.⁰.⁰
491 4077 584 4184 Uia
601 4073 631 4173 ἢ
656 4101 684 4186 ,ὃ
738 4102 757 4144 ⁸
800 4091 879 4147 GGG·
989 4102 1235 4165 constitutionem
1248 4099 1361 4156 formas
1373 4096 1503 4154 breviter
1515 4093 1660 4170 aperiam.

144 4166 181 4221 ⁸¹¹
192 4184 307 4226 ”⁰¹³0ss
318 4171 436 4228 D⁰ffl1ffl
448 4171 642 4231 binidliium
654 4191 686 4232 ¹11
698 4176 808 4234 secula.
988 4194 1164 4267 aliquorum
1177 4189 1219 4247 sic
1231 4203 1377 4246 sonorum
1387 4185 1563 4243 nominetur
1574 4180 1693 4256 copula,

144 4256 212 4358 FC?
225 4259 304 4360 91ῗῦ
342 4261 362 4317 F
399 4263 419 4318 F
473 4263 493 4318 F
529 4265 599 4320 ΜΨ
614 4267 634 4321 F
669 4266 691 4320 ὓ
711 4282 727 4322 ⁰
746 4269 805 4324 ⁰1)-
990 4286 1065 4354 Cum
1078 4279 1206 4338 intensio
1218 4281 1263 4336 est
1276 4275 1352 4343 scia,
1367 4275 1415 4332 vel
1427 4277 1532 4332 contra
1543 4271 1693 4339 remissio,

143 4346 331 4419 deutorrum
343 4353 480 4408 mistum
493 4351 524 4409 ¹11
538 4354 661 4412 immine
672 4357 800 4416 limini·
990 4375 1030 4430 ne
1049 4368 1170 4426 duobus
1183 4367 1238 4423 erit
1247 4365 1330 4423 sonis
1344 4363 1443 4439 prium
1459 4361 1639 4430 constitutio,

116 4447 201 4506 Causa
212 4466 288 4508 vero
303 4449 460 4510 breviandi
474 4469 593 4512 neumas
604 4457 701 4516 soient
718 4459 793 4526 fieri,
990 4465 1025 4518 Et
1033 4457 1167 4517 secunda
1179 4457 1213 4514 iit
1224 4456 1262 4514 de
1270 4455 1378 4527 tribus,
1391 4453 1477 4512 tertia
1485 4454 1524 4511 de
1535 4455 1675 4526 quatuor.

116 4535 177 4600 Qus
191 4539 216 4595 si
230 4540 360 4597 curiosae
374 4540 458 4614 fiant,
477 4543 628 4602 habentur
647 4563 702 4621 pro
716 4547 829 4621 litteris,
991 4553 1101 4618 Quarto
1114 4563 1186 4604 vero
1196 4546 1231 4603 fit
1244 4546 1282 4603 de
1294 4545 1400 4618 quinta
1413 4543 1539 4600 vocibus
1553 4537 1747 4614 quibuslibet,

117 4623 167 4681 lieo
182 4627 205 4683 si
220 4627 318 4684 modo
332 4628 532 4702 disponantur
543 4631 646 4690 litterae
656 4651 726 4692 eum
740 4635 899 4711 lineis(26).
991 4638 1123 4702 Quarum
1139 4635 1238 4710 prima
1250 4637 1347 4691 exstet
1369 4631 1506 4706 simplex,
1531 4626 1701 4701 duplicatur
1715 4623 1816 4680 aliem·

117 4713 215 4772 [lebino
230 4715 334 4774 studio
349 4724 500 4776 crescente
512 4719 589 4778 inter
599 4721 677 4780 duas
688 4723 793 4792 lineas,
990 4727 1086 4785 Tertia
1098 4725 1256 4783 varietates
1270 4726 1401 4796 quatuor
1413 4719 1587 4776 inclamitat.

117 4801 168 4860 Vox
181 4803 392 4879 interponatur
405 4823 477 4876 una,
490 4824 600 4884 nempe
610 4813 718 4885 quaerit
731 4813 817 4884 ratio,
992 4817 1103 4883 Quarta
1118 4818 1185 4871 octo
1199 4817 1287 4869 sonat
1299 4810 1398 4867 modis
1409 4809 1549 4881 diapente
1563 4800 1715 4861 consonis.

116 4892 197 4950 t'ariis
211 4900 245 4952 ut
259 4895 299 4952 sit
312 4895 444 4953 inrebus
455 4899 539 4956 varia
549 4901 667 4974 positio.
992 4904 1047 4962 Uni
1063 4901 1265 4962 constitutioni
1276 4898 1407 4957 modulis
1417 4897 1448 4953 in
1462 4893 1614 4958 omnibus,

116 4984 165 5054 (27)
174 4983 317 5056 [Quidam
330 4986 534 5058 ponuntdnas
544 5005 632 5047 voces
648 4991 726 5050 dues
740 4992 933 5064 interlineas,
953 4967 976 5023 Β
990 4998 1054 5052 vox
1065 4995 1090 5051 si
1102 5009 1164 5050 uua
1176 4991 1370 5063 adjungatur,
1386 4985 1469 5043 modi
1483 4983 1560 5039 flunt
1570 4979 1703 5036 leudem.

116 5071 236 5136 Quidam
251 5079 364 5145 ternas,
377 5074 503 5147 quidam
513 5094 586 5136 vero
598 5080 697 5138 nullas
709 5081 937 5157 habentlineas,
991 5083 1087 5142 tollas
1104 5096 1195 5138 sonos
1209 5079 1234 5136 si
1243 5075 1403 5142 secundos,
1414 5087 1518 5130 rursus
1527 5070 1601 5126 fient
1615 5067 1753 5145 totidem.¹

117 5160 221 5226 tinibus
234 5161 325 5220 labor
339 5179 409 5221 cum
424 5165 575 5238 sitgravis,
587 5185 670 5228 error
678 5175 723 5228 est
730 5172 937 5243 gravissimus.
993 5169 1167 5232 constitutio
1182 5168 1224 5226 sio
1233 5165 1332 5224 omnis
1346 5163 1483 5222 nascitur
1496 5175 1533 5216 ex
1555 5158 1658 5216 altera.

148 5483 203 5552 (²5)
217 5493 252 5544 Α.
270 5489 374 5548 volae.
1027 5493 1084 5567 (27)
1103 5490 1224 5550 {lucinis
1236 5487 1352 5547 inclusa
1372 5503 1410 5546 ex
1432 5485 1499 5544 cod.
1521 5486 1645 5543 vindob.
1662 5483 1823 5558 desumpta

118 5559 428 5688 ιὶίἒβη,ξιιςιοᾱίοθ
449 5570 605 5639 ponuntur
627 5566 712 5626 linea
735 5584 849 5639 vacua,
869 5585 940 5628 cum
993 5571 1072 5625 sunt.
1259 5632 1265 5646 .
1325 5631 1331 5643 ¹
1626 5627 1632 5640 ,
1684 5627 1690 5640 ,
1750 5625 1756 5638 ,

228 5632 393 5694 rmuabbus
407 5639 534 5697 tautum.
1031 5637 1085 5712 (aa)
1104 5635 1297 5710 v.1ncap1te
1313 5631 1461 5692 bucmiun
1478 5631 1651 5704 pmnoues
1671 5627 1784 5687 utteris.
