4002 6174
84 209 130 270 su
448 210 491 266 ur
506 163 681 303 clausuri
694 207 990 278 mustitanum,
1005 210 1253 282 rusticans
1268 215 1433 284 emersa
1735 225 1788 288 sss

538 333 698 394 iuuisse
721 332 1087 400 nusosisouecarisas
1106 335 1142 396 a
1160 337 1323 408 icco-uic.

77 471 179 542 modo,
195 473 279 548 quod
306 474 438 541 amabat,
463 474 564 532 videre
581 475 745 548 contigerit
771 474 904 532 Tandem
922 476 947 532 Δ
962 475 1106 544 emunda,
1138 478 1211 538 luna
1234 483 1260 536 t.
1287 482 1468 540 i'onibuaet
1490 484 1713 544 comissationes
1727 487 1787 544 laia·

78 566 204 622 Romam
220 563 512 636 parvenitgaudans.
538 566 615 635 Ergo
630 565 766 636 accessit,
779 564 910 638 amplae
963 563 1035 622 mali
1049 568 1182 640 ternpore
1196 583 1278 642 sape
1300 569 1424 636 flabant.

76 652 146 711 titur
159 653 255 710 sancti
270 653 344 710 Patri
359 653 563 727 sepulchrum,
577 653 778 722 deosculatur,
795 659 822 710 et
833 669 909 727 quo
1002 653 1078 712 1010.
1099 656 1255 716 hnsbidus
1280 659 1449 735 episcbpus,
1473 661 1585 720 meritis
1615 664 1788 738 preclarus,

74 757 248 799 rumeausa
263 743 434 813 advenerat,
458 741 595 799 debiliter
613 742 655 800 ibi
677 744 832 816 peroratis,
853 759 909 800 nce
962 743 1095 815 primum
1108 744 1281 818 imperatori
1288 752 1566 808 tamenoararatam
1576 751 1791 810 militismflde·

75 845 139 887 non
154 831 281 888 aliorum
297 837 470 888 sanctornm
485 831 658 906 patrociniis
677 833 823 901 salubtis,
850 836 909 890 lieo
962 830 1028 888 liter
1043 831 1291 908 administrando,
1305 836 1548 897 deindeersetori
1561 839 1791 900 humilitereba·

77 921 191 992 gratias
204 921 346 992 reterens,
375 920 535 978 incolumis
563 937 633 978 cum
650 923 711 979 suis
734 923 836 981 revisit
857 938 909 996 pas
963 919 1084 989 diendo,
1099 921 1208 980 divinis
1220 941 1251 982 sa
1265 927 1447 1000 mancipavit
1460 930 1625 1003 praeceptis.
1646 930 1715 988 idco
1731 931 1789 988 ria·

74 1010 176 1070 triam.
187 1010 277 1067 Stella
299 1009 450 1084 pasebalis
464 1010 664 1068 hebdomade
679 1011 753 1068 ieris
775 1012 910 1070 secunda
963 1007 1076 1066 tutibus
1091 1010 1197 1068 enituit
1210 1011 1334 1084 insignis
1346 1033 1354 1084 ;
1367 1015 1489 1072 caleatis
1502 1018 1634 1087 tenonis,
1649 1019 1728 1076 intra
1737 1033 1790 1078 ao·

74 1098 179 1156 media
190 1099 238 1156 dle
252 1099 318 1157 visa
331 1104 376 1157 est
388 1103 404 1155 tt
417 1099 487 1156 ldua
505 1100 624 1174 Aprilis.
652 1099 730 1158 Obiit
757 1099 909 1162 liudolfus
961 1097 1073 1169 geticos
1085 1099 1151 1172 jam
1163 1100 1249 1160 larus
1260 1103 1368 1160 choros
1379 1105 1493 1162 neumis
1505 1105 1610 1166 fruitur
1618 1107 1719 1168 bonis.
1735 1111 1789 1167 Eo·

73 1187 257 1246 rrevtrensts
272 1187 576 1262 archiepiscopus‚eui
590 1188 906 1260 suecessitltagingoa
962 1186 1033 1244 dem
1048 1204 1130 1246 anno
1153 1207 1206 1247 rex
1219 1189 1251 1248 in
1278 1193 1498 1266 expeditionem
1526 1213 1596 1252 suas
1609 1199 1788 1256 eontrsheas

75 1275 156 1332 Obiit
171 1279 314 1346 tietgerus
331 1276 563 1335 baudovicensis
584 1277 658 1350 (itt)
674 1277 846 1352 episcopus,
860 1278 908 1334 eui
961 1275 1246 1350 representantem
1259 1279 1424 1338 sclavonia
1439 1283 1632 1356 quesituras,
1646 1285 1700 1341 ead
1725 1302 1788 1359 quo

75 1364 224 1420 suecessit
242 1363 407 1432 baldricus,
430 1365 566 1422 moribus
593 1365 765 1439 praeclarus.
795 1365 908 1434 Eodem
961 1363 1036 1422 velle
1051 1363 1192 1432 ducebat,
1216 1368 1341 1438 minime
1358 1373 1565 1444 perventurus,
1592 1387 1662 1428 eum
1684 1373 1790 1444 penus

73 1469 158 1510 anno
174 1453 314 1528 Atalperc
336 1453 471 1520 clericus,
487 1454 598 1526 reginae
612 1455 711 1526 irater,
727 1455 789 1526 regi
802 1455 908 1512 adver·
962 1454 1063 1512 media
1087 1457 1242 1512 recutitur
1276 1458 1333 1525 via,
1363 1459 1446 1528 gravi
1477 1459 1633 1530 ingruente
1671 1461 1789 1530 agnen

74 1541 175 1598 sarius
202 1543 444 1600 abominationes
473 1543 584 1600 midias
607 1544 776 1604 concitavit.
802 1547 908 1602 contra
960 1541 1031 1600 dine
1046 1561 1053 1611 3
1080 1546 1202 1614 ceteris,
1230 1551 1262 1602 ot
1274 1552 1360 1604 erant
1378 1547 1458 1604 bello
1472 1549 1578 1621 parati,
1591 1549 1723 1622 plurm
1735 1549 1790 1606 de-

73 1645 168 1686 omne
177 1631 228 1703 jus
244 1637 274 1688 et
287 1631 333 1688 fas
348 1631 498 1688 Treverim
522 1648 592 1688 cum
605 1632 667 1688 suis
680 1631 737 1698 sibi
751 1634 906 1707 mansipa-
960 1632 1221 1690 vmanubustoes
1231 1635 1417 1709 multamque
1429 1636 1564 1710 praedam
1571 1653 1676 1695 eccum
1689 1653 1791 1712 rapor-
1818 1679 1824 1684 -

71 1719 128 1784 vit,
144 1719 247 1793 sicque
261 1720 408 1777 discessit.
436 1722 629 1793 compertum
642 1737 773 1794 cumque
794 1721 823 1778 id
844 1723 907 1794 regi
959 1721 1104 1778 tentibus.
1138 1723 1264 1781 Basilica
1298 1723 1330 1780 in
1364 1727 1579 1800 vongerestorp
1606 1727 1682 1800 (rte)
1715 1727 1789 1800 (aad

73 1807 164 1879 toret,
192 1809 272 1866 illico
299 1825 370 1866 suaa
385 1809 488 1883 copias
513 1810 656 1881 colligens
679 1811 824 1882 advenit;
854 1815 910 1870 Lu-
928 1808 1088 1882 Bfirlmioe
1109 1808 1275 1869 terribiliter
1299 1813 1415 1870 interiit.
1445 1813 1504 1870 Sed
1530 1816 1639 1872 etenim
1665 1819 1789 1872 cometa

72 1897 190 1954 tharios
205 1897 264 1954 sihi
293 1901 464 1955 resistentes
474 1898 584 1972 palatie
599 1899 726 1968 obsedit,
746 1901 776 1956 lt
791 1901 908 1960 hebdc-
960 1898 1016 1958 visi
1028 1902 1106 1958 sunt.

70 1985 186 2046 madae
198 1985 241 2042 ibi
254 1986 381 2044 hahens.
397 1985 439 2042 liii
467 1987 588 2044 undem
602 1986 682 2052 lame
696 1987 802 2053 abach,
830 1989 907 2054 false
999 2005 1076 2063 1011.
1087 2005 1278 2063 gffihaffiug
1292 2004 1365 2078 dux,
1381 2023 1400 2064 a
1427 2023 1495 2079 regg
1514 2007 1675 2076 mundus,
1690 2007 1788 2065 mute.

68 2071 198 2131 dextras
210 2073 330 2146 dedere,
345 2089 446 2144 regem
460 2079 490 2131 et
514 2089 586 2130 sues
599 2091 732 2131 remeare
755 2075 860 2148 iecere,
874 2079 907 2136 in
961 2094 1045 2162 genis
1061 2094 1214 2168 sappensis„
1242 2095 1371 2153 screngae
1384 2096 1564 2171 pietatisque
1583 2097 1672 2154 doni,
1688 2096 1788 2154 benn-

71 2175 134 2260 ⁸¹¹³,
146 2161 274 2234 9⁰¹¹*de
293 2163 488 2264 nihfl0fflif¹¹1⁸
504 2167 732 2264 Pwffl⁸¹¹⁰¹¹l⁰⁵3
758 2165 835 2222 ⁰¹¹5st
851 2167 907 2224 Μ’
959 2183 1017 2238 dus
1031 2183 1189 2241 invehitur.
1204 2187 1298 2251 Quem
1312 2185 1526 2242 lamentatione
1537 2186 1674 2257 dignum,
1695 2188 1725 2242 18
1739 2185 1788 2242 (lie

71 2247 192 2348 d0l¹⁰11⁸
206 2249 456 2320 flffllbffl'ssfflssls
485 2265 657 2324 0P¹⁸⁰⁰P¹¹⁸v
685 2267 734 2308 ⁰¹¹¹
761 2255 907 2312 ⁸⁰⁰⁰⁰⁸⁸5i
958 2271 1091 2327 moriens
1106 2279 1226 2330 seeutus
1240 2279 1285 2329 est
1300 2273 1463 2343 Liudgerus
1475 2275 1688 2345 comessator
1701 2289 1786 2331 sirus.

958 2361 1125 2418 Pestilentia
1133 2365 1162 2418 et
1173 2362 1348 2432 monmitas,
1370 2362 1506 2420 inaudita
1521 2368 1696 2438 tempestate
1724 2363 1789 2421 ubi

110 2445 189 2502 tottii.
205 2445 308 2503 Subita
322 2449 352 2502 et
364 2446 475 2503 nostris
482 2447 669 2520 temporibus
683 2449 905 2525 insobtaaqua-
958 2465 1018 2523 que
1040 2449 1173 2520 gentium
1199 2451 1392 2520 monasteria,
1420 2451 1541 2509 castella
1555 2457 1584 2510 et
1606 2453 1721 2527 oppida
1739 2453 1789 2511 de·

72 2551 141 2590 rum
156 2535 266 2602 ‚relusio
286 2535 364 2592 lacta
378 2540 448 2592 esttt
464 2536 505 2592 ld.
521 2537 664 2608 ianuarii,
680 2536 905 2609 fertasecunda,
959 2543 1122 2608 vastantes,
1137 2539 1312 2596 desaeviunt.
1341 2541 1441 2596 Hiems
1471 2541 1589 2598 insolita
1610 2542 1789 2616 pririnaruia

72 2623 146 2680 luna
166 2625 207 2694 10,
221 2621 322 2681 multis
337 2624 485 2681 damnum
496 2625 638 2696 inferens,
659 2627 795 2684 idiebus
810 2629 841 2685 in
851 2645 906 2687 sua
960 2626 1117 2700 asperitate
1129 2627 1301 2700 importune
1323 2628 1425 2697 longa,
1441 2627 1482 2684 ita
1497 2633 1528 2682 ut
1543 2627 1613 2684 solis
1632 2627 1729 2684 calore
1742 2628 1789 2685 irr-

71 2713 156 2770 rabie
183 2713 318 2801 perstitit,
347 2713 425 2772 Obiit
454 2713 609 2772 lietharius
641 2715 906 2786 Patherbrunensis
961 2714 1118 2772 solubilem
1131 2715 1258 2772 multum
1273 2715 1415 2788 temporis
1440 2715 1564 2787 maciem
1579 2715 1727 2780 mirera,
1754 2731 1790 2773 ae

71 2802 245 2878 spiscopus,
259 2803 307 2859 cul
320 2803 463 2860 successit
475 2803 680 2875 lieginwerck.
697 2809 822 2862 sanctus
838 2809 907 2864 bru·
960 2803 1055 2860 multe
1068 2819 1195 2878 corpora
1209 2805 1367 2862 bominum
1394 2804 1538 2877 languida
1551 2805 1697 2862 redderet.
1711 2804 1791 2864 obiit

69 2883 121 2962 n'o,
138 2889 193 2966 qui
208 2891 440 2963 cognominatur
459 2891 641 2961 Bonilacius,
658 2893 905 2973 archiepiscopus
959 2893 1118 2964 willigisus
1144 2893 1400 2968 archiepiscopus,
1430 2895 1516 2968 cujus
1527 2895 1594 2952 loco
1611 2893 1791 2966 subrogetur

70 2971 293 3050 etmonachus,
307 2979 334 3034 ll
352 2979 427 3053 (262)
452 2996 514 3036 sure
534 2981 737 3038 conversionis
767 2997 847 3040 anno
875 2983 906 3040 ln
961 2982 1167 3039 Erhanboldus
1194 2983 1347 3040 vuldensis
1375 2985 1484 3053 abbas,
1512 2985 1618 3042 meritc
1641 2983 1789 3057 gaudens,

71 3069 206 3129 confinio
222 3070 335 3126 Rosciae
350 3073 378 3126 et
389 3070 478 3126 hituae
494 3069 653 3142 apaganis
678 3072 774 3144 capite
789 3071 905 3145 plexus,
961 3071 1053 3144 patris
1067 3072 1190 3128 nomine
1201 3075 1326 3142 retento,
1341 3076 1371 3129 et
1397 3074 1556 3148 pastoralis
1577 3073 1715 3131 culminis
1738 3073 1790 3132 ho-

70 3175 141 3216 eum
158 3159 221 3215 suis
234 3163 278 3228 ta,
294 3165 308 3214 7
325 3159 367 3216 ld.
384 3159 476 3217 ittartii
490 3159 574 3238 petiit
599 3159 701 3217 coelos.
732 3161 810 3218 Obiit
832 3161 908 3234 wig·
924 3167 948 3224 c
962 3175 1035 3216 nere
1049 3160 1282 3235 suscepto.0bilt
1296 3161 1383 3218 Asiae
1399 3163 1472 3233 tibi)
1487 3161 1632 3235 presbiter
1645 3163 1788 3220 inclusus.

69 3245 176 3304 bertus
206 3245 457 3318 merseburgensis
483 3247 652 3321 episcopus,
681 3249 729 3306 cui
764 3251 906 3307 successit
959 3249 1071 3305 Eodem
1085 3263 1166 3304 anne
1195 3253 1210 3306 3
1239 3249 1360 3306 Galend.
1389 3249 1525 3320 Augusti,
1549 3250 1622 3306 teria
1645 3251 1788 3320 secunda,

68 3337 272 3394 thiatmarus.
296 3335 353 3393 Sed
368 3339 396 3392 et
410 3335 563 3393 dominica
577 3335 625 3392 die
650 3338 821 3396 Palmerum
837 3343 904 3410 gut·
957 3337 1031 3393 luna
1043 3339 1088 3404 tt,
1103 3337 1211 3393 cecidit
1225 3336 1361 3407 glacialis
1380 3337 1498 3408 gando
1511 3338 1617 3408 ingens
1631 3341 1659 3393 et
1669 3337 1792 3393 horren-
1884 3391 1890 3397 .

69 3431 106 3482 te
120 3426 282 3496 sanguinis
296 3425 327 3482 in
342 3425 528 3498 quibusdam
548 3423 622 3481 loeis
636 3426 821 3484 vestimentis
848 3429 903 3484 ho·
957 3426 1007 3483 da.
1023 3426 1197 3483 'thietdivus
1210 3426 1291 3484 obba
1306 3431 1368 3484 et...
1383 3427 1562 3495 monachus,
1587 3425 1702 3483 tidhela
1716 3426 1790 3500 (tbi)

68 3516 190 3573 minum
206 3513 400 3572 instillabant.
417 3513 591 3570 Scinebula
614 3514 746 3572 horribili
762 3520 791 3572 et
805 3516 903 3574 colore
958 3519 1057 3572 iterna
1076 3515 1193 3572 ineluse
1218 3535 1225 3585 3
1253 3515 1319 3572 eoeli
1345 3515 1552 3574 conscendunt
1580 3519 1703 3572 secreta.
1730 3517 1791 3573 lice

69 3605 224 3679 stupendo
237 3608 381 3678 mutatus,
397 3603 578 3660 mirantibus
606 3604 784 3662 intuentium
808 3605 903 3664 oculis
957 3605 1048 3662 etiam
1064 3621 1145 3662 anno
1161 3621 1241 3662 saeva
1256 3621 1338 3662 mors
1352 3605 1390 3662 de
1404 3605 1488 3662 obitu
1510 3604 1695 3677 hildegardis
1716 3605 1790 3663 duc-

70 3694 154 3750 velnt
169 3694 354 3764 sanguineus
370 3709 404 3750 ec
419 3693 518 3750 minor
533 3709 563 3749 se
589 3694 672 3750 visus
695 3697 836 3753 terrorem
860 3695 904 3752 in-
956 3693 1037 3750 tricis
1051 3693 1219 3752 miserabile
1244 3694 1410 3752 lamentum
1429 3694 1535 3763 intulit,
1562 3693 1637 3751 dum
1661 3693 1789 3768 reliquit,

69 3784 165 3841 cussit
179 3789 195 3841 3
210 3783 277 3840 Kal.
293 3783 367 3851 Maii,
384 3783 457 3854 laria
472 3785 498 3850 6,
513 3782 585 3839 luna
600 3783 609 3838 l
632 3802 639 3852 ;
664 3782 784 3841 duobus
797 3785 904 3842 diebus
958 3784 1042 3857 quod
1056 3783 1159 3841 doluit.
1173 3784 1300 3840 Abstulit
1312 3789 1340 3840 et
1358 3784 1396 3840 de
1410 3783 1502 3853 regali
1527 3787 1685 3840 stemmate
1707 3799 1790 3853 gem-

70 3875 146 3931 tales
167 3873 266 3932 mlnas
291 3873 463 3941 ostendens,
480 3873 564 3929 tertio
588 3872 636 3930 die
651 3873 700 3929 vix
715 3875 837 3949 proprio
862 3875 905 3930 lv·
958 3888 1043 3929 mam
1069 3871 1260 3930 llacbtildam
1288 3870 1489 3937 abbatissam,
1530 3869 1656 3926 Liudolii
1684 3871 1789 3926 tiliam.

73 3964 155 4020 mine
171 3962 304 4019 vestitur.
319 3961 486 4019 Pestilentia
500 3966 529 4018 et
540 3961 706 4018 mortalitas
721 3963 847 4033 grevltm
863 3987 906 4018 ω·
959 3961 1134 4031 suithgerus
1148 3962 1223 4032 (270)
1235 3961 1396 4033 episcopus
1411 3957 1549 4028 migravit
1567 3955 1606 4013 ed
1630 3957 1790 4028 Christum,

74 4059 151 4109 cutm
169 4057 248 4109 sunt.
265 4051 446 4122 Rexiterum
460 4066 573 4122 magno
600 4049 702 4108 dolore
718 4051 846 4108 simulet
864 4055 907 4111 ira
961 4049 1127 4122 cujusloco
1156 4049 1338 4118 subrogatur
1361 4046 1533 4104 thietricus.
1562 4047 1671 4101 tentus
1685 4045 1792 4116 ingens
1906 4079 1912 4094 .

74 4146 257 4220 commotus,
277 4141 307 4198 in
323 4140 479 4197 Franciam
490 4139 656 4207 revertitur,
681 4143 710 4196 et
723 4139 755 4197 ln
767 4140 906 4214 pluribus
960 4138 1092 4213 plurima
1106 4137 1233 4193 aedifleia
1246 4136 1344 4192 subito
1359 4133 1477 4192 turbine
1490 4133 1643 4202 subvertit,
1656 4135 1684 4192 et
1697 4133 1792 4192 multa

74 4231 149 4288 locis
162 4231 258 4288 multa
272 4231 387 4304 damna
401 4233 571 4307 perpetrate
587 4233 657 4285 sunt
672 4247 678 4284 :
692 4229 794 4304 ibique
806 4247 910 4305 perac—
962 4227 1021 4285 alia
1047 4227 1160 4283 damna
1182 4223 1341 4282 commisit.
1370 4223 1438 4297 Ipso
1462 4238 1543 4280 anne
1561 4237 1613 4281 rex
1625 4221 1791 4282 'triburiam

75 4325 103 4376 ta
119 4324 223 4376 aestate
236 4319 322 4376 rediit
334 4319 366 4375 in
380 4307 542 4376 saxoniam
555 4318 629 4390 (263)
645 4318 708 4376 sine
722 4335 807 4395 pace.
825 4321 910 4379 [ledit
962 4315 1054 4381 venii,
1067 4319 1096 4371 el
1114 4330 1192 4371 nott
1218 4312 1299 4371 (ΜΘ
1315 4329 1439 4369 ⁵¹10f11m
1453 4313 1557 4370 ῐῦθῖῑῖθ
1573 4313 1664 4384 Βθῐῦῑῒ
1680 4331 1687 4383 ;
1715 4313 1791 4371 5⁰¹0?

75 4426 179 4466 eomes
194 4409 249 4465 iter
263 4423 388 4480 agensa
417 4408 587 4464 werinzone
617 4407 689 4482 (ibt)
713 4413 742 4465 et
760 4409 907 4468 iriderico
962 4420 1050 4478 quos,
1071 4404 1158 4478 quasi
1183 4403 1266 4477 pacis
1292 4403 1386 4476 grafia
1408 4401 1589 4459 irruenlibus
1611 4403 1791 4461 adversariis

74 4498 210 4576 pab'uele
223 4497 335 4570 ejusde
364 4497 529 4574 improviso
553 4513 623 4553 eum
642 4496 712 4553 dolo
738 4498 910 4559 interfectus
927 4494 1051 4568 gregis,
1076 4493 1210 4551 iteinrico
1235 4498 1264 4550 et
1293 4491 1417 4562 suteris,
1434 4497 1522 4566 capto
1535 4493 1689 4550 thiedrico
1713 4491 1790 4547 duee

74 4592 128 4645 est.
150 4585 292 4658 incendia
305 4585 434 4659 plurima
449 4585 527 4642 laeta
557 4588 626 4640 sunt
644 4599 698 4670 per
715 4585 792 4655 loce,
808 4586 849 4647 ita
876 4593 907 4646 ut
950 4584 1093 4658 patruele
1109 4599 1174 4652 suo,
1190 4583 1349 4654 aliigladio
1364 4581 1509 4652 interiere,
1537 4577 1791 4652 allvarolepo

74 4681 104 4734 et
117 4675 259 4746 homines
275 4675 304 4734 in
320 4674 456 4749 quodam
484 4673 550 4730 vieo
562 4673 659 4746 exusti
674 4673 834 4732 interirent.
859 4680 907 4735 i'e-
962 4677 1059 4731 terant
1071 4673 1208 4731 evadere.

75 4765 203 4837 etttacs)
229 4765 398 4828 Fricherum
423 4778 536 4834 eomes.
557 4761 729 4830 itachtildis,
757 4763 846 4836 regiae
861 4783 908 4823 so-

74 4853 152 4910 roris
167 4849 240 4924 filie,
255 4850 437 4908 obdormivit
453 4849 484 4906 iu
501 4847 637 4905 Domino.
665 4851 821 4919 Mogontia
856 4866 908 4907 no
999 4855 1077 4908 teir.
1095 4849 1172 4910 Obiit
1192 4850 1329 4908 tirluinns
1355 4848 1529 4906 camerinus
1544 4844 1619 4914 (ill)
1641 4841 1714 4913 iiii)
1730 4841 1790 4915 epl-

75 4957 135 5014 que
150 4935 277 4998 basilica
289 4955 368 5004 nova
392 4954 462 4995 cum
486 4935 628 4993 omnibus
656 4936 788 4994 aeditlcils
812 4867 909 4996 colia-
962 4955 1081 5014 scopus,
1096 4941 1182 5014 cujus
1192 4940 1259 4997 loco
1271 4937 1427 4996 ordinetur
1437 4931 1616 4990 berhardus.
1634 4927 1712 4986 Obiit
1724 4931 1791 4986 iter·

75 5027 212 5085 rentibus
237 5025 445 5090 miserabiliter
469 5023 749 5095 consumiturigne,
779 5025 907 5083 solave·
961 5046 1092 5087 mannus
1104 5045 1181 5104 puer
1205 5033 1233 5084 ct
1246 5027 1319 5094 dux,
1342 5025 1420 5097 regis
1443 5018 1651 5080 consobrinus.
1677 5017 1790 5076 Eodem

75 5119 129 5176 teri
149 5117 277 5176 ecclesia
301 5120 486 5186 remanente,
501 5119 519 5173 i
535 5113 595 5173 Cal.
620 5115 812 5190 Septembris,
836 5115 908 5176 ien'a
961 5133 1042 5175 anno
1057 5114 1302 5190 quadragesineli
1311 5119 1446 5186 tempore
1461 5107 1610 5166 monacho
1625 5105 1746 5164 cuidam
1758 5105 1789 5164 ln

111 5253 187 5324 (acl)
202 5251 380 5309 Leodiensis.
1009 5251 1073 5320 267)
1087 5247 1246 5304 wunstorl.

111 5328 177 5394 (262
203 5325 248 5380 itit
266 5323 338 5380 Otr.
354 5324 436 5379 Aac.
448 5321 480 5378 S.
998 5259 1069 5392 {ittet
1084 5319 1132 5376 lto
1144 5319 1224 5374 Aca.
1240 5320 1320 5374 doec
1334 5329 1345 5384 ,·
1358 5315 1456 5397 ittsico
1468 5329 1493 5372 c.

110 5395 176 5462 (263
204 5395 432 5452 Itororrear'ee
446 5395 527 5450 Aac.
542 5392 573 5449 S.
590 5391 764 5465 Hispaniam
781 5409 806 5450 c.
999 5393 1062 5458 (269
1088 5391 1230 5446 ItoAnn.
1245 5389 1337 5446 Sanc.
1354 5385 1474 5443 Deddvle
1489 5401 1514 5443 r.
1625 5458 1631 5470 ι
1690 5455 1696 5470 .
1767 5455 1772 5468 Ι

110 5465 187 5538 (264)
197 5465 388 5522 werenhario
402 5464 586 5521 marchione.
997 5464 1061 5535 (uic
1080 5460 1278 5531 Suthgerusc.
1295 5457 1452 5530 Suiegcrus
1478 5459 1714 5515 Menoetenansis
1726 5469 1789 5530 apr·

111 5537 187 5608 (rba)
201 5537 252 5595 lta
266 5535 431 5606 mendaci,
455 5536 612 5593 annalista
621 5535 697 5594 duee
706 5549 721 5608 ,⁸
738 5535 845 5595 exusti.
859 5537 908 5593 ln·
961 5551 1012 5593 seo
1036 5549 1071 5590 us
1085 5533 1165 5589 Aac.

74 5608 192 5667 tenerit
204 5623 230 5665 c.
1010 5551 1057 5664 etl
1088 5595 1312 5663 Cameracensis
1325 5601 1407 5668 Aac.
1420 5601 1514 5660 Sauo.

111 5679 655 5758 (ecc)1taemecdcvtbngusstorpc.
1008 5679 1062 5734 272
1089 5672 1321 5736 camaracensis.
