3984 6182
101 155 154 212 rer
431 145 436 154 ”
501 151 547 210 DE
565 149 754 212 metecus
773 147 803 212 8.
822 145 1029 209 mmm
1048 145 1143 208 Ltultl
1163 147 1245 214 llllss.
1262 181 1297 198 ⁴—
1310 155 1375 215 tls.
1396 161 1418 217 l.
1762 163 1815 226 m

101 273 289 348 Gaubaldus,
304 279 374 336 ante
387 289 480 352 quem
494 289 557 334 non
571 277 670 335 solum
685 277 749 335 hac
774 276 881 334 sedern
896 273 934 331 de
952 277 975 330 Α
991 273 1047 332 sibi
1059 276 1171 335 credita
1185 277 1300 338 tereret
1313 293 1432 340 necnon
1448 281 1612 356 adaugeret
1625 283 1724 361 ovilla,
1739 287 1816 348 inter

99 380 164 440 que
178 365 414 424 nuncnobisest
428 379 536 436 sermo,
553 363 607 423 sed
619 369 648 423 et
661 372 765 424 cetere
784 365 815 421 in
831 365 934 436 llajoa-
988 367 1092 432 cetera
1113 377 1182 440 que
1206 365 1285 425 bene
1310 369 1460 445 disposuit
1485 373 1514 429 et
1539 369 1696 446 ordinarit,
1716 375 1814 436 oonsi-

99 454 145 511 ria
159 454 276 528 absque
288 455 374 512 certis
389 455 537 528 episcopis
547 459 617 528 post
629 453 653 491 ¹⁸
668 459 803 512 Romana
819 455 842 490 ¹⁸
862 457 935 510 tem·
990 449 1063 508 lium
1077 451 1141 510 iniit
1153 455 1209 528 (el)
1224 471 1294 513 oum
1308 456 1398 528 clero,
1414 473 1477 533 quo
1505 459 1698 534 sepulchrum
1722 467 1815 540 aperl-

99 559 177 618 pora
190 545 214 582 ¹⁸
227 543 464 601 erantecclesie.
482 544 557 611 Quia
580 541 662 601 enim
677 557 776 618 nuper
802 541 935 599 christia-
990 541 1035 597 ret
1048 541 1138 599 beato
1165 547 1399 616 emmerammo,
1417 549 1503 616 Quod
1525 549 1637 608 crebris
1663 553 1814 612 miraculis

100 634 224 691 nitatem
236 637 415 707 acceperant
427 631 536 704 Norici,
550 633 739 690 immiserant
751 647 783 690 se
801 631 859 689 illis
883 631 933 688 he·
989 627 1052 686 fieri
1079 630 1189 689 debere
1218 633 1452 706 clamitantibus,
1481 639 1653 697 communis
1679 639 1815 702 omnium

100 721 266 798 reticl,qui‚
282 721 358 780 utin
371 721 436 779 aliis
459 721 632 794 regionibus
649 722 747 782 lacere
773 733 933 778 consuere·
986 719 1197 792 comprobavit
1217 736 1368 782 assensus.
1395 725 1473 794 Quid
1499 727 1588 802 plura
1601 729 1617 785 t
1631 729 1682 788 lile
1706 736 1816 790 statuto

99 819 180 884 rant,
202 811 247 870 ias
270 811 312 870 ibl
335 811 480 886 nefasque
508 811 717 870 confuderant.
740 811 854 869 Homm
876 811 933 884 (te)
986 807 1188 866 translationis
1201 815 1229 868 et
1248 811 1420 872 elevationis
1450 819 1628 875 cunctorum
1650 821 1722 878 rota
1746 833 1815 878 eon·

99 901 150 958 alii
166 899 338 959 sedicentes
361 901 520 976 episcopos
544 916 620 975 esse,
649 901 698 959 alii
724 899 931 976 presbyteros,
986 903 1109 954 currunt
1123 917 1130 965 ;
1145 897 1185 955 ad
1197 895 1303 957 laudes
1315 903 1457 978 martiris,
1481 910 1563 964 lanto
1580 907 1715 984 tempore
1737 905 1815 968 inter

99 989 151 1048 alii
168 989 278 1048 diversi
303 989 417 1048 ordinis
442 989 574 1061 clericos,
604 989 833 1048 adinventiones
862 1003 933 1048 suas
986 984 1127 1042 mortales
1142 983 1201 1044 sub
1227 987 1415 1062 neglegentia
1440 993 1629 1068 quiescemis,
1655 997 1815 1056 innumera

99 1079 216 1138 technis
227 1079 412 1154 quibusdam
427 1079 647 1150 subornabant,
661 1079 765 1154 sicque
784 1077 932 1154 populum
985 1075 1243 1150 sexusutriusque
1262 1081 1362 1137 turma
1387 1081 1583 1142 confluxerat.
1612 1085 1658 1144 Ad
1681 1103 1718 1146 aa
1744 1103 1813 1164 qne

99 1185 171 1226 eum
190 1167 377 1244 principibus
403 1169 586 1244 perplures
612 1181 709 1228 annos
737 1169 930 1227 seducebant.
985 1179 1065 1239 saepe
1079 1163 1247 1240 audierant,
1263 1169 1811 1250 martirisbeneficiacleriusvidenda,

100 1259 216 1334 Quippe
228 1259 278 1317 hic
291 1275 374 1317 error
393 1259 482 1318 bonis
510 1255 654 1317 omnibus
683 1259 807 1328 inviam,
835 1259 890 1317 sed
914 1276 932 1318 a
984 1251 1125 1313 resonent
1139 1257 1250 1325 cuncti,
1265 1259 1350 1315 novis
1365 1257 1507 1318 interesse
1520 1262 1639 1332 gaudiis
1652 1272 1815 1340 properant

99 1345 247 1421 perversis
261 1345 488 1422 periculossime
507 1347 642 1416 annisus,
657 1347 790 1405 maxime
804 1345 932 1406 adolevit
985 1344 1363 1405 universl.uemumelectl
1392 1349 1562 1407 secerdotes
1590 1367 1659 1410 eum
1682 1353 1814 1413 diaconi·

98 1435 158 1492 sub
172 1433 311 1505 ducibus,
327 1451 459 1510 quorum
473 1435 598 1494 nomina
624 1437 733 1510 partlm
757 1437 932 1509 ignoremus
984 1433 1042 1490 bus
1057 1447 1092 1490 ac
1105 1433 1171 1490 aliis
1184 1433 1223 1492 ad
1238 1435 1436 1510 aperiendum
1461 1439 1655 1514 sepulchrum
1679 1455 1815 1503 neeesse·

97 1523 208 1599 partim
223 1525 297 1584 scita
312 1525 434 1583 cauete
445 1524 541 1598 gratia
555 1525 794 1600 supersedemus.
808 1529 933 1600 tempo-
983 1521 1045 1589 riis,
1061 1521 1208 1596 populum
1221 1528 1304 1582 extra
1319 1524 1479 1583 ecclesiam
1494 1526 1655 1599 stererant,
1682 1534 1712 1588 et
1738 1533 1815 1591 ostia

95 1613 183 1672 ribus
196 1619 309 1688 eutem,
324 1615 435 1690 quibus
450 1619 540 1672 tantae
550 1615 626 1689 pesti
640 1613 774 1673 remedia
782 1613 932 1689 paraban-
952 1610 1063 1682 gintro
1079 1612 1173 1668 serris
1185 1613 1368 1671 munierunt.
1387 1617 1522 1689 Cumque
1547 1617 1746 1678 tremebunda
1772 1635 1815 1678 re

99 1705 159 1772 tur,
173 1703 205 1760 hi
219 1701 315 1760 duces
332 1703 604 1776 principabantur:
634 1703 720 1761 llioto
748 1704 868 1773 seilicet,
889 1703 933 1761 rin
987 1697 1098 1770 ligione
1112 1716 1130 1757 a
1146 1700 1304 1774 sepulchro
1318 1701 1448 1760 humum
1465 1704 1666 1776 resolvissent,
1695 1721 1814 1768 necnon

96 1791 224 1861 illuster,
240 1791 289 1848 cui
302 1791 355 1848 lilii
370 1791 400 1848 in
412 1805 540 1864 regnum
556 1805 617 1850 non
629 1799 842 1851 assenserant.
859 1794 932 1852 ltem
987 1789 1076 1847 etiam
1088 1789 1220 1864 lapidem
1234 1793 1456 1866 superpositum
1471 1807 1490 1850 a
1503 1797 1588 1867 parte
1602 1796 1707 1856 dextra
1717 1798 1749 1856 in
1763 1798 1814 1856 le·

98 1879 177 1938 alius
192 1881 324 1950 theodo,
341 1881 389 1938 vir
411 1886 589 1939 strenuuset
603 1881 711 1952 alacer,
730 1883 861 1957 subque
874 1883 932 1940 cla·
986 1895 1058 1937 vam
1072 1879 1297 1938 submovissent
1309 1893 1453 1938 mensura
1467 1882 1595 1941 tandum
1610 1885 1697 1960 quasi
1720 1885 1814 1961 palmi

98 1968 237 2026 sissimus
253 1971 276 2012 ’ὅ
300 1969 405 2028 Christi
441 1971 464 2014 ¹⁵
499 1971 653 2028 confessor
693 1972 717 2014 ¹⁸
753 1973 931 2046 ltoutpertus
986 1967 1242 2041 screnissimus
1264 1983 1355 2042 super
1381 1983 1488 2028 omnes
1516 1971 1610 2043 irruit,
1633 1973 1674 2032 ita
1702 1980 1735 2033 ut
1760 1989 1814 2052 pre

100 2057 126 2095 ¹⁸
148 2073 219 2115 oum
243 2059 265 2096 ¹⁸
293 2057 358 2116 aliis
387 2060 412 2095 ¹⁸
436 2059 485 2116 llei
513 2059 538 2095 ¹³
564 2057 758 2116 servitoribus
786 2061 808 2100 ¹⁸
840 2063 931 2119 lura-
985 2071 1098 2132 pavore
1112 2058 1208 2116 nimio
1220 2057 1424 2116 laborantium
1438 2073 1549 2118 manus
1573 2062 1709 2138 elapide
1730 2065 1814 2124 labe·

99 2147 183 2203 rium
211 2149 235 2185 ¹⁸
262 2147 380 2205 devenit
407 2149 439 2220 ¹⁸,
467 2146 569 2222 ibique
592 2150 616 2186 ¹⁸
643 2163 765 2206 cursum
776 2149 799 2188 ¹³
812 2165 931 2224 presen-
984 2151 1097 2204 rentur.
1114 2147 1231 2222 linquo
1245 2151 1357 2206 terrore
1371 2147 1502 2224 perculsi
1524 2149 1702 2228 viribusque
1722 2153 1815 2213 disso-

98 2231 135 2290 tis
151 2236 174 2277 *⁸
201 2235 266 2291 ritas
276 2237 300 2276 ¹³
326 2235 548 2292 consummavit
574 2239 599 2278 ¹⁸
628 2237 692 2310 (tr).
720 2237 783 2296 Sub
795 2241 818 2278 ¹³
830 2255 892 2312 quo
907 2241 930 2278 ¹³
984 2235 1048 2304 luti,
1061 2235 1213 2294 interram
1227 2236 1409 2294 oeciderunt.
1424 2241 1505 2296 Unus
1515 2243 1616 2297 eutem
1630 2242 1748 2314 exiliis,
1762 2245 1814 2318 qui

97 2325 219 2378 sanctus
235 2324 258 2365 ¹³
270 2321 468 2381 corbinianus
481 2325 504 2367 ¹³
520 2325 698 2396 Frisingiam
717 2329 740 2364 ¹³
768 2329 894 2385 accessit
907 2329 930 2365 ¹³
986 2324 1270 2394 enumerabant,
1286 2329 1391 2398 pectus
1411 2325 1505 2400 lapidi
1529 2343 1714 2402 supponens,
1740 2335 1815 2390 tam-

101 2410 166 2481 (tet.
184 2410 211 2467 ls
226 2425 298 2482 ergo
308 2411 371 2468 dur
386 2413 410 2454 ¹³
422 2411 501 2468 illios
515 2413 623 2472 habuit
638 2413 827 2472 successores
841 2414 872 2472 in
887 2433 931 2474 re·
985 2413 1038 2470 diu
1055 2411 1138 2471 solus
1154 2414 1247 2483 huno,
1259 2427 1328 2470 cum
1341 2418 1420 2472 esset
1432 2414 1550 2488 ingens,
1565 2417 1649 2474 hand
1665 2433 1720 2477 sua
1745 2419 1817 2479 vali-

99 2515 171 2570 gno,
186 2499 371 2574 Diotpsrtum
384 2500 522 2558 videlicet
536 2505 627 2575 atque
638 2502 824 2561 Grimaldum
841 2523 848 2574 ;
863 2511 933 2579 post
986 2501 1089 2560 tudine
1104 2501 1301 2574 snsoentabat,
1322 2516 1482 2576 monsque
1500 2505 1588 2561 ceteri
1614 2521 1704 2580 posse
1729 2523 1814 2567 resu-

99 2601 176 2660 quos
190 2586 336 2646 limatum
352 2588 432 2659 genti
449 2587 521 2644 huic
535 2588 656 2661 prebuit
676 2589 850 2663 llucbertus,
879 2592 931 2665 qni
986 2594 1103 2647 merent
1116 2593 1146 2647 et
1159 2589 1482 2648 succurrendomenus
1501 2590 1541 2648 ad
1564 2591 1684 2668 incepta
1708 2611 1815 2656 conse-

99 2673 191 2731 beato
199 2675 342 2747 Gregorio
356 2679 384 2732 el
398 2679 504 2732 sancto
526 2678 750 2733 llmmerarnmo
773 2678 831 2734 sub
856 2695 932 2754 quo·
986 2683 1094 2737 rerent.
1108 2681 1190 2736 Tunc
1207 2681 1291 2736 tanta
1304 2677 1491 2738 eeleritateet
1518 2682 1674 2739 securitate
1695 2699 1816 2744 amove·

99 2763 173 2820 dam
188 2764 330 2822 liuthario
343 2763 507 2822 adventitio
521 2765 665 2838 episcopo
679 2765 844 2825 donaverat
865 2785 931 2827 cur-
986 2773 1066 2838 runt,
1083 2785 1119 2826 ac
1134 2769 1201 2826 siin
1212 2783 1243 2826 se
1254 2769 1407 2840 gravitatis
1424 2770 1545 2844 pondus
1573 2771 1699 2830 minime
1724 2775 1816 2834 habe·

100 2857 171 2923 tem,
186 2855 470 2929 perspicacitas
489 2855 600 2930 quibus
623 2856 688 2913 hac
717 2859 931 2932 excerpsimus,
987 2861 1041 2915 ret.
1053 2859 1130 2926 Quid
1147 2875 1218 2915 vero
1247 2860 1305 2916 hoc
1328 2859 1440 2916 trifario
1465 2861 1612 2919 miraculo
1632 2861 1814 2936 insinuatur,

100 2943 325 3002 pirchinwanch
337 2951 532 3019 nuncupatur
553 2945 606 3018 (te)
624 2964 630 3003 :
648 2946 741 3020 liujus
767 2949 821 3022 (50)
850 2952 933 3026 atqui
951 2975 972 3027 c
987 2948 1045 3004 nisi
1059 2947 1142 3022 quod
1162 2947 1339 3022 prophetico
1367 2965 1420 3006 ore
1446 2949 1639 3024 predicatur:
1665 2953 1815 3014 Moabitas

102 3033 189 3092 dacis
203 3034 390 3109 temporibus
402 3034 595 3092 beatissimus
605 3035 707 3110 presul
718 3037 885 3096 Bonilacius
894 3040 934 3099 oh
988 3039 1067 3095 oso
1082 3037 1113 3094 to
1128 3039 1240 3094 sanetis
1253 3039 1314 3094 suis
1324 3049 1337 3110 ;
1349 3040 1428 3095 Deus
1441 3039 1538 3097 [noel
1551 3042 1615 3112 ipse
1626 3042 1711 3100 dubit
1722 3045 1816 3102 oeae

103 3139 220 3194 ruram,
236 3139 331 3200 vam
344 3125 423 3183 circa
442 3139 514 3182 oves
525 3125 696 3183 bominicas
710 3126 816 3185 habuit
838 3131 934 3188 maxi-
989 3130 1045 3183 tem
1058 3130 1087 3183 et
1098 3125 1309 3197 fortitudines
1321 3126 1332 3178 t
1344 3127 1439 3198 (Psoi.
1455 3143 1542 3196 usu,
1552 3131 1614 3197 et.)
1624 3129 1670 3188 Ob
1680 3145 1816 3189 reveren

102 3229 197 3284 mam,
212 3213 366 3288 ingresus
377 3214 548 3287 &joanam
561 3215 723 3272 nonnullos
736 3216 935 3277 hereticorum
989 3213 1062 3271 tiam
1077 3213 1158 3270 enlm
1174 3213 1220 3270 sui
1234 3213 1366 3271 martiris
1379 3213 1473 3286 virtus
1487 3213 1632 3273 altissimi
1653 3217 1711 3274 hos
1735 3219 1816 3276 terri-

105 3317 142 3360 er
157 3317 194 3360 ee
207 3299 338 3378 depulit3
353 3303 407 3360 scd
426 3318 480 3360 eos
490 3303 677 3376 genealnr,
694 3303 736 3362 uti
751 3305 854 3378 voluit,
882 3309 934 3365 eli-
988 3301 1084 3360 biliter
1098 3302 1211 3370 suerit,
1226 3303 1279 3360 sed
1293 3303 1333 3359 ad
1347 3303 1412 3376 ejus
1426 3303 1531 3361 laudes
1541 3303 1574 3360 in
1586 3303 1729 3378 pristinas
1739 3305 1816 3365 sires

101 3391 219 3449 minare
230 3405 293 3449 non
305 3391 411 3466 potuit.
429 3393 494 3458 Quo
508 3392 665 3450 branciam
678 3407 799 3451 reverso
812 3399 841 3452 et
866 3411 933 3471 pre-
987 3387 1165 3448 mirabiliter
1174 3391 1362 3449 restaurarit.
1374 3389 1534 3449 Tertiouni
1553 3393 1647 3450 secde
1667 3393 1817 3452 cineribus

99 3481 252 3540 latodnee
265 3481 415 3552 damnato,
436 3483 493 3539 sub
509 3482 644 3558 principe
656 3483 762 3557 Pipino
776 3485 934 3555 genhshu-
987 3479 1145 3537 temnant
1170 3479 1332 3554 impertivit
1358 3479 1540 3538 tortitudinis
1561 3497 1673 3540 munus
1692 3483 1731 3542 ad
1754 3483 1817 3556 glo

98 3573 149 3645 tus
163 3572 308 3629 domam
323 3571 449 3646 adeptus
462 3577 506 3629 est
521 3572 615 3630 udilo.
630 3573 685 3640 Qui
703 3573 761 3646 (sl)
775 3575 874 3632 missis
904 3578 933 3634 ln
988 3569 1063 3626 riam
1077 3569 1209 3626 nominis
1224 3569 1281 3638 sui,
1295 3570 1347 3644 qul
1362 3575 1405 3627 est
1419 3571 1514 3627 runos
1530 3575 1558 3628 el
1571 3587 1659 3630 unus.
1678 3575 1733 3631 Pro
1755 3589 1817 3648 quo

101 3661 218 3718 baliam
231 3661 393 3734 legatariis,
408 3665 546 3718 sanetum
558 3661 746 3719 Bonilaolam
773 3666 890 3736 rogarit
919 3683 934 3723 s
987 3657 1134 3732 triplicato
1145 3659 1233 3730 signo
1246 3658 1417 3716 sacerdotes
1431 3659 1594 3718 venerandi
1608 3661 1719 3733 gratim
1727 3677 1818 3734 agen-

102 3753 199 3808 llorna
211 3755 407 3808 revertentem
423 3755 486 3819 (aa.
502 3753 577 3818 739),
595 3751 679 3824 quod
691 3751 793 3808 denuo
813 3753 935 3810 Noricus
988 3752 1032 3805 tes
1046 3748 1135 3804 uma
1160 3749 1303 3819 trinitati,
1330 3763 1401 3806 curn
1426 3765 1540 3821 magno
1564 3750 1634 3808 cleri
1652 3751 1817 3826 populique

101 3843 206 3912 gentes
216 3838 274 3896 sub
292 3855 347 3896 sua
362 3843 513 3914 potestate
537 3837 713 3910 dignaretur
740 3840 860 3897 nabere
886 3841 935 3898 de·
989 3837 1123 3910 tripudio
1134 3837 1404 3912 incomparabilem
1417 3837 1575 3910 purpurati
1599 3840 1732 3911 corporis
1758 3841 1819 3896 the·

102 3931 216 4000 gentes.
230 3929 322 4001 Cujus
337 3928 481 4001 legationi
494 3932 523 3985 et
535 3923 730 3984 nihilominus
744 3929 879 4002 petitioni
900 3931 935 3986 li-
990 3941 1115 3982 saurum
1130 3941 1146 3982 e
1161 3925 1287 3994 tumulo,
1312 3941 1375 3999 quo
1402 3929 1525 3982 cawnus
1552 3925 1723 3982 reconditus
1743 3929 1816 3996 erat,

100 4017 206 4075 beuter
218 4031 355 4074 annuens
368 4019 428 4074 ileo
458 4015 565 4090 plenus
577 4015 711 4083 entiam,
725 4015 756 4072 in
766 4017 936 4088 bajoariam
991 4015 1170 4082 auferentes,
1192 4015 1224 4072 in
1250 4017 1483 4070 monumentum
1506 4027 1620 4070 norum
1648 4013 1819 4073 venerabile

101 4105 319 4180 protectionem
338 4105 496 4175 acceleret,
527 4120 653 4178 sperans
678 4121 709 4160 se
733 4109 937 4162 comesturum
991 4103 1223 4171 transtulerunt;
1240 4102 1325 4176 quod
1342 4101 1421 4159 adid
1436 4101 1507 4158 salis
1526 4103 1739 4176 aromatejam
1766 4119 1820 4180 pa·

102 4195 186 4270 quod
206 4200 274 4253 ente
293 4211 355 4253 non
369 4199 498 4270 poterat.
524 4193 578 4251 liic
606 4193 732 4250 Domino
756 4199 937 4269 cooperante
994 4196 1148 4250 raserunt.
1166 4193 1198 4249 ln
1211 4205 1275 4265 quo
1287 4191 1437 4265 principes
1446 4190 1512 4248 auri
1526 4189 1658 4250 laminas
1670 4197 1698 4251 et
1711 4200 1818 4267 argent

103 4297 139 4342 ae
153 4281 273 4358 prelato
292 4284 372 4342 dnae
398 4283 580 4357 astipulante
593 4283 627 4356 ¹⁵,
640 4283 840 4341 eecbdaatiea
865 4286 936 4357 Jura
953 4323 976 4381 D
991 4288 1141 4358 apparatu
1151 4280 1353 4380 pulcherrimo
1363 4279 1497 4338 lecerunt
1511 4280 1602 4355 atligi,
1618 4297 1819 4358 easquegem·

102 4373 278 4442 decernens,
294 4375 414 4448 penitus
441 4372 613 4447 exstirpent
635 4373 790 4440 hereticos,
818 4377 847 4430 el
870 4374 934 4430 uni-
991 4387 1113 4431 marum
1127 4371 1231 4429 onlins
1244 4383 1332 4428 varro
1344 4369 1497 4442 saurga
1511 4371 1645 4436 Quormn
1665 4373 1818 4446 spiritibus

102 4477 208 4522 versos
217 4463 332 4536 legarit
342 4463 539 4522 scismaticos.
550 4462 738 4520 Provineim
747 4463 857 4520 veroin
869 4479 937 4538 par·
990 4465 1019 4519 et
1032 4460 1121 4518 nobis
1135 4459 1225 4517 simul
1237 4459 1444 4534 pmoatordrus
1456 4473 1512 4533 per
1519 4459 1750 4518 mtereessiones
1762 4459 1820 4516 ele·

107 4552 228 4611 roobiae
236 4553 346 4626 divisit
362 4558 392 4611 et
406 4552 609 4628 episcopusin
622 4552 671 4609 his
685 4553 833 4610 canoniea
858 4553 936 4610 ordi-
990 4550 1103 4609 rissind
1119 4549 1166 4608 sui
1182 4548 1263 4608 testis
1276 4549 1493 4608 emmerammi
1508 4549 1651 4622 dignetur
1674 4546 1818 4605 mnibus

104 4641 231 4700 natione
243 4643 404 4700 constitnit.
418 4646 496 4700 inter
514 4657 592 4716 quos
618 4641 786 4716 predictum
811 4639 937 4700 Gaubel-
990 4640 1145 4716 propitiari
1160 4640 1166 4696 l

103 4731 180 4790 dum
198 4731 445 4810 illatospolitanoe
458 4733 516 4807 (tl)
536 4731 599 4790 sedi
619 4732 750 4806 proiecit.
778 4733 834 4800 Qui
862 4731 936 4790 dum
1025 4729 1189 4792 atluicam
1200 4727 1288 4786 virln
1302 4723 1657 4800 ir'ningansiepiscopio,
1672 4721 1818 4799 vomam
1893 4789 1899 4804 ⁵
1952 4725 1984 4760 ·'

795 4845 912 4904 VARIAE
932 4847 1131 4906 lscltoltlls.

140 4937 164 4974 ¹⁸
179 4935 250 5006 Osce
263 4938 296 4994 ic
310 4939 411 4996 codice
423 4937 460 4994 ab
475 4937 612 4994 Anulus
647 4941 692 4993 ost
706 4937 892 4995 adstiterunt
908 4953 1023 5019 semper
1039 4937 1141 4994 lettera
1155 4950 1174 4991 a
1188 4933 1300 4990 notavi.
1316 4931 1457 4989 Attamen
1483 4944 1543 4986 aon
1562 4929 1662 5014 ptrue
1675 4933 1818 5014 'coastat

103 5022 146 5065 os
156 5007 250 5066 roto
261 5023 292 5083 p.
308 5009 341 5066 lt.
355 5012 375 5067 t.
390 5007 597 5080 permotus
633 5015 645 5064 ’.
666 5014 785 5066 motor.
824 5010 849 5052 ¹⁶
864 5007 970 5068 christi
984 5040 1018 5052 -
1033 5005 1159 5066 accessit
1172 5005 1204 5062 tn
1221 5005 1284 5062 loco
1299 5016 1368 5062 roso
1379 5008 1411 5060 et
1422 5001 1454 5058 in
1467 5013 1606 5072 mmpnc
1616 5005 1732 5074 scnqm
1745 5013 1816 5069 esse,

102 5079 393 5152 mortuom.
432 5077 869 5155 ²⁸srpnlantseorr.mtlp.l

105 5256 936 5412 lieren...
1026 5253 1422 5409 ulricus:

102 5403 187 5458 mla
1026 5399 1072 5471 (52
1097 5391 1544 5470 Hlatospollsquaslidosrolts
1558 5395 1753 5468 Regansbssm
1779 5395 1835 5456 ab.

154 5473 189 5528 le
211 5473 243 5529 t.
260 5474 288 5531 S.
303 5471 476 5531 corbiniani
487 5471 593 5539 Vitam
610 5487 635 5527 o.
654 5475 696 5528 lt).
991 5471 1036 5524 ὅω.

155 5545 190 5599 49
218 5545 386 5602 Purokwau
422 5541 697 5628 propeWildenber
728 5559 774 5612 ;v.
787 5542 934 5616 ltiedl,p.
1027 5541 1191 5615 (teloneas
1232 5541 1390 5596 uuntauex
1404 5536 1543 5595 truens
1559 5537 1623 5596 Vita
1650 5539 1678 5596 S.
1705 5541 1821 5598 Emma-

105 5615 364 5676 mesembria
419 5613 626 5674 meahbi
693 5614 698 5625 '
728 5613 838 5673 invasi
991 5613 1201 5687 rammitllcto
1260 5609 1776 5685 .Sept.ll,p.lel.iffesstorsnt.
