3990 6184
827 169 976 232 eductas
991 165 1180 226 trossellus
1195 165 1411 224 CUXACENSIS
1883 171 1925 226 llll

263 274 1921 334 ——am

542 433 834 560 alaeue
871 428 1208 554 uouleur
1246 365 1687 549 ausisausis

972 678 1261 788 tristent

635 925 702 1016 lu
730 923 925 1015 oblitu
954 921 1231 1014 illstorull
1260 913 1595 1010 lusoNuNsuu

443 1137 491 1200 De
506 1130 610 1199 initiis
624 1129 828 1199 monosterii
849 1125 1063 1210 Oueascnsis,
1080 1131 1114 1197 et
1138 1119 1179 1194 de
1199 1124 1306 1192 sacris
1328 1121 1477 1212 reliquiis
1499 1121 1533 1188 in
1556 1140 1595 1188 eo
1611 1115 1797 1186 custoditis.

912 1323 1028 1422 (Circa
1045 1345 1180 1398 annum
1203 1319 1324 1418 luto.)

300 1531 410 1604 (Edidit
424 1535 524 1588 Blauz.
541 1531 572 1587 in
585 1527 722 1604 append.
737 1523 777 1585 ad
792 1531 920 1585 llarosm
942 1527 1144 1604 llispanicam,
1159 1541 1190 1600 p.
1209 1527 1288 1594 lo'ti,
1303 1539 1340 1582 ex
1355 1519 1535 1580 chartulario
1550 1516 1729 1576 monasterii
1745 1515 1903 1573 Cmasensis

179 1846 185 1860 .
299 1809 339 1880 (lt
352 1805 573 1864 illoriorissimo
587 1809 677 1877 atque
691 1803 767 1860 ieter
780 1801 849 1876 pios
870 1802 1013 1877 presules
1027 1802 1086 1859 ele·
1103 1803 1128 1856 Α
1142 1816 1249 1876 praem
1263 1803 1296 1856 ut
1308 1799 1368 1854 hoc
1380 1794 1465 1870 quod
1474 1793 1586 1850 inculto
1594 1805 1740 1848 sermme
1751 1789 1933 1864 promisceri

264 1896 453 1953 menussimo
478 1893 556 1950 Patri
580 1895 674 1949 ouva
698 1891 849 1948 bonorum
875 1892 1096 1948 monachorum
1151 1891 1329 1966 tuperes,ut
1353 1883 1716 1950 oemidus,sedrostru1n
1740 1879 1932 1948 incontaminat-

263 1983 396 2052 ultimus,
404 1980 567 2056 sancbtetis
578 1983 677 2036 autem
688 1983 793 2036 vestrae
809 1981 1027 2052 servuS,gretioe
1049 1981 1096 2037 vel
1150 1980 1236 2038 nium
1250 1975 1379 2034 uindicet
1393 1979 1425 2030 ut
1437 1970 1612 2032 benevolus.

264 2071 430 2147 potestatis,
447 2069 549 2143 quoad
564 2068 673 2140 vivam,
690 2067 821 2124 tumulus
839 2072 972 2140 Generis,
988 2069 1096 2125 debitae
1187 2066 1334 2126 Nonnulla
1345 2061 1660 2137 ergoqusesuntinler
1671 2057 1817 2116 chartulas
1824 2055 1931 2128 dmaipta

266 2161 413 2218 servitulis
428 2159 620 2233 obsequium,
637 2162 665 2214 et
686 2164 803 2215 aeternae
818 2159 926 2232 quletis
938 2159 1096 2233 incompa-
1151 2157 1262 2228 inveni,
1278 2161 1307 2211 et
1321 2172 1358 2210 ex
1380 2153 1455 2226 ipsis
1478 2149 1627 2224 quidquid
1649 2147 1821 2204 luculentius
1839 2147 1929 2200 inum

264 2249 542 2323 rabileprseminm.
1148 2233 1931 2323 potuiautmultorumptilitoteprenaecaderestuiu

301 2340 496 2414 Omnipotens
511 2341 600 2407 lleus,
617 2355 687 2394 cum
702 2336 864 2394 visibilium
889 2342 979 2414 atque
993 2335 1095 2394 invisi-
1151 2337 1306 2393 voluntate
1317 2334 1377 2390 ita:
1404 2333 1515 2396 Quamo
1537 2327 1691 2384 Kalendas
1713 2325 1833 2384 Octobris
1850 2322 1931 2379 eddi

264 2428 372 2485 bilium
387 2426 623 2484 substantiarum
638 2431 790 2482 creaturas
812 2425 962 2494 conderet,
978 2429 1007 2482 ct
1027 2439 1097 2482 osu·
1150 2429 1197 2482 tas
1207 2419 1407 2481 dedicationis
1423 2418 1517 2476 sancti
1530 2416 1707 2487 archangeli
1722 2413 1851 2474 lticbaelis
1862 2427 1932 2468 cono

265 2533 314 2574 sas
325 2515 373 2572 rel
388 2520 471 2572 actus
487 2531 587 2570 rerum
602 2514 778 2582 adverteret,
795 2531 855 2570 suaa
870 2514 984 2570 virtutis
1002 2531 1095 2571 semu·
1151 2514 1197 2571 bii
1215 2510 1403 2578 cuxasensis,
1419 2524 1513 2584 quam
1532 2507 1622 2562 etiam
1641 2504 1806 2562 admodum
1824 2504 1931 2558 uremur

264 2605 391 2663 latorem
406 2603 517 2660 sciboet
528 2601 674 2676 cupidum
686 2602 852 2659 coelestium
867 2603 1042 2673 graiarum,
1055 2602 1096 2658 ad
1151 2603 1243 2660 rebus
1259 2599 1403 2675 prudens,
1421 2601 1455 2654 et
1468 2597 1510 2654 ad
1522 2593 1696 2652 docendm
1711 2610 1748 2650 ex
1766 2597 1876 2664 tempus
1889 2588 1934 2662 ple

262 2691 387 2752 laudem
407 2698 439 2750 ct
453 2691 581 2764 gloriam
595 2707 694 2762 suam,
709 2697 779 2748 anto
791 2691 899 2748 mundi
913 2691 1096 2748 constitutio·
1149 2694 1222 2750 bern
1249 2689 1410 2756 sufficiam,
1437 2687 1467 2744 in
1491 2685 1664 2759 omnaque
1689 2683 1791 2741 stadiis
1813 2697 1858 2756 prr
1875 2679 1933 2736 tacit

265 2797 336 2840 nem
357 2779 471 2852 delegit
496 2780 664 2848 bominem,
687 2781 744 2853 qui
766 2780 916 2836 mundani
941 2780 1040 2852 operis
1067 2783 1098 2836 et
1149 2779 1265 2850 lucens,
1278 2778 1435 2845 vuarinus,
1448 2773 1587 2848 ejusdem
1601 2773 1692 2832 ttndi
1706 2767 1935 2843 religiomsbhrs

266 2869 691 2930 ambiendum-universorum
704 2868 874 2925 neocmario
888 2873 984 2926 uteret
996 2873 1095 2940 potes-
1151 2867 1255 2924 divine
1272 2866 1435 2923 reducente
1454 2879 1558 2934 mma,
1573 2877 1636 2920 una
1659 2877 1733 2920 cu
1750 2859 1870 2933 ᾳάιᾱω
1884 2857 1936 2912 ὼ

264 2961 385 3026 tatem
411 2958 502 3030 cujus
531 2958 633 3028 gratia
655 2958 704 3014 vel
727 2957 912 3014 similitudini
933 2958 1022 3014 totius
1042 2959 1098 3013 hu-
1148 2955 1228 3012 cesis
1241 2953 1370 3029 praesule
1385 2954 1471 3024 signo
1489 2956 1519 3009 et
1532 2951 1657 3008 menda
1677 2951 1806 3017 simne,
1819 2945 1936 3020 aquosis

257 3059 364 3102 meua
388 3045 588 3102 universitatis
609 3059 663 3103 ros
684 3042 901 3104 conferendum
922 3046 1005 3104 dedit
1023 3061 1096 3103 cum
1149 3042 1339 3101 diuersarum
1362 3042 1478 3099 sedium
1492 3040 1652 3114 episeopis,
1669 3038 1841 3113 mvii
1856 3049 1937 3094 um

264 3147 417 3208 corporeae
441 3133 607 3204 tragilitatis
622 3136 809 3193 consortium
826 3134 1006 3192 otomnium
1029 3149 1095 3208 spe·
1115 3136 1243 3205 prust
1257 3131 1409 3190 nobilitate
1424 3146 1459 3187 ae
1473 3129 1633 3204 prudentia
1647 3126 1938 3202 pmdmmmcu

265 3224 388 3286 olerum,
412 3225 579 3281 secundum
608 3224 837 3298 amplitudinem
870 3224 960 3282 rostri
983 3224 1096 3295 cordis,
1150 3221 1267 3294 ballnita
1275 3219 1469 3277 mubibrdine
1482 3217 1631 3276 nobilium
1641 3223 1782 3292 potestate
1791 3215 1941 3290 pullenum

264 3311 571 3386 inexplebilematque
581 3312 782 3369 insatiabilem
793 3313 894 3369 tribuit
903 3311 1094 3369 intellectum.
1152 3327 1188 3368 ac
1210 3311 1363 3384 utriusque
1386 3325 1474 3366 sexus
1489 3309 1596 3366 diversi
1615 3309 1723 3365 ordinis
1737 3306 1895 3363 clericorum
1912 3307 1942 3357 at·

261 3397 396 3460 Primum
408 3400 547 3459 uidelicet
560 3403 711 3459 vernantis
734 3403 827 3459 aetatu
849 3401 1012 3475 disciplinis
1035 3415 1096 3474 prro
1152 3416 1211 3474 que
1227 3398 1360 3472 plebium
1370 3397 1460 3455 varias
1473 3397 1626 3468 dignitatis
1639 3394 1857 3454 eminentissimo
1870 3397 1942 3448 eoeu.

264 3491 526 3548 exercitaminibus
541 3497 568 3548 et
580 3492 675 3547 multa
692 3491 890 3547 sollicitudine
904 3493 934 3546 in
952 3507 1098 3564 processu
1152 3490 1183 3546 in
1198 3487 1459 3562 gaudiismagnis
1481 3487 1644 3544 acbonibus
1664 3485 1813 3554 matarum
1837 3481 1943 3536 dedica-

264 3579 1096 3652 temporislaborarecompulit.etsicadomnemcausam
1152 3583 1257 3633 verunt
1284 3576 1427 3648 illamque
1453 3575 1541 3631 donis
1567 3572 1717 3646 duplicibus
1739 3570 1771 3626 in
1794 3583 1943 3625 eommune

264 3681 301 3720 ex
311 3665 457 3736 parentali
469 3667 659 3722 successione
671 3682 726 3738 pro
735 3667 746 3736 j
751 3666 856 3721 ustitia
870 3667 981 3722 meritis
992 3681 1095 3736 regen·
1151 3665 1419 3738 locupletaverunt,
1431 3667 1459 3719 el
1473 3666 1562 3734 regiae
1573 3660 1698 3734 dignitati
1710 3675 1777 3716 eum
1786 3657 1944 3714 muneribus

264 3753 373 3809 darum
388 3768 488 3808 rerum
510 3754 557 3824 pie
570 3752 710 3826 praeleoit,
727 3757 758 3807 ut
769 3753 851 3822 jugis
867 3753 1008 3818 eubibffio
1023 3763 1096 3826 pro·
1144 3757 1180 3810 ot
1194 3753 1312 3810 coronis
1322 3751 1447 3825 copiam
1468 3751 1661 3810 reddiderunt
1680 3754 1708 3806 et
1726 3765 1792 3807 eam
1805 3748 1836 3804 in
1849 3745 1944 3803 irretra-

263 3840 411 3898 babilium
421 3845 544 3898 actuum
554 3840 749 3912 conjungeret
758 3841 909 3914 pereqrtio
920 3837 1096 3897 sublimium
1152 3836 1244 3912 gabili
1255 3841 1331 3912 juris
1345 3841 1540 3913 perpetuitate
1554 3857 1620 3896 esse
1635 3838 1836 3896 inconvulsam
1850 3841 1893 3893 aut
1910 3851 1943 3890 cu·

263 3929 458 4002 cogitatuum.
484 3930 582 3988 lterito
602 3935 703 3985 autem
727 3928 913 4002 dispensatio
934 3929 1096 3986 voluntatis
1149 3930 1320 4002 jusounque
1345 3929 1454 3986 servitii
1476 3929 1611 4002 qualibet
1633 3928 1819 3986 exsecutione
1838 3925 1940 3982 meu

263 4024 406 4095 paternas,
431 4020 538 4092 spretis
555 4017 724 4074 bonoribus
744 4018 861 4086 muudi,
880 4034 935 4072 vos
960 4018 1095 4074 Ecclesiae
1151 4034 1187 4076 ac
1201 4018 1232 4074 in
1247 4017 1444 4091 protelatione
1457 4018 1564 4074 linium
1590 4033 1660 4079 oum
1685 4018 1747 4074 suis
1770 4015 1871 4091 opibus
1889 4020 1939 4068 stau

265 4125 327 4166 sure
340 4109 448 4165 iterum
462 4107 585 4164 donavit
597 4111 753 4173 rectorem,
770 4109 802 4161 ul
816 4106 994 4179 imprudens
1008 4112 1037 4162 et
1050 4106 1095 4162 ui·
1152 4121 1271 4180 semper
1295 4106 1462 4175 dominam,
1484 4107 1629 4180 quodque
1654 4108 1821 4166 sanctiores
1843 4121 1896 4163 eun
1911 4116 1938 4156 u·

264 4196 321 4252 mis
334 4196 491 4269 imperitus
513 4196 570 4252 sub
585 4212 680 4252 manu
695 4199 725 4251 et
737 4194 899 4251 beatudine
913 4199 1012 4251 vestra
1031 4195 1096 4250 ubi-
1151 4211 1238 4251 nasse
1265 4196 1412 4270 templum
1444 4212 1482 4252 ex
1507 4211 1621 4267 magna
1650 4201 1740 4270 parte
1772 4191 1934 4253 venerabiiiffl

264 4299 383 4356 cunque
398 4283 502 4338 secreti
519 4283 634 4340 consilii
647 4283 771 4339 haberet
785 4283 973 4340 securitatem
984 4282 1095 4339 etlucri
1150 4289 1324 4342 sanctorum
1346 4292 1375 4343 et
1400 4290 1529 4357 majores
1543 4288 1717 4360 quicunque
1746 4286 1928 4362 populosus

264 4371 388 4444 maioris
402 4387 555 4427 summam
566 4371 782 4428 defensionem.
795 4371 882 4436 Quod
892 4371 1096 4445 experimento
1150 4379 1297 4448 poeotes,
1327 4391 1489 4434 munerum
1515 4375 1651 4446 largitate
1680 4378 1827 4450 apprime
1847 4375 1933 4430 damu

264 4459 394 4534 copiosis
404 4459 548 4516 etsecuris
558 4459 622 4532 ipse
632 4459 770 4527 cognovi,
778 4459 852 4515 dum
860 4459 957 4516 dilecti
966 4475 1096 4532 praecep
1115 4497 1137 4554 c
1151 4464 1354 4538 omnibusque
1363 4465 1453 4521 bonis
1466 4481 1543 4540 pene
1555 4465 1773 4538 sublimatum,
1785 4453 1940 4539 utriquest?

265 4548 336 4606 toris
345 4548 393 4605 rel
404 4546 434 4604 in
445 4551 506 4604 toto
518 4545 606 4604 vestri
617 4544 772 4602 familiaris
787 4547 898 4604 arnalli
909 4547 1058 4620 retugium
1068 4552 1097 4605 et
1150 4557 1379 4612 sacrosanctum
1386 4553 1516 4610 llomino
1528 4553 1674 4627 templum
1687 4545 1942 4614 statrraveruutllttdt

264 4636 460 4694 memorabile
480 4636 557 4692 duce
576 4635 699 4704 furtum,
716 4633 826 4690 scilicet
845 4635 883 4691 de
903 4636 1097 4694 instructione
1152 4640 1243 4698 etiam
1255 4657 1292 4698 ex
1305 4643 1411 4699 eadem
1425 4643 1550 4699 ecclesia
1570 4642 1618 4699 vel
1632 4642 1833 4702 dedicatione
1846 4657 1891 4698 suo
1898 4642 1944 4693 tul·

265 4729 355 4799 atque
369 4724 547 4782 exaltatione
563 4723 728 4796 Christique
742 4739 777 4779 ac
790 4728 961 4779 sanctorum
978 4726 1003 4796 ej
1008 4725 1098 4799 uspi-
1147 4744 1225 4802 porc
1242 4730 1383 4804 optabilis
1398 4735 1442 4788 est
1453 4731 1621 4789 recordatio
1634 4732 1794 4806 paulatim
1807 4737 1835 4791 et
1848 4727 1947 4789 memora

265 4829 394 4884 gnorum
407 4812 609 4874 conclusione.
620 4810 666 4868 vel
680 4811 780 4869 altaris
794 4811 888 4868 nostri
899 4811 1096 4886 dedicatione,
1153 4819 1326 4875 amantibus
1342 4819 1483 4890 cognosci
1505 4825 1566 4878 tota
1579 4820 1710 4878 veritate.
1733 4826 1774 4880 Et
1787 4823 1949 4899 primoque

264 4913 359 4958 neone
368 4899 451 4969 iguis
465 4899 630 4968 exustione,
645 4900 737 4957 vestri
758 4915 829 4957 vero
843 4899 986 4957 laboriosi
999 4902 1098 4976 operis
1154 4907 1282 4977 gloriose
1297 4909 1374 4963 Deus
1385 4907 1486 4966 locum
1497 4913 1526 4966 et
1537 4908 1771 4984 templumessa
1786 4905 1949 4970 amonuit

257 4988 489 5058 restauratione,
506 4993 534 5045 et
555 4988 664 5046 iterum
688 4988 828 5060 gloriosa
849 4989 936 5054 vallis
956 4990 1097 5048 benedie-
1153 5011 1306 5070 quamque
1336 4995 1541 5072 Redemptoris
1569 4998 1663 5054 nostri
1694 4999 1802 5060 tacitis
1835 4996 1952 5058 mima,

258 5078 354 5147 tione,
368 5093 387 5134 a
400 5075 623 5136 destruentibus
637 5079 728 5136 etiam
748 5078 924 5152 irruptione,
939 5079 970 5136 in
985 5079 1097 5153 quibus
1153 5082 1310 5140 clementia
1323 5085 1401 5141 votis
1416 5085 1494 5144 adsit
1502 5086 1755 5162 supplicantium,
1767 5105 1890 5166 quoque
1898 5081 1953 5144 not·-

259 5165 366 5238 iussus
378 5163 434 5222 ieoi
449 5165 556 5222 sinceri
568 5165 680 5224 amoris
694 5168 785 5224 vestri
799 5163 943 5235 officium,
955 5173 984 5224 et
999 5169 1096 5226 bomi-
1151 5170 1235 5228 loeus
1249 5171 1297 5228 ille
1314 5173 1391 5231 inter
1405 5175 1520 5249 primos
1542 5176 1631 5233 totius
1651 5177 1737 5236 orbis
1763 5177 1955 5253 plenitudini

264 5254 295 5314 ni
321 5255 380 5312 mei
404 5255 552 5312 ldiobaelis
580 5257 660 5314 sensi
686 5257 870 5328 adjutorium
899 5256 1095 5330 propitiatorii
1150 5261 1339 5318 veneratione
1367 5262 1491 5335 lugeat
1512 5265 1622 5338 paucis
1650 5263 1756 5324 uerbis
1785 5261 1951 5325 circumi&⁸

263 5343 972 5418 quoquecoloribusetllvaugelistarumfiguris
988 5345 1097 5402 siassi·
1150 5350 1309 5408 Enimvero
1345 5353 1515 5425 antiquiora
1550 5354 1662 5428 posteri
1686 5359 1854 5414 memoriae
1880 5351 1955 5411 uris*-

257 5432 363 5526 'gnari
373 5447 435 5490 non
446 5449 517 5491 vero
527 5435 709 5492 concedente
720 5435 836 5493 Christo
845 5437 877 5492 in
890 5439 987 5492 vestra
1001 5434 1095 5492 salute
1149 5438 1239 5497 laude
1255 5447 1283 5498 et
1298 5443 1465 5499 testimonio
1480 5441 1608 5516 dignum
1620 5449 1675 5502 est.

264 5517 328 5580 fleri
348 5540 436 5600 sporo
450 5523 482 5582 iu
496 5522 604 5584 melius
616 5526 734 5598 majore
755 5542 791 5582 er
805 5525 959 5584 omnibus.
977 5526 1095 5588 tulerim
1186 5529 1278 5602 lgitm
1294 5535 1364 5604 post
1381 5531 1440 5590 tels
1455 5531 1629 5604 apostoliea
1645 5531 1779 5596 uim
1792 5531 1961 5598 usli-¹³

300 5611 338 5682 (l)
353 5615 459 5672 textus
474 5613 665 5689 corruptione
678 5613 840 5675 innubili
849 5631 915 5676 uon
930 5631 991 5674 uno
1003 5615 1250 5678 iulowlaborot

1972 1263 1976 1376 l
