3998 6176
208 159 257 212 331
727 149 756 204 S.
777 143 946 203 Fuisssttt't
966 142 1205 202 candotensis
1226 144 1393 202 urtscort.
1463 169 1490 190 ·-
1868 145 1920 200 ³³2

207 276 296 352 quasi
311 272 414 350 primis
429 268 568 342 auspiciis
588 284 669 326 nunc
689 269 913 344 pubescentem.
937 267 1036 324 Advo-
1052 267 1077 320 A
1095 267 1131 324 lis
1146 271 1220 326 ero‘i
1240 269 1280 326 ait
1301 269 1444 324 Dominus
1471 268 1541 338 (iso.
1561 284 1638 336 iuva,
1654 267 1691 340 e).
1707 289 1720 316 ιι
1747 265 1831 332 Quod
1853 270 1920 322 ante

208 371 271 424 cate
288 359 462 434 angelesad
478 357 646 416 custodiam
666 358 802 432 puritatis
825 363 942 428 vestrae,
966 356 1038 430 quia
1094 359 1203 415 saecula
1230 359 1346 430 genitus
1381 363 1426 414 est
1459 356 1657 424 iueii'ahilitor,
1692 356 1818 412 Micheas
1857 355 1918 412 ait:

205 456 272 528 ipsa
292 454 323 509 in
345 457 446 508 tenera
464 451 542 504 sorte
567 447 882 523 mundiahterposita,
902 461 971 502 cum
992 461 1039 502 rc·
1093 449 1266 518 «Egressus
1288 449 1352 520 ejus
1376 446 1555 519 aprincipio
1580 463 1598 502 o
1622 445 1729 501 stichus
1752 443 1921 500 :eternitatis

205 544 276 616 gina
298 541 432 615 ipsorum
447 537 537 595 etiam
552 536 653 595 lutura
678 555 782 596 secum
806 553 911 596 eorum
935 534 1039 592 suffra·
1092 537 1194 609 (Mica.
1210 555 1238 606 v,
1253 543 1292 595 at.
1309 560 1321 588 ι
1340 537 1431 593 David
1448 554 1454 592 :
1473 559 1486 586 «
1499 541 1572 592 ,inte
1588 535 1681 591 solem
1697 540 1852 608 permanet
1867 553 1920 590 no-

205 631 254 703 gia
275 629 380 688 sedula
394 627 529 686 oratioue
548 627 753 686 contrahebat.
775 625 927 685 letamini
949 625 1039 681 etiam
1092 644 1162 684 men
1179 629 1244 700 ejus
1259 628 1354 700 (Psoi.
1371 645 1437 694 unx,
1452 627 1504 699 it).
1520 649 1532 676 »
1550 626 1689 683 Salomon
1701 625 1731 680 in
1740 625 1919 681 Proverbiis:

202 737 257 776 vos
269 720 335 792 iam
348 721 475 774 matures
489 715 630 788 virgines,
645 721 674 774 et
684 734 753 790 quse
763 716 911 788 iortejam
925 712 965 770 ad
973 712 1038 770 ani·
1091 718 1231 776 Nondum
1242 722 1326 775 erant
1342 717 1453 790 abyssi,
1472 722 1500 772 et
1512 734 1567 780 ouo
1588 721 1731 788 concepta
1746 731 1838 772 cram.
1864 719 1920 771 h'ec

201 808 245 866 les
260 812 356 866 metas
371 805 555 880 pervenistis,
571 804 642 878 quia
665 821 720 878 pro
743 804 880 876 longeva
903 817 1038 877 perseve·
1090 808 1165 865 dum
1179 808 1274 864 tontes
1288 825 1435 882 aquarum
1449 809 1616 879 eruperant,
1630 810 1657 862 et
1668 797 1918 878 ego'paturiehar.

201 897 300 956 ranila
312 899 422 966 Vtilia>
438 909 500 950 1¹0⁰
525 892 623 950 S⁰ll¹ffl
637 893 769 968 P0¹li⁰i¹it
783 891 917 967 premia,
932 905 1037 947 verum
1091 897 1218 965 Quando
1233 897 1423 971 praeparabat
1438 896 1538 964 caelos,
1555 895 1687 963 tuleram,
1702 911 1772 950 cum
1785 911 1820 950 eo
1837 911 1919 948 corn-

202 986 325 1044 laudem
345 984 498 1056 egregiam
519 999 589 1039 cum
608 983 748 1055 praesenti
773 980 931 1055 captabitis
954 979 1037 1054 apud
1090 1004 1206 1061 ponens
1221 989 1323 1044 0miiia
1340 989 1438 1058 (Pi-ov.
1451 1003 1510 1056 vin,
1525 989 1569 1046 ii,
1586 989 1630 1048 25,
1645 990 1689 1052 it,
1706 984 1760 1054 30).
1779 983 1893 1039 »isaias
1911 1002 1918 1038 :

203 1077 354 1134 coelestem
368 1078 531 1130 auctorem.
548 1076 588 1129 Ne
603 1070 786 1128 subtrahatis
805 1087 860 1127 vos
874 1086 892 1126 a
904 1068 1036 1143 prefate
1092 1099 1106 1128 u
1122 1083 1154 1134 in
1167 1077 1331 1134 humilitate
1344 1077 1491 1146 judicium
1508 1076 1572 1146 ojus
1594 1073 1728 1130 ablatum
1750 1077 1803 1129 est.
1829 1076 1920 1129 Gene-

202 1165 306 1222 matris
317 1161 504 1234 jubilafifflle,
533 1160 713 1231 conjugatae,
738 1165 767 1216 θῑ
790 1157 942 1230 ⁰⁰flll¹8³li
960 1157 1035 1229 1⁰80
1089 1167 1236 1223 rationem
1252 1166 1316 1236 ejus
1330 1165 1397 1238 quis
1411 1164 1584 1220 enarrabit?
1597 1164 1666 1232 (iso
1684 1179 1739 1228 utri,
1756 1167 1794 1226 8.)
1811 1186 1825 1212 »
1840 1163 1918 1218 lob:

114 1305 116 1310 .
202 1255 354 1321 subnexui,
372 1249 581 1324 quouiarnqui
596 1267 658 1306 suta
673 1249 766 1320 hlatri,
783 1249 963 1306 etomnibns
979 1248 1036 1321 piis
1090 1279 1104 1306 ι
1122 1255 1271 1329 Sapientia
1287 1255 1440 1311 tiotretris
1465 1253 1544 1309 unde
1559 1253 1662 1309 venit?
1679 1255 1757 1308 latet
1779 1251 1860 1308 euim
1879 1252 1919 1308 ab

200 1341 365 1414 virginibus
379 1339 539 1396 contribuit
553 1339 730 1410 integritatis
744 1339 890 1412 patmum,
903 1337 969 1411 ipse
981 1353 1036 1393 vos
1090 1345 1183 1403 ocutis
1201 1344 1369 1410 hominum,
1394 1348 1422 1399 et
1443 1359 1462 1400 a
1482 1335 1654 1398 volucribus
1678 1339 1744 1396 coti
1769 1340 1920 1397 absconsa

199 1432 329 1490 naturali
357 1430 470 1488 ioedere
497 1433 603 1486 mirtuu
624 1429 815 1503 copulatione
840 1427 947 1502 junxit,
973 1443 1035 1500 quo
1090 1433 1461 1504 eutichianistarum).
1479 1453 1492 1480 ι

199 1523 355 1578 decentem
370 1525 398 1577 et
409 1519 577 1590 genuinum
589 1523 742 1576 servantes
757 1516 1035 1574 modumoastiiatis
1125 1522 1211 1589 Quod
1226 1525 1392 1578 compatre
1408 1525 1436 1576 et
1452 1519 1596 1576 Dominus
1612 1523 1665 1575 est.
1681 1507 1776 1574 David
1797 1519 1894 1591 inquit
1911 1537 1917 1574 :

199 1610 275 1669 filios
289 1609 460 1685 procreetis·
485 1612 542 1666 Nee
557 1607 637 1664 enim
664 1608 793 1666 multum
817 1607 906 1678 longe
930 1623 949 1663 a
969 1621 1034 1662 ⁰8⁸-
1054 1624 1103 1677 8«
1119 1612 1208 1670 Sedes
1223 1615 1274 1666 tua
1304 1613 1391 1676 Deus,
1404 1609 1435 1666 iu
1456 1608 1598 1664 siccidam
1621 1607 1744 1664 saeculi:
1767 1597 1852 1678 virga
1873 1607 1917 1663 di-

198 1701 288 1758 titatis
301 1715 425 1755 munero
438 1697 570 1767 aberitis,
587 1696 613 1752 si
624 1696 700 1753 filios
711 1713 773 1754 non
787 1713 843 1770 pro
854 1694 1034 1770 appetitione
1088 1701 1226 1757 rectionis
1242 1699 1325 1769 virga
1337 1699 1421 1768 regni
1438 1698 1477 1754 tui
1492 1699 1596 1768 (Psoi,
1611 1713 1687 1767 xilv,
1702 1699 1738 1770 7).
1752 1719 1766 1747 ι
1777 1699 1892 1768 Moyses
1909 1715 1915 1752 ;

198 1789 340 1856 libidinis,
355 1788 409 1845 sed
421 1801 477 1864 pro
491 1803 593 1844 amore
609 1785 808 1844 successionis
824 1786 968 1842 educatis.
995 1787 1034 1840 h'e
1089 1812 1103 1840 «
1117 1787 1232 1846 Creavit
1248 1791 1323 1844 Deus
1339 1787 1493 1842 hominem
1509 1785 1548 1842 ad
1570 1785 1732 1856 imaginem
1755 1800 1855 1852 suain,
1878 1783 1917 1840 ad

198 1879 374 1953 desperetis,
399 1895 415 1934 o
444 1877 499 1934 viri
523 1876 570 1934 vel
592 1875 710 1932 feminee
735 1890 918 1949 quocunque
943 1874 1034 1930 modo
1087 1878 1251 1948 imaginem
1267 1876 1317 1932 Dei
1332 1876 1442 1932 creavit
1453 1875 1536 1930 ilium
1555 1877 1636 1946 (Gen.
1654 1891 1674 1946 t,
1699 1881 1755 1937 ii),
1771 1897 1785 1924 ιι
1810 1875 1917 1930 Zacha-

199 1969 355 2028 carnaliter
368 1966 509 2040 corrupti,
526 1966 672 2040 quoniam
686 1965 737 2022 illa
752 1965 879 2022 coelostis
903 1964 1032 2034 mansio,
1087 1969 1168 2024 rias:
1194 1989 1208 2016 u
1225 1970 1292 2024 post
1315 1965 1441 2036 gloriam
1463 1965 1543 2021 misit
1563 1981 1612 2021 me
1637 1964 1677 2020 ad
1693 1970 1797 2035 gerites
1813 1965 1913 2034 (Zucit.

197 2075 260 2116 non
275 2057 312 2114 de
325 2057 460 2128 virgineo
474 2060 592 2112 tantum
612 2055 729 2127 ordine,
745 2054 799 2112 sed
812 2058 841 2111 et
855 2054 893 2110 de
906 2052 1032 2128 (suibus
1086 2075 1115 2124 ιι,
1142 2055 1179 2128 8),
1205 2078 1220 2106 ιι
1247 2059 1301 2110 etc.
1332 2059 1402 2110 ttem
1429 2071 1435 2108 :
1470 2077 1484 2103 «
1509 2053 1609 2110 {huda
1637 2059 1667 2110 et
1692 2043 1803 2122 laetare,
1834 2053 1914 2120 Sion,

197 2150 270 2208 dam
284 2165 346 2205 non
361 2145 571 2218 solumJ'ustis,
594 2145 647 2202 sed
664 2149 694 2201 et
704 2143 886 2218 publicanis,
911 2147 941 2200 et
964 2146 1032 2199 ante
1086 2146 1158 2220 quia
1185 2160 1253 2202 ecce
1286 2143 1382 2214 venio,
1412 2149 1441 2200 et
1467 2144 1611 2201 habitabo
1635 2143 1666 2199 in
1687 2143 1785 2199 medio
1807 2143 1859 2209 tui,
1888 2147 1917 2198 et

196 2235 405 2314 peccatoribus
450 2234 599 2308 impletur.
643 2236 821 2308 Quantoque
862 2249 917 2289 vos
963 2248 1033 2288 con·
1086 2236 1160 2292 scies
1175 2234 1247 2309 quia
1270 2233 1415 2290 Dominus
1436 2233 1619 2289 exercituum
1642 2232 1722 2290 misit
1743 2249 1790 2288 me
1810 2233 1914 2304 (Zara.

197 2327 308 2402 spicitis
324 2325 405 2400 apud
421 2325 611 2396 majestatem
625 2323 742 2380 Domini
767 2322 874 2380 noxios
895 2321 1030 2392 existere,
1085 2343 1114 2395 u,
1134 2325 1187 2398 ιο).

197 2431 232 2472 eo
249 2415 380 2488 amptius
404 2414 546 2488 respirate
566 2412 605 2470 ad
628 2412 804 2469 Genitricem
828 2410 945 2468 Domini
971 2411 1031 2482 ple·
1121 2413 1207 2478 Quod
1219 2413 1248 2469 iu
1262 2412 1426 2470 humilitate
1440 2417 1584 2468 venturus
1599 2416 1688 2480 esset,
1705 2412 1796 2468 isaias
1817 2399 1913 2466 dixit:

196 2519 270 2562 nam
285 2503 497 2562 misericordie
514 2519 521 2558 :
546 2501 663 2558 habetis
688 2499 771 2574 apud
799 2503 917 2556 Patrem
941 2499 1032 2556 advo·
1085 2526 1099 2554 ιι
1116 2503 1205 2559 Dicite
1218 2502 1285 2558 filiae
1300 2502 1369 2559 Sion
1386 2519 1392 2556 :
1410 2493 1482 2557 Ecce
1497 2518 1549 2556 rex
1575 2506 1644 2558 tuus
1669 2501 1748 2558 venit
1763 2499 1815 2557 tibi
1831 2516 1915 2556 man-

197 2597 297 2650 cutmn
311 2592 412 2666 ipsum
426 2591 531 2648 Filium
546 2589 682 2661 Virginis,
699 2593 728 2646 et
741 2590 805 2662 ipse
819 2587 1029 2662 propitiabitur
1085 2596 1197 2658 suetus,
1215 2581 1322 2647 sedens
1338 2607 1428 2664 super
1442 2590 1562 2647 asinum
1574 2591 1645 2662 (Iso.
1656 2607 1722 2658 ιιιι,
1736 2595 1764 2646 ti
1780 2609 1787 2658 ;
1802 2590 1913 2646 Mottt.

196 2681 325 2755 pereatis
340 2681 582 2750 veshistantum,
596 2683 629 2736 ut
643 2678 764 2735 veniam
776 2677 814 2734 de
834 2677 899 2751 ipso
913 2693 947 2733 ac
967 2694 1030 2733 rua·
1083 2697 1144 2748 aar,
1161 2680 1197 2754 5).
1215 2680 1408 2736 hieremias:
1426 2701 1440 2729 «
1455 2679 1517 2735 tihi
1538 2679 1738 2752 peccavimus,
1762 2683 1914 2752 exspecta-

195 2774 238 2826 tre
253 2770 318 2842 eius
334 2769 469 2843 speretis,
486 2768 539 2842 qui
554 2784 624 2824 cum
639 2769 722 2824 Patre
745 2769 775 2821 et
793 2764 903 2838 Spiritu
925 2769 1028 2821 sancto
1085 2769 1124 2826 tio
1139 2767 1238 2838 israel,
1251 2769 1381 2824 salvator
1395 2768 1470 2840 ejus.
1488 2770 1584 2835 tiuare
1596 2769 1670 2824 sicut
1692 2768 1817 2824 colonus
1838 2768 1914 2824 lutu-

196 2859 266 2915 vivit
278 2863 307 2916 et
318 2859 424 2930 regnat
436 2861 522 2914 Deus.
535 2858 591 2913 Per
601 2854 704 2913 omnia
715 2854 827 2912 saeotda
837 2853 1026 2910 serculorum.
1083 2873 1135 2914 rus
1149 2874 1181 2914 es
1195 2858 1226 2913 in
1241 2861 1329 2928 terra,
1344 2861 1373 2913 et
1386 2857 1473 2930 quasi
1488 2857 1584 2913 viator
1606 2857 1760 2914 declinans
1784 2857 1823 2912 ad
1847 2873 1913 2912 ma-

195 2951 300 3003 Amen.
1050 2946 1240 3033 Gnendum‘i
1257 2948 1352 3013 Quare
1367 2945 1484 3001 iuturus
1499 2963 1530 3001 es
1546 2945 1632 3020 quasi
1646 2946 1692 3002 vir
1704 2962 1807 3018 uagus,
1820 2950 1848 3001 et
1858 2946 1915 3018 qui

267 3041 299 3092 iu
314 3035 412 3093 natale
425 3039 477 3091 tuo
489 3033 587 3104 uobis,
603 3033 653 3108 pia
668 3036 766 3102 ilater,
781 3032 895 3102 adesto,
1083 3051 1145 3093 non
1160 3040 1256 3110 potest
1272 3033 1387 3090 salvare
1399 3035 1518 3102 (dorent,
1534 3051 1592 3105 ιιι,
1608 3041 1635 3104 7,
1650 3038 1676 3106 8,
1692 3035 1730 3108 9).
1744 3057 1756 3084 ι

268 3126 392 3185 Virtutes
406 3139 532 3196 augens,
547 3124 706 3198 culparum
720 3123 855 3198 pondera
870 3123 981 3180 delens.
1119 3126 1205 3193 Quod
1218 3125 1496 3194 occidendusesset,
1511 3125 1601 3182 isaias
1611 3124 1721 3198 iuquit:
1734 3147 1747 3174 u
1759 3125 1838 3181 Sicut
1847 3124 1914 3179 ovis

516 3217 630 3272 SERMO
649 3216 707 3271 Vll.
1082 3216 1121 3272 ad
1136 3215 1317 3273 occisionem
1332 3211 1439 3270 ductus
1454 3218 1507 3284 est,
1524 3219 1552 3270 et
1574 3214 1662 3288 quasi
1685 3229 1783 3284 agnus
1807 3230 1914 3270 coram
1947 3275 1952 3284 ,

357 3316 510 3367 attiuhits
527 3315 596 3356 uuus
609 3315 658 3355 Est
674 3314 701 3354 nv
712 3313 866 3354 tttttttttss·
1083 3305 1223 3360 tondente
1238 3320 1268 3360 so
1284 3303 1347 3358 sine
1368 3319 1453 3373 voce,
1477 3301 1518 3358 sic
1540 3318 1602 3358 uon
1624 3303 1740 3376 aperuit
1763 3319 1798 3359 os
1821 3319 1915 3358 suum

231 3396 346 3466 lloyses
372 3390 436 3448 ait:
465 3411 479 3438 «
496 3394 528 3444 ln
542 3386 697 3462 principio
723 3385 790 3441 lecit
813 3388 890 3440 Deus
902 3381 905 3388 ’
919 3383 1027 3440 coelum
1083 3394 1150 3465 (isa.
1168 3408 1224 3464 niu,
1242 3398 1272 3460 t;
1288 3394 1356 3448 Act.
1372 3408 1432 3459 vui,
1449 3391 1503 3464 32).
1516 3413 1529 3440 ιι
1548 3390 1668 3447 Daniel:
1686 3383 1760 3445 «Vir
1775 3389 1913 3448 Gabriel:

197 3485 226 3537 et
237 3471 441 3548 terramtden.
457 3495 477 3550 1,
495 3478 530 3549 t).
548 3497 563 3527 ³>
587 3475 722 3547 Dixitque
747 3477 844 3529 Deus:
872 3473 1028 3546 ‹Sititlttts
1082 3485 1149 3538 Post
1161 3479 1372 3538 hebdomadas
1389 3479 1579 3553 septuaginta
1603 3479 1753 3538 occidetur
1776 3479 1914 3535 Christus

198 3568 315 3626 Domini
338 3565 503 3624 terrebatur
530 3579 621 3636 super
647 3578 742 3635 aquas
763 3561 862 3632 (totu,
877 3561 914 3634 i).
930 3584 943 3611 ιι
972 3564 1027 3616 Da·
1081 3571 1171 3643 (Dan.
1188 3587 1227 3642 ιι,
1244 3573 1299 3640 aa).
1315 3595 1330 3622 ι

196 3659 248 3716 lid
261 3656 377 3731 minist
394 3677 409 3706 “
423 3653 520 3710 Velim
533 3651 651 3708 Domini
674 3651 740 3706 00³ss
763 3650 871 3707 fiifflssli
897 3655 975 3718 sunt,
1000 3654 1029 3706 θῑ
1118 3661 1204 3730 Quod
1216 3664 1435 3718 resurrecturus
1448 3664 1535 3728 esset,
1553 3659 1646 3716 David
1656 3660 1714 3716 aii:
1730 3683 1742 3708 α
1756 3663 1832 3718 Caro
1843 3677 1915 3716 mea

198 3740 675 3822 SpiritUOPissel'fflOmniSl'il'iUS
704 3739 1026 3811 ³01'Uffllpidl·iti¹¹‚
1082 3751 1248 3826 requiescet
1261 3750 1293 3806 in
1305 3767 1357 3824 spe
1372 3749 1466 3820 (Psoi.
1481 3766 1530 3818 xv,
1546 3750 1583 3821 9),
1600 3772 1614 3800 »
1635 3754 1689 3806 etc.
1703 3753 1797 3806 item:
1829 3773 1842 3798 ι
1862 3753 1915 3807 ite-

197 3839 235 3911 d).
249 3855 266 3890 a
281 3837 373 3894 isaias
401 3833 441 3890 ait
457 3850 463 3888 :
485 3851 500 3886 e
516 3833 577 3900 ugo
592 3830 707 3903 primus
721 3832 749 3885 et
764 3844 820 3898 ego
834 3826 1026 3884 novissimus.
1082 3839 1206 3909 surrexi,
1222 3843 1250 3895 ei
1261 3839 1360 3895 adhuc
1375 3854 1442 3894 sum
1455 3842 1553 3894 tecum
1566 3838 1660 3910 (Psal,
1675 3855 1812 3908 cmviii,
1829 3841 1884 3911 ιιι),
1899 3863 1912 3886 ι

196 3933 299 3988 Manus
312 3937 437 4000 quoque
463 3936 532 3978 mea
552 3918 690 3974 fundavit
706 3922 825 3986 littam,
851 3921 880 3974 tt
905 3917 1028 3973 (letitia
1082 3929 1172 3984 Oseas
1189 3944 1196 3984 :
1215 3925 1405 3982 «Vivificabit
1419 3943 1474 3982 nos
1489 3925 1644 3999 postduos
1658 3927 1731 3994 dies,
1757 3931 1785 3984 et
1807 3928 1839 3982 in
1865 3927 1912 3982 die

195 4033 265 4076 mea
278 4016 438 4073 mentatst
450 4010 541 4068 (tithi
550 4011 619 4077 (litt-
632 4025 727 4078 iiiiii,
739 4012 781 4074 ii,
796 4008 847 4078 il).
861 4030 874 4056 t>
891 4009 923 4062 Et
936 4006 1026 4079 paulo
1081 4015 1165 4071 tertia
1180 4015 1337 4072 suscitabit
1351 4031 1417 4083 nos,
1432 4020 1460 4072 et
1472 4015 1607 4071 vivemus
1621 4015 1651 4071 in
1665 4019 1831 4090 conspectu
1845 4017 1912 4088 ejus

195 4110 287 4181 post:
305 4126 319 4156 «
334 4107 368 4160 Et
381 4117 462 4158 nuno
479 4098 622 4155 Dominus
638 4099 715 4153 licus
731 4095 810 4152 misit
824 4113 882 4164 me,
909 4099 935 4152 et
962 4095 1026 4168 Spi-
1082 4104 1156 4176 (Ore,
1172 4121 1210 4172 vi,
1228 4103 1264 4176 3).
1284 4127 1297 4154 ι

196 4197 269 4254 ritus
283 4195 348 4266 citis
364 4192 463 4264 (Ibida
482 4193 536 4245 tut.
550 4211 563 4238 ’t
588 4191 736 4259 dttssaettst
763 4186 918 4260 «Spiritus
940 4203 1025 4243 metis
1112 4191 1156 4251 lle
1176 4192 1301 4248 termino
1321 4191 1467 4249 adventus
1494 4193 1558 4264 ejus
1581 4195 1694 4266 Moyses
1724 4191 1771 4249 vel
1797 4193 1910 4250 israel:

196 4286 250 4343 erit
263 4284 294 4340 in
308 4281 407 4338 medio
424 4278 511 4335 vestri
536 4277 623 4348 (App.
641 4293 670 4347 n,
687 4278 723 4348 6).
741 4300 755 4327 ιι
775 4279 879 4332 Postea
895 4295 901 4331 ε
926 4299 940 4326 «
955 4279 1025 4333 Ecce
1080 4303 1094 4331 «
1109 4285 1174 4339 Non
1182 4280 1330 4337 auferetur
1338 4285 1488 4354 sceptrum
1501 4279 1634 4350 delude,
1650 4271 1912 4338 etduxdeiemore

195 4389 252 4446 ego
263 4369 461 4430 commovebo
477 4366 586 4422 cretum
601 4370 629 4421 et
644 4371 764 4434 terram,
781 4371 809 4422 et
831 4365 926 4422 vonict
944 4365 1024 4420 desi·
1079 4369 1247 4441 cjusdonec
1257 4369 1419 4442 veniatqui
1429 4369 1592 4425 mittendus
1605 4375 1657 4438 est,
1674 4370 1780 4443 etipse
1795 4371 1850 4426 erit
1862 4387 1911 4426 ex·

195 4463 315 4520 deratus
338 4456 452 4515 cunctis
471 4453 609 4526 gentibus
637 4454 733 4524 (iota,
760 4454 798 4526 ii.
818 4475 830 4502 ιι
859 4453 1022 4510 isodorus:
1079 4458 1221 4531 spectatio
1232 4457 1457 4529 gentiumtdeu.
1472 4474 1548 4528 ιιιιι,
1564 4461 1617 4518 tot.
1637 4482 1651 4508 »
1667 4447 1793 4514 Daniel:
1821 4482 1835 4506 t«
1850 4457 1910 4514 iid-

196 4575 210 4604 «
226 4550 358 4610 Christus
374 4562 410 4602 cs
426 4548 508 4599 i’atrc
529 4542 569 4598 ita
592 4541 722 4612 emicuit,
749 4541 827 4596 velut
851 4541 991 4614 splendor
1007 4557 1025 4598 a
1078 4547 1137 4602 huc
1148 4545 1341 4620 maloquente
1353 4546 1383 4602 iu
1394 4537 1539 4614 oratione,
1552 4546 1671 4603 eccevir
1682 4545 1911 4620 Gabriel,quem

193 4642 316 4708 lumino,
333 4636 412 4692 velut
436 4632 561 4690 verirum
574 4629 611 4687 ab
632 4647 693 4701 ore,
717 4630 797 4686 volut
819 4630 964 4703 sapientia
988 4648 1043 4700 eu¹
1078 4634 1911 4709 videraminvisioneaprincipio,citovolaustetigitnre

195 4732 294 4789 cordo.
313 4752 326 4778 ιι
594 4793 598 4802 Ι
1077 4723 1250 4796 intempore
1262 4723 1912 4798 sacriticiivespertini‚etdocuitme,etlocu-

229 4820 316 4889 osred
331 4814 495 4876 Christusa
514 4811 573 4868 Deo
590 4811 627 4866 sit
642 4811 759 4882 garritus
786 4811 878 4868 David
901 4811 1021 4885 inquit:
1078 4818 1125 4870 tus
1135 4813 1273 4881 estruihi,
1285 4812 1417 4886 dixitque
1432 4830 1438 4869 :
1458 4812 1570 4881 Daniel,
1587 4830 1815 4886 nuncegressus
1840 4833 1912 4872 sum

194 4935 207 4962 «ι
219 4911 363 4968 Dominus
374 4905 447 4962 dixit
457 4903 495 4959 ad
507 4918 555 4959 me
565 4919 571 4957 :
582 4899 671 4957 Filius
683 4917 808 4958 meuses
817 4907 858 4970 tu,
869 4917 925 4972 ego
934 4901 1023 4958 hodie
1078 4907 1111 4960 ut
1124 4903 1264 4960 docerem
1278 4907 1305 4959 te
1320 4907 1348 4960 et
1370 4901 1558 4974 intelligeres.
1582 4892 1627 4960 Ab
1648 4903 1772 4961 exordio
1782 4921 1912 4978 precum

194 4999 281 5070 gerini
305 5004 331 5054 tc
358 4995 453 5066 (Psat.
478 5009 508 5062 u,
522 4993 559 5064 i).
577 5013 590 5040 ιι
615 4991 757 5048 Salomon
780 4990 811 5046 in
833 4990 1021 5046 Proverbiis:
1079 4997 1198 5050 tuarum
1206 5009 1345 5064 egressus
1356 4995 1400 5048 est
1410 5008 1508 5048 sermo
1521 5009 1527 5046 ε
1540 5009 1596 5062 ego
1607 4997 1707 5050 autem
1717 4983 1786 5050 veui
1794 4999 1827 5050 ut
1835 4995 1914 5050 indi-

194 5112 207 5138 u
222 5090 292 5155 Quis
304 5085 438 5144 ascendit
449 5083 480 5139 in
494 5082 614 5146 omium,
640 5085 730 5154 atque
746 5079 924 5136 descendit?
952 5079 1023 5146 Quis
1077 5098 1176 5138 cerem
1193 5081 1255 5146 tibi,
1270 5081 1342 5156 quia
1356 5080 1398 5138 vir
1413 5080 1630 5139 desideriorum
1645 5099 1686 5138 es.
1702 5086 1744 5140 Tu
1758 5099 1831 5154 ergo
1847 5085 1912 5140 atri-

194 5178 337 5234 continnit
351 5174 486 5246 spiritum
499 5171 681 5228 inmanibus
695 5169 781 5226 suis?
795 5169 864 5235 Quis
876 5168 1024 5241 colligavit
1076 5170 1228 5227 madverte
1243 5185 1423 5238 sermonem,
1436 5174 1465 5225 et
1479 5167 1607 5242 intellige
1613 5171 1758 5228 visionem
1768 5191 1774 5228 :
1786 5173 1912 5247 Septua-

193 5279 288 5339 aquas
302 5263 389 5336 quasi
400 5261 596 5318 vestimento?
606 5259 676 5324 Quis
690 5257 959 5316 strscitavitomnes
969 5262 1023 5315 ter-
1076 5248 1158 5328 ginta
1170 5248 1378 5315 hebdomades
1392 5255 1648 5316 abbreviattesunt
1658 5276 1748 5334 super
1758 5258 1911 5336 populum

192 5355 291 5411 minos
304 5357 388 5408 toruo
401 5368 407 5417 ;
422 5347 509 5414 Quod
522 5363 634 5404 nomen
647 5353 691 5404 est
704 5347 741 5416 ei,
757 5351 786 5404 et
805 5347 888 5420 quod
910 5363 1021 5404 nomen
1075 5350 1171 5416 tuum,
1196 5351 1224 5404 ot
1237 5364 1326 5422 super
1344 5343 1450 5404 urbem
1465 5352 1612 5420 sanctam,
1634 5366 1667 5405 ue
1681 5357 1911 5408 consummetur

192 5443 332 5514 tilii'ejus,
350 5438 373 5494 si
388 5437 488 5493 nosti?
503 5435 604 5508 (Pron.
619 5454 689 5508 xxa,
703 5437 741 5510 4.)
760 5461 773 5486 ι
789 5435 899 5492 isaias:
915 5459 927 5484 ι
942 5439 1021 5492 Nun·
1076 5433 1423 5516 praevaricatioetfinem
1434 5435 1912 5510 accipiatpcccatum,ctdcleatur

191 5533 264 5608 quid
275 5531 326 5604 qui
342 5528 415 5585 alim¹
431 5542 534 5599 viatura
550 5525 637 5594 t'acio,
653 5525 660 5582 i
666 5543 717 5598 pse
731 5542 793 5582 riori
808 5525 936 5598 pariam,
950 5513 1021 5580 dicit
1076 5523 1227 5596 iniquitas,
1250 5529 1278 5581 ct
1292 5523 1460 5580 adducatur
1472 5524 1585 5594 justitia
1601 5525 1794 5599 sempiterna,
1810 5535 1839 5586 et
1854 5530 1909 5584 im-

192 5618 359 5680 Dominus?
376 5621 408 5673 iit
422 5614 472 5688 qui
488 5615 709 5684 gottorutioucm
727 5614 791 5672 aliis
807 5614 917 5686 tribuo,
935 5613 1018 5669 steri·
1077 5613 1194 5686 pleatur
1208 5612 1280 5670 visio
1296 5619 1324 5670 et
1337 5611 1505 5688 prophetia,
1517 5619 1546 5670 et
1558 5619 1687 5686 ungatur
1698 5616 1827 5675 Sanctus
1837 5635 1908 5676 san-
