3998 6182
137 107 191 162 sir
619 77 763 162 ’011111
781 106 829 161 in
849 103 1035 161 aoeaaruu
1052 104 1180 160 neser.
1201 135 1236 146 -
1254 107 1366 164 1011.
1800 112 1852 170 sie

136 227 206 284 silio
220 228 466 301 praesumpserint
480 227 729 300 ageretcarotum
742 245 840 301 regem
853 227 966 300 secere)
986 231 1007 284 Α
1024 227 1169 302 dinesque
1184 245 1279 287 novas
1294 231 1408 305 populo
1431 246 1494 288 non
1519 231 1673 306 infligeret,
1697 249 1796 309 neque
1808 237 1852 294 ul-

133 333 255 374 morem
272 321 454 374 Francorum
469 318 563 388 gentis
579 318 688 376 asserit
701 323 818 376 secutos
838 334 870 375 se
894 317 967 374 iuis·
1021 317 1084 374 lam
1095 333 1208 376 novam
1223 320 1527 395 ordinationemque
1540 321 1699 394 pertineret
1724 324 1764 381 ad
1785 341 1852 400 spo

134 421 180 476 se,
195 421 326 479 quorum
341 421 407 462 mos
420 421 538 480 semper
551 405 639 464 luerit
652 411 694 476 ut,
709 424 779 481 rege
794 408 966 476 decedente,
1022 406 1106 464 lium.
1124 431 1138 459 >r
1154 411 1187 466 Et
1206 409 1404 481 leodegarius
1431 409 1712 481 Augustodunebsis
1725 414 1851 487 episco-

133 495 232 553 alium
245 495 283 552 dc
295 495 374 567 regis
388 495 478 569 stirpe
488 496 535 553 vel
544 497 741 567 successione,
757 498 819 556 sine
831 501 969 572 respectu
1022 512 1080 570 pus
1096 498 1299 556 childericum
1314 500 1513 556 monarcham
1536 501 1717 556 Francorum
1739 504 1852 573 arguit,

132 583 185 642 vel
195 583 424 657 interrogatione
448 586 630 660 cujusquam
655 588 779 660 majoris
800 591 968 661 autpoten-
1022 585 1106 658 quod
1119 587 1195 658 leges
1209 594 1237 645 11
1250 589 1476 646 consuetudines
1488 589 1616 658 patrias,
1640 604 1715 660 quos
1734 605 1852 648 conser-

133 672 221 730 tioris
235 673 313 742 regis
328 673 479 745 eligerent.
502 697 516 726 »r
1023 690 1095 733 1111
1105 684 1300 747 praeeperat,
1318 684 1378 735 tum
1392 679 1489 735 subito
1515 679 1709 735 immutasset.
1729 679 1853 738 Carolus

133 781 458 856 (111)(111131111311,
484 785 620 856 pandura
649 786 809 842 virtutibus
840 787 969 856 imperat
1023 781 1145 838 quoque
1174 765 1279 823 Calvus
1304 783 1383 824 anno
1409 771 1471 836 869,
1498 767 1576 824 Motis
1601 768 1795 825 coronandus
1822 769 1852 825 in

828 876 931 948 [ma
1023 852 1148 910 ecclesia
1164 855 1263 911 Sancti
1287 855 1438 929 Stephani,
1468 857 1581 913 cunctis
1607 855 1851 914 lothariensibus

174 965 209 1018 Et
222 961 275 1036 qui
292 977 421 1032 regnum
448 962 523 1020 fflud
548 966 731 1021 Francorum
753 963 838 1035 regit,
866 963 967 1020 mulps
1022 943 1075 1016 qui
1090 942 1453 1001 aderantdenuntiavitse
1467 946 1627 1020 unicuique
1640 963 1764 1004 suorum
1778 946 1851 1004 fide-

132 1051 968 1126 magnjsqugvirmfjbuspfoedifflfflpacbenejusteque
1021 1031 1095 1088 lium
1111 1031 1141 1088 in
1157 1050 1212 1090 suo
1234 1034 1349 1104 ordine,
1374 1035 1541 1090 secundum
1565 1035 1622 1092 sibi
1648 1039 1850 1110 competentes

132 1142 274 1216 imperat,
290 1143 358 1198 flaee
370 1141 408 1198 dg
420 1141 549 1200 poberto
562 1142 630 1218 ipso
646 1158 716 1214 ,030
733 1146 914 1200 &ancorum
929 1142 969 1199 ab
1021 1118 1113 1190 leges,
1129 1124 1191 1177 tam
1206 1120 1422 1178 ecclesiasticas
1436 1137 1529 1194 quam
1549 1123 1730 1191 mundanas,
1752 1123 1850 1194 legem

132 1229 324 1288 Adalherone
336 1230 486 1288 dicuntur,
1023 1212 1051 1265 et
1062 1210 1209 1280 justitiam
1223 1215 1483 1280 conservaturum,
1497 1211 1636 1268 Ludovici
1655 1213 1720 1284 ejus
1732 1211 1785 1268 filii
1797 1229 1850 1269 an-

133 1341 214 1408 (111)
232 1339 374 1397 Nouimus
382 1339 541 1410 imperium
548 1341 616 1410 jum
624 1341 808 1412 repibusesse
816 1341 965 1411 fugatum.

174 1446 290 1504 Scimus
304 1445 499 1520 imperatores
514 1463 533 1504 a
546 1447 667 1518 regibus
681 1449 863 1504 Francorum
875 1446 905 1503 in
920 1446 967 1504 iu·

134 1550 209 1606 gam
225 1536 376 1608 conjectos
388 1540 416 1592 et
427 1535 538 1592 finibus
553 1537 615 1592 suis
630 1537 771 1610 expulsos
786 1552 862 1593 esse.
879 1535 968 1594 Nimi-

133 1642 205 1682 rum
232 1641 313 1683 1110
335 1629 386 1682 918
407 1625 572 1694 lotharius,
600 1629 783 1683 Francorum
804 1641 866 1694 rex,
883 1625 967 1682 blatis

133 1715 274 1789 receptis,
290 1730 360 1770 cum
374 1730 487 1786 magno
500 1715 629 1772 exercitu
642 1717 680 1772 de
690 1715 853 1789 improviso
869 1731 969 1789 super-

132 1803 273 1874 veniens,
286 1803 497 1876 imperatorem
512 1805 649 1861 ottonem
668 1804 819 1861 iuniorem
835 1820 872 1860 ex
883 1802 968 1877 pala-

132 1893 178 1949 tio
194 1892 376 1966 Aquisgrani
390 1908 451 1950 una
463 1909 532 1949 cum
547 1893 674 1964 conjuge
688 1892 848 1967 profugere
860 1892 966 1962 coegit.

135 1983 237 2048 Quem
259 1981 366 2039 codem
380 1997 461 2038 auno
481 1996 550 2040 cum
565 1981 719 2053 sexaginta
738 1981 871 2038 millibus
889 1981 968 2051 miii-

134 2073 202 2126 tum
218 2070 373 2128 franciam
395 2071 573 2141 ingressum,
603 2075 631 2127 et
654 2074 826 2139 Remorum,
849 2069 968 2127 haudu-

130 2158 277 2215 nensium
293 2173 328 2214 ac
341 2159 536 2216 Suessionum
546 2159 967 2232 agrisvastatis,iutetiesuh-

129 2247 287 2305 urbanum
310 2247 470 2305 incendere
498 2265 618 2319 ausum,
633 2265 695 2322 rex,
713 2251 839 2320 Hugone
859 2248 967 2306 comite

129 2335 314 2394 Parisiorum
329 2341 358 2394 et
371 2338 499 2395 ilenrico
512 2338 588 2395 duce
605 2337 967 2409 Burgundionummaxi·

128 2427 254 2500 misque
277 2426 371 2500 copiis
384 2427 487 2496 fretus,
513 2427 616 2498 lugere
631 2426 786 2501 compulit,
801 2441 857 2484 nee
869 2442 967 2500 usque

129 2515 174 2573 ad
188 2518 327 2574 Axonam
342 2515 435 2574 modo
464 2518 697 2585 Suessionicum,
723 2516 774 2573 uhi
796 2516 917 2591 plurimi
938 2516 968 2573 vi

128 2603 267 2662 fluminis
281 2605 421 2679 oppressi
435 2605 597 2678 perierunt,
626 2606 679 2662 sed
700 2605 791 2662 etiam
816 2604 969 2679 usquead

129 2693 251 2750 Mosam
265 2691 401 2767 finesque
414 2693 499 2766 regni
514 2693 646 2750 11110101
662 2692 761 2750 triduo
781 2697 810 2750 et
830 2693 967 2751 trinoctio

130 2782 347 2855 imperatorem
363 2782 585 2854 estiusecutus,
614 2785 647 2838 ut
667 2782 866 2852 1111111111,
886 2781 967 2853 Sige-

128 2871 248 2941 bertus,
271 2870 444 2928 Guillelmus
465 2871 678 2942 Nangiaeeusis
704 2871 862 2946 securique
883 2871 968 2929 chro-

129 2960 285 3035 nographi
311 2959 443 3018 uadunt.
474 2960 530 3018 Sed
553 2964 582 3017 et
609 2976 691 3018 anno
717 2964 785 3018 10116
809 2947 1008 3020 hotbertusC

130 3050 213 3125 ipse,
229 3052 411 3107 Francorum
423 3065 486 3121 rex,
509 3049 657 3108 Richardo
681 3053 704 3106 ll
725 3053 968 3108 dormannorum

130 3139 212 3196 duce
222 3138 393 3206 comitatus,
409 3137 569 3195 llenricum
590 3137 804 3212 imperatorem
825 3138 865 3196 ab
888 3138 968 3196 obsi-

130 3227 225 3284 dione
252 3225 494 3284 valentianorum
522 3227 661 3292 excussit,
682 3227 764 3301 quod
779 3231 921 3296 castrum,
937 3227 968 3283 in

131 3314 266 3373 confinio
279 3317 465 3374 Francorum
479 3321 508 3374 et
529 3315 758 3374 botharensium
780 3317 880 3386 situm,
905 3315 969 3374 Bal-

130 3404 246 3462 duinus
258 3404 486 3462 Flandrensium
500 3419 604 3463 comes
619 3405 778 3464 invaserat.

131 3515 210 3586 (ino)
230 3513 336 3572 (1111111
347 3529 429 3571 nunc
446 3527 570 3585 summo,
587 3529 643 3586 per
668 3530 753 3588 quern
775 3529 966 3587 1101011111-

129 3692 202 3749 1101
214 3691 327 3749 meritis
340 3692 467 3749 conredo
481 3692 562 3758 meir,
578 3695 633 3749 etc.
794 3605 900 3676 [rom

169 3799 284 3858 Gratias
296 3815 354 3871 ago
369 3803 439 3870 1110,
452 3800 506 3874 qui
517 3815 567 3857 me
581 3815 682 3872 regem
697 3799 776 3869 iecit,
801 3816 855 3874 per
874 3815 965 3874 quem

131 3891 214 3960 vivo,
227 3906 386 3965 perquem
400 3905 504 3960 regno.
522 3893 623 3964 Neque
636 3889 717 3946 enim
741 3890 853 3947 meritis
881 3890 967 3960 meis,

132 3997 203 4055 quae
217 3979 302 4037 nulla
315 3983 384 4036 sunt
398 3983 450 4036 aut
464 3978 584 4050 exigua,
600 3983 718 4036 tantum
740 3978 851 4049 tribuo,
876 3982 909 4034 ut
922 3994 968 4034 ra-

133 4085 230 4142 gnum
246 4068 288 4125 eis
302 4068 412 4126 debere
427 4085 475 4126 me
491 4073 604 4142 putem.
621 4068 689 4123 llaec
704 4067 798 4124 rerba
814 4072 885 4124 sunt
897 4067 968 4142 piis-

134 4158 205 4216 simi
217 4159 297 4231 regis
321 4174 356 4215 ao
382 4157 602 4215 demississime
628 4156 665 4214 de
677 4173 709 4213 se
720 4157 872 4214 sentientis
900 4159 969 4214 Rot-

132 4249 220 4321 berti,
234 4249 287 4322 qui
301 4247 340 4306 ab
353 4248 497 4320 Helgaldo
514 4252 673 4322 propterea
696 4263 750 4304 retr
773 4248 905 4316 humilis,
922 4247 966 4303 in-

125 4337 296 4396 ·terdumet
308 4338 494 4395 humillimus
505 4336 683 4411 appellatur.
704 4335 786 4393 Unde
803 4335 966 4392 adalbero-
987 4307 1007 4360 Β

133 4443 209 4485 nem
223 4426 259 4484 de
273 4426 372 4484 forma
385 4431 415 4484 et
427 4427 535 4484 virtute
551 4442 608 4483 sua
622 4425 709 4500 plura
718 4427 817 4483 dicere
829 4424 968 4500 probibet

1022 1301 1126 1354 101177
1140 1297 1171 1354 iu
1180 1298 1291 1371 palatio
1307 1299 1493 1372 compendio
1505 1299 1679 1368 coronandi,
1693 1299 1851 1373 promissio

1023 1387 1062 1446 ad
1074 1387 1232 1460 episcopos
1247 1388 1313 1445 talis
1325 1391 1390 1445 est:
1407 1411 1422 1438 «
1438 1389 1577 1446 Promitto
1602 1392 1630 1445 et
1652 1387 1788 1462 perdono
1802 1405 1852 1445 vo·

1022 1476 1068 1533 bis
1089 1477 1162 1550 quia
1189 1477 1349 1551 unicuique
1376 1479 1413 1534 de
1437 1477 1536 1550 vobis,
1560 1482 1589 1534 ct
1612 1476 1749 1534 Ecclesiis
1768 1477 1852 1534 vobis

988 1595 1008 1649 B
1023 1566 1191 1623 commissis
1206 1567 1386 1623 canonicum
1400 1565 1601 1639 privilegium,
1621 1571 1649 1623 et
1662 1565 1797 1624 debitam
1813 1567 1853 1623 lc·
1895 1590 1900 1600 ·

1022 1673 1091 1729 gem
1104 1659 1194 1730 atque
1204 1657 1351 1728 justitiam
1364 1656 1553 1712 conservabo
1579 1661 1608 1714 et
1633 1656 1850 1726 detonsionem,

1021 1750 1168 1822 quantum
1184 1750 1319 1819 potuero,
1334 1745 1495 1818 adjuvante
1510 1744 1648 1818 Domino,
1664 1745 1851 1802 exhibebo.»

1022 1835 1166 1892 Eamdem
1177 1834 1209 1891 in
1221 1833 1317 1891 tribus
1332 1833 1485 1890 codicibus
1499 1833 1648 1889 veteribus
1669 1849 1776 1904 regum
1800 1849 1852 1890 no

1022 1928 1151 1980 strorum
1165 1923 1392 1997 responsionem
1406 1921 1446 1979 ad
1461 1922 1617 1995 episcopos
1628 1921 1851 1996 reperiendam

1021 2012 1195 2085 eisdemque
1208 2011 1306 2068 verbis
1321 2015 1466 2084 concepta
1479 2014 1523 2067 est
1535 2011 1674 2082 Philippi
1685 2011 1849 2085 septennis,

1022 2117 1093 2157 mox
1106 2101 1196 2157 futuri
1209 2101 1287 2171 repis
1301 2101 1501 2170 Francorum,
1513 2114 1594 2156 anno
1609 2099 1725 2170 11151111
1735 2100 1850 2171 majore

1021 2191 1150 2247 Ecclesia
1164 2193 1326 2247 Remorum
1340 2189 1487 2263 professio
1501 2207 1509 2257 3
1533 2188 1585 2262 qui
1600 2193 1628 2246 et
1641 2189 1726 2246 addit
1737 2189 1851 2262 populo

1021 2279 1078 2336 sibi
1092 2280 1204 2336 credito
1217 2295 1248 2334 se
1260 2277 1517 2352 dispensationem
1530 2277 1631 2349 legum
1650 2279 1681 2334 in
1708 2293 1763 2335 suo
1783 2279 1851 2349 jure

1021 2369 1233 2426 consistentem
1262 2383 1317 2424 sna
1344 2366 1517 2425 auctoritate
1546 2383 1770 2436 concessurum,
1792 2367 1850 2424 hoc

1022 2461 1074 2525 est,
1095 2459 1128 2514 ut
1144 2459 1225 2512 Boso
1248 2471 1301 2512 rex
1320 2455 1494 2524 designatus
1521 2455 1570 2522 ait,
1591 2456 1726 2511 omuibus
1757 2457 1849 2526 113111

1021 2546 1169 2616 justitium
1181 2551 1333 2602 etcertum
1348 2542 1595 2601 mundiburdium
1619 2548 1809 2599 sanaturum
1822 2549 1850 2600 et

1022 2637 1236 2706 impensurum.

1023 2762 1098 2835 (118)
1116 2765 1180 2820 Les:
1190 2761 1294 2818 diviua
1307 2765 1471 2832 celatque
1484 2758 1609 2830 corripit
1618 2757 1697 2814 iuter
1709 2761 1852 2829 utrasque

1022 2889 1102 2946 Alias
1117 2888 1225 2959 legitur
1239 2885 1472 2960 superscriptum
1487 2903 1495 2942 ι
1515 2885 1580 2942 Lex
1593 2887 1636 2940 111
1650 2898 1712 2941 una
1724 2889 1827 2940 uetans
1839 2899 1852 2956 ,·

1022 2977 1220 3036 minusbene.

1023 3089 1097 3161 (1111)
1120 3087 1197 3145 Utile
1211 3099 1334 3158 pureque
1345 3085 1545 3141 necessarium
1558 3082 1697 3152 conferre
1707 3081 1827 3138 uidetur
1840 3099 1852 3140 .·

1018 3279 1022 3294 .
1060 3215 1131 3280 Quae
1145 3211 1214 3268 utile
1229 3213 1320 3284 atque
1333 3207 1538 3266 necessarium
1551 3206 1670 3264 ridetur
1684 3205 1829 3262 conferre.

1023 3322 1098 3394 (1311)
1116 3319 1166 3376 Ad
1179 3335 1226 3376 res
1233 3318 1385 3389 pertineat
1396 3317 1501 3387 plures
1516 3329 1581 3388 qua
1595 3327 1711 3384 semper
1721 3313 1851 3385 honeste,

1021 3411 1143 3467 Fortior
1155 3415 1183 3466 11
1196 3420 1402 3480 quercuumque
1414 3404 1595 3478 pravissime
1610 3403 1659 3474 sit,
1676 3407 1828 3460 teneamus
1837 3416 1853 3462 ,·

1057 3521 1130 3574 Fam
1142 3515 1240 3587 legem
1254 3531 1322 3588 quae
1336 3514 1378 3571 ad
1386 3512 1475 3588 plura
1489 3511 1645 3588 pertineat,
1660 3515 1689 3568 ct
1701 3509 1804 3568 tortior
1815 3525 1851 3568 ao

1021 3607 1139 3680 gravior
1151 3605 1197 3676 sit,
1211 3605 1337 3662 honesta
1351 3618 1472 3676 semper
1482 3605 1647 3660 teneamus.

1021 3730 1096 3804 (131)
1118 3731 1255 3802 Undique
1265 3745 1331 3800 pas
1347 3730 1424 3786 lona
1441 3733 1511 3799 post
1538 3727 1852 3880 rutumissabpostque

1686 3827 1705 3867 0
1725 3823 1813 3866 ores:

1021 3909 1061 3963 Et
1073 3911 1168 3963 status
1180 3905 1322 3962 Ecclesia
1332 3919 1388 3974 per
1401 3918 1431 3959 se
1440 3917 1495 3958 suu
1504 3902 1581 3970 juro
1596 3896 1714 3954 tenebit.

1058 4026 1427 4102 Optathdalberopacem
1452 4036 1546 4094 regno
1571 4022 1757 4077 Francorum
1784 4021 1852 4092 post

1022 4119 1101 4176 bella
1113 4116 1210 4174 civilia
1221 4119 1249 4172 et
1262 4113 1375 4188 proelia,
1392 4117 1424 4170 ut
1439 4110 1569 4169 Ecclesia
1582 4108 1624 4166 ibi
1638 4108 1785 4182 floreat,et
1795 4123 1852 4166 sua

1024 4209 1080 4266 sibi
1088 4209 1157 4280 jura
1173 4203 1405 4277 servarepossit.

1024 4317 1095 4390 (131)
1114 4314 1298 4384 Descriptus,
1312 4317 1340 4368 11
1352 4327 1412 4368 nou
1425 4311 1504 4369 clins
1516 4309 1687 4380 respublica
1702 4309 1779 4380 leges

1022 4404 1210 4464 Possideat...

136 4531 233 4592 supra
248 4535 254 4573 :
1058 4511 1194 4570 Habeant
1209 4525 1279 4567 suas
1296 4508 1352 4566 sibi
1366 4509 1447 4579 leges
1462 4507 1629 4579 descriptas
1644 4501 1759 4569 Franci,
1786 4515 1852 4556 aas·

134 4610 179 4665 De
193 4607 294 4678 sonna
309 4607 382 4664 salis
397 4611 439 4664 est
454 4611 482 4663 11
496 4605 533 4662 de
544 4607 656 4663 uirtute
671 4606 812 4662 locutum.
1022 4618 1090 4678 que,
1105 4605 1133 4659 et
1147 4601 1245 4658 nullas
1261 4599 1334 4657 alias
1349 4601 1474 4656 servent.
1488 4596 1654 4664 Descripta
1673 4590 1720 4646 vel
1735 4588 1852 4661 scriptae

171 4692 855 4768 QuodloquendigenusGalloFrancisnostris
868 4693 969 4750 bodie·
1023 4695 1099 4765 tapes
1115 4695 1185 4748 sunt
1200 4693 1258 4748 Lex
1272 4692 1408 4746 Romana
1432 4687 1482 4760 (ita
1504 4684 1606 4741 Codex
1626 4676 1852 4737 theodosianus

134 4783 242 4858 quein
257 4799 317 4839 usu
331 4786 385 4840 est.
401 4783 477 4840 Uest
492 4797 572 4839 assez
584 4781 674 4852 purte
684 4782 720 4839 de
735 4783 809 4840 11111.
827 4783 899 4838 ltem
912 4781 966 4839 eit:
1021 4781 1198 4854 vocabitur),
1215 4783 1273 4836 Lex
1289 4778 1385 4836 Salica
1401 4791 1471 4833 cum
1485 4770 1627 4846 Capitulis
1636 4767 1731 4826 Caroli
1743 4765 1851 4865 llagni,

134 4873 221 4931 Scire
234 4887 331 4929 meum
346 4873 425 4929 nihil
434 4877 477 4929 est
491 4887 502 4929 .·
516 4887 632 4942 semper
645 4872 697 4929 sed
710 4872 840 4929 numinis
856 4873 939 4930 almi.
1023 4871 1147 4945 ejusque
1161 4869 1213 4925 tilii
1228 4873 1256 4923 et
1270 4865 1386 4939 nepotis
1402 4861 1508 4932 caroli,
1535 4877 1571 4916 ac
1593 4861 1651 4913 Lex
1671 4853 1855 4924 Burgundio-

136 4963 213 5035 (117)
235 4963 272 5019 Ut
286 4962 370 5019 uobis
386 4963 475 5020 liceat
490 4963 568 5034 11311
580 4977 701 5019 iuuare
712 4968 868 5034 pateruae.
1022 4960 1149 5017 monum
1163 4958 1194 5014 in
1206 4971 1300 5026 regno
1315 4950 1544 5010 occidentalium
1559 4949 1753 5044 Francorum,
1769 4943 1854 5044 quod

177 5049 273 5108 Flexis
288 5049 416 5121 genibus
431 5050 558 5124 supplex
571 5053 666 5108 Deum
681 5067 800 5125 semper
813 5067 876 5120 oro,
893 5053 969 5124 tepea
1022 5053 1087 5106 tum
1098 5045 1291 5122 Aquitaniam
1305 5047 1334 5100 11
1347 5059 1384 5099 ex
1398 5044 1483 5115 parte
1495 5033 1701 5107 Burgundiam
1723 5039 1854 5090 contine·

137 5147 172 5198 ut
186 5141 304 5211 patrius
328 5155 449 5199 seruare
473 5139 599 5215 possim,
624 5143 655 5196 11
673 5139 712 5197 ab
733 5141 876 5198 omnibus
896 5157 970 5197 mess
1023 5139 1085 5196 bat.
1093 5134 1222 5193 Ecclesia
1236 5147 1298 5205 prae
1309 5130 1421 5188 ceteris
1436 5132 1512 5199 Lege
1525 5129 1731 5194 immenasas
1745 5121 1853 5180 Codice

29 5281 34 5294 2
136 5229 243 5288 ditioni
258 5229 385 5288 subditis
401 5229 565 5287 servandas
584 5245 697 5298 curem,
721 5246 778 5286 nec
800 5230 840 5286 ab
862 5229 904 5287 eis
918 5245 971 5286 un·
1024 5224 1245 5292 Theodosiano,
1260 5220 1439 5292 regebatur;
1455 5215 1529 5275 Gabi
1542 5213 1789 5289 quoquatuanci
1802 5211 1855 5271 lai-

28 5386 30 5390 ,
136 5335 233 5396 quam
247 5320 396 5389 recedam,
410 5319 570 5394 recadique
585 5318 693 5393 patiar,
708 5318 805 5392 inquit
818 5319 973 5394 rexnpud
1026 5315 1052 5373 ci
1067 5317 1142 5384 Lege
1158 5311 1253 5369 Salica
1267 5313 1296 5367 et
1310 5308 1452 5382 Capitulis
1467 5307 1494 5364 ei
1512 5304 1621 5363 additis
1633 5303 1673 5361 ab
1694 5304 1855 5378 imperato·

32 5463 37 5473 ,
138 5409 325 5480 Gregorium,
349 5409 400 5466 lib.
429 5427 468 5480 ix,
493 5426 560 5484 cap.
591 5413 625 5466 ³0
648 5425 654 5464 ε
676 5431 690 5458 «
709 5408 882 5466 Charibcrto
910 5409 973 5480 regi
1025 5407 1109 5464 ribus
1123 5402 1232 5460 nostris
1254 5400 1434 5470 utebantur;
1464 5396 1692 5469 Burgundiones
1715 5393 1776 5450 suis
1800 5408 1855 5448 seu

136 5498 272 5575 populus
290 5499 454 5557 linonicus
477 5501 699 5556 sacramentum
726 5495 817 5566 dedit,
841 5495 974 5553 similiter
1027 5492 1207 5554 Gundebadi
1230 5489 1357 5562 legibus.
1383 5491 1475 5560 Leges
1500 5491 1600 5544 autem
1627 5482 1779 5551 11111111
1792 5496 1855 5538 non

38 5636 41 5644 .
137 5587 229 5647 stille
242 5604 313 5646 cum
324 5589 497 5662 juramento
510 5586 646 5662 promisit
659 5591 693 5645 ut
710 5587 791 5658 leges
816 5589 974 5644 consuetu
1029 5585 1157 5659 scriptae,
1178 5584 1323 5640 vocantur
1343 5578 1383 5638 ab
1406 5576 1594 5635 adalberone
1618 5571 1853 5641 consuetudines,
