3998 6182
201 195 254 252 919
797 182 954 244 nonaum
973 179 1076 240 REGIS
1096 183 1320 244 rnanconuu.
1570 181 1572 184 ’
1875 187 1921 242 aaa

201 318 425 376 consecraretur
441 311 564 383 sanguis
576 311 694 370 Domini
709 311 803 370 nostri
815 312 887 368 Jesu
912 306 1028 366 Christi.
1050 309 1106 366 Aa
1121 308 1234 366 cunctis
1249 313 1278 366 et
1290 325 1409 382 semper
1423 313 1553 367 amatus.
1565 307 1615 365 Die
1627 310 1735 366 autem
1751 307 1920 382 primone

200 409 342 467 iunxerat
355 420 386 460 se
402 406 484 460 tanto
506 403 642 476 pontifici
653 420 705 460 rex
719 405 818 460 mente
840 399 957 460 humili.
981 396 1033 470 qui
1086 395 1161 453 fecta
1175 397 1382 456 benedictione
1395 397 1534 468 mirabili,
1549 403 1635 473 pater
1654 399 1752 454 latus·
1768 397 1872 453 factus
1893 398 1921 454 de

202 510 333 570 superno
352 497 449 550 tactus
461 507 564 549 amore
590 493 659 550 fecit
672 493 703 549 in
717 492 783 566 ipso
812 492 917 547 sancto
940 485 1033 543 calice
1085 483 1156 554 tilio,
1171 487 1342 545 exsultabat
1359 487 1471 559 gaudio
1496 487 1654 545 immenso.
1673 485 1868 544 Admonitio
1880 503 1920 560 pa

200 589 343 659 patenam
355 580 395 638 ad
406 579 629 638 conficiendum
642 580 718 638 inea
731 596 841 654 corpus
855 577 1034 649 Redempto·
1086 573 1137 631 tris
1152 575 1246 633 codic
1261 575 1328 634 talis
1344 577 1423 634 facta
1436 581 1482 634 est
1491 577 1524 633 in
1538 576 1599 634 illio
1614 575 1696 634 bono
1714 593 1724 632 t
1745 598 1764 626 e«
1781 574 1868 642 tude,
1881 576 1920 643 aa

199 671 240 727 ris
251 667 371 742 mundi,
386 673 419 725 ut
431 673 509 726 esset
522 668 549 726 ei
568 669 664 727 crucis
681 668 871 741 signaculum
893 666 924 722 in
948 661 1032 722 auxi·
1087 679 1205 739 semper
1220 665 1260 721 sis
1273 681 1391 723 memor
1402 665 1463 734 Dei,
1474 665 1527 740 qui
1541 669 1568 723 te
1582 665 1670 722 hodie
1682 664 1921 738 participemsui

198 759 274 816 lium
290 764 319 816 et
334 757 555 832 sanctepassio
570 774 643 816 vera
661 757 770 815 animae
801 756 959 828 carnisque
985 769 1032 811 re·
1086 752 1155 810 fecit
1168 754 1263 825 regni,
1279 758 1312 811 ut
1325 754 1472 828 aequitatis
1487 758 1515 812 et
1525 755 1645 827 justitiae
1658 754 1689 811 in
1706 753 1838 811 semitis
1856 753 1921 810 dele·

199 848 344 922 demptio.
361 846 559 905 Nihilominus
574 852 602 905 et
615 848 764 904 domnum
777 844 1034 917 Odolricumepis-
1086 843 1182 900 cteris.
1195 843 1291 912 Quod,
1302 860 1415 918 quasso,
1423 844 1565 902 attribuat
1574 843 1740 902 mintbsus
1751 849 1788 901 ut
1802 838 1919 912 videam,

200 953 312 1010 copum
327 935 359 991 in
372 935 550 993 sacerdotali
560 935 738 993 vestimento
752 934 793 990 sic
817 931 983 996 honoravit,
1001 935 1036 989 ut
1086 935 1114 988 ct
1129 931 1181 988 tibi
1197 936 1230 989 ut
1240 932 1334 990 facias
1344 934 1432 1005 iuxta
1445 931 1512 1006 aius
1526 931 1729 1002 voluntatem,
1747 949 1824 1006 quas
1838 935 1921 990 omni

201 1030 305 1082 astans
318 1025 347 1080 in
364 1023 510 1081 sacrificio
523 1024 641 1082 Domini
669 1024 878 1081 circumtectus
898 1038 934 1078 ex
950 1020 1034 1077 omni
1085 1020 1145 1077 bus
1160 1019 1400 1080 desiderantibus
1413 1037 1481 1080 eam
1493 1037 1611 1096 semper
1622 1021 1723 1080 adest.
1742 1043 1758 1073 ιι
1776 1022 1858 1079 luter
1870 1021 1919 1080 bet

200 1118 286 1188 parte
302 1128 377 1170 auro
406 1116 435 1170 et
461 1127 597 1186 purpura
621 1111 782 1169 videretur.
811 1109 968 1168 Urceolum
997 1124 1034 1165 ex
1086 1108 1192 1166 festiva
1205 1110 1352 1168 solemnia
1361 1110 1486 1184 quidam
1503 1110 1690 1183 clericorum,
1704 1126 1833 1168 vesano
1846 1112 1920 1168 corde

201 1200 342 1260 onichino
358 1200 482 1272 factum,
497 1200 580 1274 quod
595 1203 824 1274 comparaverat
849 1214 901 1255 rex
925 1196 1035 1253 ditissi-
1088 1198 1249 1256 meditatus
1262 1198 1722 1275 perversa,acceleratperficere
1734 1215 1787 1257 ea.
1798 1200 1917 1274 Speciem

200 1306 270 1347 mus
283 1289 379 1364 pretio
394 1305 430 1345 ux
445 1287 600 1357 librarum,
617 1289 725 1345 iterum
735 1287 791 1361 ipsi
803 1291 914 1343 sanctie
933 1285 1034 1343 Crucis
1086 1287 1167 1344 cervi
1180 1304 1218 1345 ex
1232 1291 1356 1360 argento
1370 1305 1455 1345 mero
1468 1289 1538 1346 facti
1557 1289 1602 1345 vir
1617 1287 1668 1346 Dei
1682 1288 1812 1346 babens
1828 1289 1858 1346 in
1871 1291 1917 1346 tbe·

200 1378 268 1435 loco
283 1376 407 1435 contulit
422 1376 512 1434 simul
525 1377 661 1434 eumalio
677 1379 818 1448 argenteo
828 1380 856 1432 et
866 1373 1032 1448 manipulo.
1087 1377 1184 1434 sauris
1199 1377 1261 1434 suis
1275 1393 1312 1435 eo
1336 1377 1542 1436 delectabatur
1556 1377 1753 1436 solemnibus
1768 1377 1861 1436 festis.
1873 1381 1916 1435 lc·

201 1466 286 1526 Dedit
300 1465 392 1523 etiam
406 1471 436 1523 et
458 1465 549 1539 pallia
564 1466 619 1523 tria
633 1467 763 1540 pretiosa
776 1465 808 1521 in
821 1467 929 1522 ornatu
944 1463 1035 1520 eccle·
1088 1468 1207 1536 ceperat
1221 1464 1279 1521 noc
1291 1480 1402 1521 munus
1418 1481 1436 1521 a
1452 1464 1528 1522 duee
1544 1467 1799 1522 normannorum
1811 1460 1915 1522 Richar-

202 1555 263 1628 siae,
280 1571 336 1628 pro
351 1570 406 1612 sua
433 1570 618 1628 suorumque
645 1553 777 1611 filiorum
800 1553 904 1622 salute,
919 1557 947 1610 et
975 1551 1034 1610 alia
1087 1551 1261 1609 doadusus
1275 1529 1688 1628 humanos,quodbcnignus
1703 1553 1914 1625 ore,benignns

201 1643 298 1701 multa
311 1660 379 1720 quas
394 1659 456 1700 non
468 1647 595 1716 possunt
609 1642 705 1700 littera
727 1641 824 1699 notari
836 1659 892 1699 nec
906 1657 1034 1699 numero
1048 1661 1069 1717 g
1088 1639 1187 1710 corde,
1202 1640 1335 1712 benigno
1349 1657 1412 1699 non
1427 1641 1539 1700 distulit
1548 1642 1683 1700 conferre
1699 1645 1850 1700 lieoAErat
1859 1643 1912 1699 huic

200 1731 428 1806 comprehendi.
444 1733 622 1789 Sanctorum
631 1731 711 1789 enim
726 1747 853 1805 corpora
867 1734 1034 1804 martyrum
1088 1735 1266 1788 ornamento
1281 1729 1443 1804 adjunctus
1459 1731 1592 1805 scyphus
1607 1748 1755 1802 corneus,
1776 1747 1839 1806 quo
1852 1731 1913 1788 daie

201 1823 401 1897 pretiosorum
413 1821 563 1879 saviniani
580 1827 608 1880 et
620 1821 857 1894 Potentiam-qui
871 1820 955 1895 passi
965 1824 1036 1877 sunt
1087 1818 1209 1876 rebatur
1219 1819 1324 1876 vinum
1350 1819 1389 1877 ad
1404 1820 1617 1878 celebrandum
1638 1821 1837 1878 sacriticium.
1861 1824 1910 1876 llsc

202 1911 388 1969 acerrimein
403 1911 568 1968 Senonensi
592 1911 676 1979 urbe,
691 1927 775 1980 auro,
790 1901 936 1982 ’argenta
952 1925 1036 1981 gem·
1088 1908 1238 1982 aspiciens
1252 1908 1377 1983 quidam
1392 1909 1554 1984 pestiferat
1566 1925 1702 1984 nequam
1728 1910 1864 1980 clericus,
1874 1925 1909 1964 ar

201 2000 259 2057 mis
273 2000 315 2056 ita
328 1998 444 2056 vestivit
458 2002 491 2055 ut
502 1999 533 2055 in
547 1999 594 2055 his
609 1998 804 2056 delectaretur
832 1999 931 2055 omnis
945 2013 1034 2054 mun·
1088 1998 1167 2072 ripit,
1183 1997 1286 2070 caligis
1306 1999 1451 2071 recondit,
1479 2001 1539 2058 huc
1562 1999 1694 2075 illucque
1721 1993 1838 2058 vadens
1860 2015 1907 2056 non

201 2087 269 2159 dus,
286 2087 405 2162 quasin
421 2087 505 2144 terris
520 2104 573 2144 rex
601 2087 862 2156 honorificaverat,
887 2087 977 2144 laude
991 2085 1035 2142 di·
1088 2085 1203 2144 invenit
1229 2087 1277 2143 cui
1304 2103 1341 2144 ea
1359 2082 1529 2146 venditione
1557 2089 1777 2162 contribueret,
1793 2089 1838 2148 vel
1848 2103 1907 2164 quo

202 2178 278 2250 gnis.
293 2181 436 2235 praterea
450 2177 529 2234 Patri
543 2177 701 2235 benedicto
716 2182 746 2234 et
759 2177 832 2244 suis,
848 2178 896 2234 oui
916 2193 1035 2250 semper
1088 2175 1181 2232 morlo
1196 2171 1276 2233 illam
1294 2177 1425 2251 speciem
1445 2177 1525 2235 cervi
1551 2178 1705 2237 destruere
1718 2185 1830 2254 posset.
1853 2182 1903 2236 Cre·

201 2269 451 2326 ronsadnaeserat
464 2266 646 2341 praecordiis,
672 2283 727 2342 pro
743 2266 841 2324 suain
854 2271 916 2324 tota
928 2265 1035 2323 mundi
1089 2259 1224 2322 dandum
1237 2271 1282 2324 est
1295 2267 1408 2325 cunctis
1435 2283 1471 2324 ea
1485 2267 1527 2340 pii
1547 2268 1626 2339 regis
1653 2275 1778 2327 servata
1802 2268 1904 2336 ments

198 2356 356 2414 latitudine
371 2356 542 2413 admirabili
556 2355 825 2429 vita,piscatoriam
839 2354 968 2426 ligeritti
979 2355 1035 2411 flu-
1088 2355 1141 2428 qui
1151 2359 1212 2412 toto
1227 2356 1317 2413 corde
1332 2361 1395 2414 erat
1411 2358 1469 2415 lieo
1483 2356 1589 2414 tidelis.
1607 2361 1682 2416 Nam
1703 2355 1902 2418 tertiaSabbati

200 2445 291 2502 minis
315 2443 549 2514 benignissimus
573 2444 716 2516 attribuit,
737 2444 849 2518 scripto
861 2442 993 2501 firmaut
1006 2448 1035 2501 et
1088 2444 1119 2500 in
1134 2445 1264 2502 oratorio
1279 2444 1381 2503 Turris
1396 2445 1491 2504 Caroli
1510 2446 1686 2522 colloquens
1702 2461 1776 2506 cum
1789 2447 1901 2520 quodam

200 2549 239 2591 ex
254 2533 301 2590 nis
315 2533 358 2590 nil
370 2533 453 2590 aliud
462 2551 557 2608 quam
571 2534 792 2592 intercessionis
802 2533 881 2591 iilius
894 2532 1036 2608 quesivit
1088 2532 1287 2591 familiaritate
1301 2534 1432 2607 perfecta
1457 2533 1513 2592 sibi
1528 2537 1702 2608 conjuncto,
1728 2543 1795 2595 ecce
1809 2535 1852 2593 for
1862 2549 1898 2590 re·

201 2623 355 2695 suffragia.
364 2623 422 2681 Sed
431 2629 460 2680 et
473 2629 658 2699 preceptum
666 2623 897 2682 deimmunitate
909 2622 1035 2680 floriaci
1088 2622 1174 2679 niens
1188 2627 1256 2680 ante
1271 2620 1363 2680 altare
1378 2639 1410 2680 se
1425 2615 1560 2693 collocat,
1576 2642 1680 2699 preces
1701 2627 1819 2684 inutiles
1832 2639 1899 2698 spar-

199 2713 269 2782 loci,
286 2729 339 2770 seu
352 2712 390 2770 de
404 2713 451 2770 his
465 2729 533 2786 quaa
549 2713 723 2772 monasterii
737 2718 912 2788 competunt
925 2712 1035 2770 utilita-
1088 2710 1131 2784 git
1144 2716 1173 2769 et
1186 2711 1278 2782 longa
1292 2715 1471 2786 protrahens
1486 2713 1625 2788 suspiria,
1638 2715 1808 2788 facistergio
1816 2713 1896 2771 dans

201 2801 292 2870 tibus,
310 2801 484 2858 auctoritate
510 2802 592 2873 regia
606 2801 738 2858 firmavit
760 2806 790 2858 et
803 2801 898 2874 sigillo
927 2819 982 2860 suo
1003 2808 1037 2861 ut
1087 2800 1205 2876 prolixo
1219 2803 1324 2876 operit,
1339 2802 1429 2861 simul
1443 2820 1513 2860 cum
1528 2804 1655 2879 scypho,
1680 2810 1711 2863 et
1725 2807 1766 2864 sic
1778 2815 1897 2861 verecmr

200 2890 302 2947 bonus
319 2893 348 2945 et
361 2888 481 2962 sapiens
496 2887 659 2960 insignivit.
675 2891 708 2946 ln
722 2891 906 2947 ornamentis
922 2892 1035 2967 quippe
1087 2889 1146 2946 dus
1157 2889 1239 2960 abiit,
1256 2891 1392 2948 nesciens
1405 2891 1496 2948 miser
1509 2905 1640 2966 utrorum
1653 2885 1734 2952 oculi
1748 2901 1894 2968 supereum

200 2974 409 3032 ecclesiasticis
425 2977 543 3031 Patrem
571 2975 763 3035 benedictum
786 2978 950 3044 honorans.
972 2997 1035 3055 quo
1050 3015 1071 3072 c
1088 2983 1173 3037 eraut
1186 2979 1286 3037 defixi.
1304 2983 1489 3038 Cessammx
1499 2981 1674 3057 acolloquio
1687 2983 1808 3042 vaditad
1820 2981 1893 3038 altare

201 3079 238 3122 eo
250 3077 354 3120 amore
383 3062 517 3120 dilexerit
543 3065 785 3124 manifestissime
805 3069 930 3142 aperuit.
960 3073 1034 3128 Nam
1088 3069 1165 3143 pede
1179 3068 1318 3127 levicum
1332 3070 1430 3128 amico
1445 3087 1526 3142 vero,
1543 3076 1572 3129 et
1586 3088 1642 3130 sua
1661 3073 1804 3149 accipiens
1814 3067 1893 3128 reddit

203 3151 297 3210 altare
313 3156 424 3208 sanctae
436 3151 488 3208 Dei
502 3153 652 3226 genitricis
667 3155 761 3212 uana
775 3157 867 3231 pallio
885 3157 1037 3233 pretiosis·
1088 3158 1174 3215 lactus
1188 3158 1337 3232 ministro,
1351 3159 1548 3218 interminans
1573 3161 1655 3219 socio
1682 3176 1729 3233 ne,
1743 3153 1808 3220 dum
1822 3152 1891 3215 adri·

202 3240 280 3298 simo
293 3245 362 3314 post
375 3240 488 3314 ignem,
504 3243 556 3316 qui
571 3242 626 3300 fuit
639 3243 789 3303 immensa
817 3247 911 3304 nostri
940 3248 1036 3306 sancti
1088 3251 1179 3317 reret,
1195 3263 1307 3307 noman
1317 3249 1382 3323 eius
1396 3243 1505 3308 seculo
1520 3248 1717 3309 innotesceret
1725 3257 1751 3309 et
1759 3245 1889 3308 notarim

134 3387 138 3392 ,
199 3327 259 3386 1οοί
272 3329 440 3400 calamitas,
456 3330 611 3404 cooperuit
623 3337 653 3390 et
666 3333 908 3407 thymiamaterio
924 3352 1036 3410 usque-
1087 3337 1304 3397 verecundiam
1318 3338 1436 3397 faceret.

201 3432 325 3491 quaque
340 3418 413 3477 sans
425 3418 565 3488 mirabili,
577 3436 652 3478 auro
667 3427 696 3478 et
707 3424 835 3495 gemmis
847 3424 926 3481 bene
940 3424 1035 3482 eleva·
1123 3430 1232 3486 Verum
1246 3429 1318 3503 quia
1330 3431 1457 3505 opponit
1481 3439 1512 3490 se
1527 3427 1637 3492 nostrae
1661 3417 1805 3493 narrationi
1820 3432 1883 3502 quo

201 3509 232 3562 to
246 3504 421 3574 insublimi‚
436 3506 517 3564 hunc
532 3513 670 3567 sanctum
693 3511 885 3570 devotissimo
897 3513 1035 3570 nobilita·
1088 3512 1230 3575 rumdam
1244 3525 1393 3593 perversae
1403 3523 1511 3580 mentis
1527 3522 1657 3596 intentio,
1669 3524 1715 3598 qui
1731 3535 1806 3580 omne
1829 3516 1876 3572 bo·

201 3591 255 3647 vit.
268 3593 338 3649 Erat
351 3593 432 3649 enim
447 3597 477 3650 et
487 3594 546 3651 boo
568 3596 695 3672 adplene
711 3601 893 3658 conveniens
907 3601 1035 3675 thymia·
1089 3621 1163 3663 num
1177 3607 1261 3680 quod
1275 3607 1333 3683 ipsi
1348 3617 1502 3685 nequeunt
1517 3616 1637 3689 assequi
1659 3613 1718 3672 aliis
1729 3609 1841 3670 undere
1852 3607 1878 3660 et

201 3679 363 3736 materiam
379 3680 532 3738 thuribulo
544 3699 635 3742 aureo
651 3703 669 3744 a
692 3687 835 3745 Gauzllno
860 3689 969 3748 abbate
982 3690 1037 3748 mi·
1088 3694 1281 3768 malignitatis
1295 3699 1450 3768 calcaneo,
1463 3708 1697 3777 proutpossunt,
1708 3707 1883 3778 pmmcunon

200 3765 344 3824 rabilium
368 3768 479 3828 factore
492 3775 621 3845 patrato,
646 3777 732 3848 eujus
757 3793 835 3851 opus
856 3777 1037 3852 splendescit
1089 3785 1279 3859 erubescunt,
1304 3789 1428 3863 quique,
1443 3792 1467 3848 si
1482 3793 1554 3866 quid
1582 3809 1721 3852 excessus
1741 3787 1886 3851 nonanto·

201 3871 264 3957 prae
276 3857 420 3957 omnibus
435 3875 504 3933 qua
518 3861 650 3920 vidimus
659 3863 717 3937 ipsi
730 3865 783 3938 qui
792 3866 857 3923 naa
865 3867 1035 3940 scribimus,
1089 3875 1259 3934 admissum
1273 3882 1329 3948 est,
1344 3895 1380 3936 eo
1395 3885 1504 3938 cuncta
1516 3882 1588 3940 boni
1612 3883 1711 3959 operis
1731 3871 1887 3942 succedentia

201 3961 233 4002 m
248 3944 381 4005 l'louaco
395 3946 472 4006 loco.
494 3949 708 4008 Monasterium
734 3954 762 4010 S.
778 3953 911 4012 Cassiani
923 3957 1037 4014 confes-
1090 3966 1226 4036 germina
1252 3963 1360 4026 canino
1374 3965 1463 4028 dente
1489 3970 1640 4032 oblatrant
1663 3971 1805 4038 suffocari,
1824 3965 1887 4024 bunc

203 4035 279 4092 soris
296 4035 409 4138 summi
416 4037 455 4136 'in
470 4039 573 4098 liedua
586 4039 713 4106 civitate.
725 4058 792 4116 que
805 4047 835 4100 et
845 4046 1036 4137 Augustodu-
1090 4054 1316 4114 sanctissimum
1327 4058 1425 4115 virum
1439 4059 1570 4119 lacerare
1583 4079 1645 4121 non
1656 4061 1887 4139 peramauntar

202 4137 273 4193 nus,
287 4139 381 4182 namra
393 4126 527 4185 dirutum
540 4135 688 4189 vetustate
702 4147 721 4190 a
733 4148 812 4190 novo
839 4135 994 4194 aedificavit
1008 4141 1037 4194 et
1089 4147 1164 4215 Non,
1179 4145 1328 4222 inquiunt,
1345 4147 1409 4206 hacc
1430 4167 1497 4225 quse
1513 4153 1631 4227 prolata
1652 4151 1723 4213 sunt
1740 4143 1852 4213 bonade
1863 4151 1889 4198 tt

202 4207 282 4266 ineo
295 4212 510 4312 Deinministros
518 4219 669 4277 collocans
677 4220 845 4298 abbatiam,
853 4225 930 4282 sicut
939 4225 1034 4300 prius,
1090 4249 1182 4307 opera
1194 4235 1235 4292 ad
1261 4237 1388 4294 salutem
1412 4237 1489 4296 illius
1517 4241 1692 4314 provenient
1714 4242 1890 4309 adussit

203 4302 381 4398 construxit,
396 4303 537 4404 praebens
560 4313 698 4406 sumptus
712 4311 759 4367 his
770 4313 824 4385 qui
848 4313 962 4372 ibidem
974 4317 1037 4374 Deo
1090 4321 1174 4380 niam
1192 4339 1255 4394 non
1274 4325 1426 4385 exhorruit
1452 4330 1568 4388 facinus
1589 4333 1787 4407 copulationis
1800 4321 1889 4386 ncta.

203 4383 401 4489 deservirent,
412 4389 473 4446 Hoc
488 4406 515 4447 er
530 4392 673 4468 studium,
686 4396 751 4453 brec
765 4398 830 4469 ejns
845 4416 964 4476 semper
982 4403 1038 4463 fuit
1090 4412 1164 4468 dum
1179 4419 1376 4473 commatrem
1397 4421 1426 4474 et
1440 4418 1496 4477 sibi
1511 4417 1779 4495 consanguinitatis
1799 4405 1889 4475 vincub

202 4489 236 4532 tn
249 4490 340 4550 opere
351 4479 403 4536 Del
416 4477 567 4538 voluntat·
1091 4513 1202 4559 nexam
1214 4501 1300 4561 duxit
1313 4521 1449 4564 uxorem.
1476 4509 1610 4576 Quorum
1634 4507 1891 4571 irrationabilitatem

325 4654 332 4668 ,
526 4661 532 4673 ,
1091 4585 1190 4664 placet
1202 4592 1329 4650 evidenti
1351 4600 1461 4653 sanctas
1487 4599 1645 4673 Seriphum
1672 4590 1891 4661 indiciococriss·

238 4653 353 4713 mim
367 4659 545 4734 G⁰¹¹¹P⁰¹¹d¹i
556 4662 705 4724 damnum
720 4668 830 4727 Εΰῑῒῑᾶῑῑ
843 4672 906 4743 regi
918 4673 1038 4733 infurto
1092 4697 1168 4740 cere.
1184 4682 1252 4754 Sed,
1268 4698 1306 4740 ne
1334 4683 1408 4742 forte
1433 4685 1578 4761 loquendi
1595 4692 1782 4764 proclament
1803 4685 1890 4746 aditum

203 4742 309 4802 nobili.
326 4747 461 4806 Instabat
472 4753 544 4852 tunc
556 4752 621 4811 dies
630 4758 826 4833 pentecostes,
842 4777 904 4834 quo
912 4763 1038 4837 Spiritus
1092 4769 1149 4827 sibi
1161 4771 1327 4845 intercludi,
1345 4772 1417 4832 dent
1431 4776 1519 4834 nonis
1531 4778 1664 4852 aliquem
1679 4783 1746 4841 sine
1758 4769 1891 4858 11101111ἰὺ

204 4837 329 4892 sanctus
343 4837 464 4938 replens
479 4855 597 4942 animas
607 4845 734 4904 mundat
744 4847 878 4907 fidelium
893 4851 995 4921 corda,
1005 4858 1040 4912 ut
1091 4876 1129 4918 ne
1142 4860 1260 4919 dedicti.
1276 4862 1346 4927 Quis
1356 4879 1427 4922 vero
1442 4871 1560 4924 castum
1576 4885 1609 4926 se
1621 4869 1733 4929 habere
1749 4887 1796 4931 cor
1807 4859 1890 4940 gloria·

200 4919 426 5026 Plft⁰0⁸1ttpti¹⁸¹
439 4930 468 4984 tt
482 4928 563 5032 illm,
579 4933 955 5033 cuibusaqualtsspiritus
971 4957 1037 4999 san·
1090 4949 1279 5007 bituricum
1291 4966 1347 5010 nec
1373 4954 1462 5011 unius
1490 4956 1549 5014 uici
1571 4958 1671 5017 infans
1699 4961 1825 5020 mundus
1843 4959 1890 5008 ΒΜ

203 5011 242 5067 cb
251 5018 359 5085 portio.
371 5016 479 5119 voleus
494 5018 545 5078 illo
557 5020 605 5080 dre
618 5027 703 5097 pater
713 5041 765 5084 rex
780 5027 927 5100 gloriosus
941 5029 1037 5090 filium
1092 5039 1249 5112 scripturae
1264 5041 1434 5100 testimonio
1447 5047 1662 5121 comprobetur
1675 5051 1689 5109 1
1713 5031 1890 5128 siquidenvb

203 5107 475 5208 suumstatucrein
487 5124 601 5184 regem,
617 5115 740 5173 nomine
754 5117 923 5193 Hugonem,
964 5125 1038 5180 stre·
1091 5125 1229 5185 inernam
1244 5129 1456 5206 desipientium
1481 5139 1743 5212 comprimendam
1757 5142 1816 5199 hac
1831 5129 1890 5188 dist

201 5201 355 5288 nausimus
366 5193 529 5291 uobrntatis
542 5201 698 5272 juvenem,
714 5220 770 5278 pro
783 5205 933 5268 immensa
943 5215 1037 5285 patna
1089 5215 1157 5284 nm,
1173 5232 1235 5274 non
1245 5223 1279 5277 ut
1291 5220 1348 5278 viri
1362 5221 1439 5280 ultro
1453 5225 1624 5298 penitentis
1631 5227 1754 5304 culpam
1761 5221 1888 5287 occultato

202 5276 234 5329 st
244 5272 298 5332 filu
311 5277 456 5382 bomtcte,
472 5302 541 5360 que
556 5295 620 5348 erat
642 5292 797 5367 divulgata
811 5300 872 5354 toto
887 5302 1037 5359 terrarum
1091 5303 1171 5362 Sicut
1184 5305 1265 5365 euim
1280 5313 1401 5368 sanctus
1413 5313 1517 5386 David,
1527 5313 1594 5388 legs
1614 5317 1817 5391 prohibibitus.
1828 5297 1890 5366 ab

201 5361 286 5466 orbe,
299 5366 521 5476 adfirmandum
531 5393 602 5436 eum
610 5380 773 5443 festinabat
782 5387 882 5444 omnis
890 5391 1034 5465 mundus,
1090 5392 1355 5456 sabeecontrafas
1384 5401 1554 5476 concupivit
1580 5409 1609 5462 et
1620 5406 1729 5480 rapuit,
1751 5409 1789 5464 ita
1805 5393 1887 5458 erista

200 5465 274 5554 gula
287 5452 493 5563 delectabatur
508 5481 539 5566 sn
555 5467 674 5528 talibus.
705 5473 768 5531 Fuit
780 5475 860 5533 enirn
873 5476 921 5535 hic
936 5479 1035 5537 bonus
1088 5488 1194 5542 contra
1207 5502 1299 5544 saorra
1310 5487 1380 5546 fidei
1392 5489 1462 5562 jura
1475 5507 1581 5565 agens,
1597 5497 1753 5568 prefatam
1762 5490 1888 5554 mulierem

197 5555 318 5612 Jurems
333 5547 588 5652 excellentissimas
603 5561 770 5636 probitatis,
782 5581 889 5625 omnes
902 5567 1034 5642 comple·
1088 5573 1200 5632 nefarie
1217 5576 1273 5633 sibi
1292 5579 1444 5653 copulavit
1456 5597 1592 5642 uxorem
1623 5584 1665 5641 llli
1690 5603 1751 5645 non
1763 5582 1846 5642 solum
1855 5583 1887 5626 ⁵⁸·

200 5631 293 5702 ciana
308 5649 414 5697 omnes
428 5639 566 5716 diligens,
581 5649 699 5709 nullum
714 5652 893 5728 depicicns,
905 5655 1030 5722 dilectus
1088 5659 1125 5723 tis
1138 5663 1191 5722 fuit
1204 5665 1234 5722 in
1251 5665 1407 5726 mulierem
1428 5685 1583 5746 peccasse,
1611 5673 1777 5738 sedmolita
1795 5661 1886 5728 viab-
