3996 6186
117 157 164 220 us
469 165 513 220 ur
532 151 701 220 manau
719 157 1008 219 ascutmaauna.
1028 156 1120 214 rans
1138 157 1277 216 aarum
1296 161 1460 218 orsurus.
1765 170 1819 225 ue

585 287 745 344 tauteus
764 281 1089 343 Htuuusltarttuttsas
1109 286 1142 337 Α.
1165 287 1350 340 ttot-ttot.

114 380 219 450 nuent,
234 381 308 438 nihil
321 382 358 439 de
371 396 404 439 re
417 381 539 456 publica
553 384 694 455 agebant,
722 388 828 457 praeter
856 381 939 456 quod
959 378 1143 448 aecelcsia,
1159 397 1228 454 quae
1254 398 1309 456 per
1333 382 1547 452 negligentiam
1575 383 1667 457 patris
1695 385 1741 442 sui
1768 385 1820 442 de-

112 483 168 528 sua
180 471 221 528 ibi
233 477 478 530 consummarent
492 491 499 544 ;
515 479 672 549 propterea
687 491 790 531 secum
804 474 874 530 licta
883 472 942 529 fide
996 468 1115 525 turbata
1141 475 1185 527 est
1210 471 1305 529 multo
1331 476 1475 544 tempore.
1505 475 1570 529 idox
1596 477 1628 530 ut
1653 473 1822 546 apostolice

112 559 318 630 versabantur,
333 561 517 620 etadversus
531 579 601 620 cum
626 564 850 639 conspirabant.
880 563 940 620 Sic·
996 553 1214 610 ⁰⁰11³0130101155
1251 556 1344 614 verb&
1385 556 1518 630 iiiiii)it
1553 560 1582 613 θῑ
1615 557 1709 614 banni
1748 558 1824 614 80Ῑᾶ-

111 662 172 724 que
186 664 292 708 omncs
304 652 388 724 regni
398 651 548 727 principes
563 651 742 726 decipiebat,
757 657 790 709 ut
804 651 878 708 nuit
898 667 942 707 rc·
995 642 1107 700 tionem
1121 643 1195 716 (³97)
1210 660 1228 700 a
1241 646 1547 720 pseudoepiscopo,
1560 645 1727 715 castellum,
1741 645 1825 720 quoa

111 755 179 797 rum
194 739 324 798 veritatis
338 742 369 798 in
383 757 415 798 re
429 742 552 816 publiea
566 747 676 814 ageret,
690 743 747 799 nisi
775 743 858 816 quod
880 740 942 797 suis
995 735 1332 806 vocaturNuorenbere‚
1348 735 1465 793 obsedit
1480 741 1508 792 et
1523 753 1585 792 suae
1604 736 1709 793 ditioni
1739 735 1826 792 sube-

111 829 298 904 temporibus
314 835 421 888 cuncta
433 831 618 890 vilescerent.
635 833 730 891 Multae
744 831 835 888 urbes
848 835 877 887 et
890 845 943 904 op·
996 821 1047 892 git.
1075 825 1113 878 ’Μ
1127 827 1220 894 pater,
1234 841 1323 881 mane
1351 830 1505 898 ⁰0fflpfllt⁰
1531 842 1562 882 ⁵⁰
1583 826 1736 899 privatum
1750 825 1823 894 filio»

109 919 185 992 pide
199 919 263 992 cjtrs
276 918 355 978 bello
374 926 444 977 sunt
458 922 616 979 destructae
631 927 659 978 et
673 921 877 978 aecclesiarum
893 919 945 976 liei
997 911 1089 969 nimio
1125 912 1227 970 dolore
1258 915 1477 985 constringitur,
1505 921 1533 972 et
1558 917 1712 988 Mogontia
1741 919 1825 972 nata-

110 1013 300 1085 erairap[0r‚
315 1011 426 1068 seilicet
440 1025 532 1069 eausa
544 1012 756 1069 reconciliandi
780 1011 941 1086 principes,
995 1001 1056 1058 lem
1070 1003 1188 1058 Domini
1202 1003 1404 1061 celebraturus
1417 1006 1578 1062 revertitur.
1595 1006 1672 1064 Obiit
1694 1009 1825 1064 ioannes

107 1097 231 1156 illarum
246 1099 360 1174 praedia
374 1101 591 1158 distribuendo.
606 1099 684 1169 Quid
705 1102 829 1157 multat
852 1115 942 1156 nemo
997 1089 1145 1162 Spirensis
1158 1090 1327 1165 episcopus.

110 1203 260 1260 umquam
272 1188 343 1245 talia
368 1187 399 1245 tn
426 1189 558 1262 antiquis
583 1189 787 1247 voluminibus
813 1187 943 1262 repperit
1033 1183 1101 1235 title
1116 1181 1181 1236 lieu
1194 1182 1268 1252 (398)
1284 1181 1468 1237 Helversted
1480 1183 1569 1252 venit,
1599 1189 1627 1240 et
1654 1185 1823 1255 conculces,

112 1276 234 1350 scripta,
249 1277 352 1351 qualia
368 1278 502 1335 inaudita
515 1281 702 1352 perpetrarat
731 1279 863 1334 facinora
879 1295 886 1343 3
914 1281 943 1333 et
996 1284 1068 1341 qt¹⁰⁵
1081 1270 1255 1326 Ftt'dt't't'cus
1272 1272 1424 1340 tvt'SCOPssS
1438 1271 1549 1340 injuste
1563 1273 1733 1343 willemi,
1755 1275 1826 1329 l⁰0ss

110 1365 170 1421 nisi
183 1365 259 1422 mira
274 1364 323 1422 Dei
337 1365 497 1423 clementia
507 1383 577 1424 eum
593 1367 738 1434 sufferret,
754 1371 782 1423 et
797 1365 836 1422 ad
849 1365 944 1439 pinni·
996 1363 1024 1414 el
1039 1359 1126 1415 rebus
1141 1361 1202 1415 δαῖε
1215 1361 1348 1415 restituit
1359 1373 1371 1428 ,'
1395 1361 1544 1432 celerique
1563 1375 1701 1417 canonici
1729 1360 1827 1417 benuo

111 1456 233 1514 tentiam
244 1455 419 1530 distulisset,
427 1463 507 1516 terra
518 1473 589 1515 eum
601 1459 711 1527 vivum,
725 1459 799 1515 sicut
814 1457 942 1525 bathan,
995 1447 1167 1511 ⁸⁰lv1ml²⁴r1
1184 1461 1216 1504 0⁰
1231 1448 1312 1518 qued
1327 1448 1405 1518 ledii
1419 1449 1557 1504 Ηθῑηήθῑ
1582 1449 1830 1505 anaihemait'wli

112 1544 329 1603 absorbuisset,
997 1535 1132 1604 episcopo
1164 1541 1385 1591 consenserent.
1422 1535 1495 1591 lude
1532 1550 1587 1592 reu
1618 1536 1695 1592 adiit
1726 1535 1829 1592 Hauc-

996 1623 1137 1679 neshehu.
1155 1625 1289 1694 Cumque
1304 1625 1372 1679 urbi
1382 1625 1652 1696 appropinquaret,
1682 1625 1745 1682 Udo
1772 1626 1831 1696 cpi·

151 1707 228 1762 litii.
244 1706 307 1763 ind.
323 1709 340 1761 9
355 1706 439 1778 (396).
455 1709 523 1764 Erat
541 1706 573 1763 in
603 1706 775 1764 liadisbona
799 1705 830 1762 in
850 1706 944 1763 natali
962 1745 983 1800 B
998 1727 1103 1782 scopus
1118 1729 1183 1769 cum
1198 1715 1304 1782 paucis
1320 1714 1403 1769 abiit.
1418 1714 1567 1770 Coteouice'
1584 1714 1683 1770 denuo
1710 1717 1831 1771 solvun-

111 1795 232 1852 nomini
245 1796 433 1870 imperatoris
450 1796 542 1864 curia,
559 1796 611 1854 ubi
633 1812 733 1853 eomes
760 1795 944 1866 sigehardus
999 1807 1073 1870 tur3
1098 1802 1233 1858 ordinati
1245 1803 1321 1858 sicut
1336 1807 1364 1858 et
1386 1803 1545 1858 ordinator
1572 1803 1610 1858 oh
1637 1804 1737 1872 officio
1764 1819 1829 1860 sus·

108 1883 271 1957 quoddam
276 1885 423 1957 judicium
431 1899 521 1960 super
531 1887 652 1943 clientes
662 1869 923 1957 injustcjudicahit
935 1904 942 1954 3
996 1892 1181 1961 perderetur.
1195 1893 1267 1947 Post
1282 1907 1350 1949 vere
1363 1894 1517 1963 episcopus
1529 1893 1743 1948 canonicorum
1758 1909 1829 1950 cou-

108 1987 150 2028 ex
162 1987 227 2046 qua
240 1989 335 2030 causa
349 1975 389 2031 ab
403 1975 444 2031 ais
455 1975 637 2032 estoccisus.
654 1975 811 2032 Undeorta
825 1979 870 2030 est
880 1989 944 2031 ma·
997 1981 1063 2036 sitio
1078 1987 1233 2037 revocatus
1256 1981 1356 2050 rediit,
1372 1987 1399 2037 et
1429 1981 1527 2038 hunno
1555 1982 1671 2037 solutus
1695 1983 1829 2052 gratiam

111 2063 199 2119 xima
212 2065 378 2136 persecutio
392 2065 564 2138 imperatori
579 2081 597 2121 a
611 2063 746 2135 cognatis
767 2064 846 2119 illrus
870 2067 898 2120 et
923 2079 942 2120 a
997 2072 1075 2140 repis
1105 2071 1245 2140 optinuit.
1275 2071 1320 2126 Eo
1341 2112 1464 2127 .....
1495 2071 1682 2139 Northusou,
1717 2074 1831 2142 juvene

111 2153 228 2208 eunctis
242 2153 427 2226 principibus
441 2155 547 2225 regni3
564 2157 635 2228 quia
655 2155 681 2212 si
707 2154 795 2211 vellet
819 2155 846 2212 ei
874 2154 944 2210 suh
997 2161 1264 2230 repepraestdeutc,
1277 2160 1451 2218 liethardus
1475 2161 1666 2232 Mogoeetmus
1682 2160 1829 2231 archiepi-

108 2240 224 2308 venine,
238 2244 719 2315 nequaquamessetinterioctus.
735 2242 944 2302 Cumvcroob
997 2263 1113 2320 scopus,
1142 2253 1170 2305 ct
1195 2248 1383 2306 Givcherdus
1413 2249 1649 2306 Coactautieusis
1676 2249 1829 2319 epurtopus

109 2329 142 2385 id
156 2329 269 2387 iachim
283 2347 345 2410 non
357 2347 472 2406 paucos
487 2333 599 2390 habere
614 2334 735 2390 sentiret
743 2333 943 2401 adversarios,
998 2354 1011 2394 s
1034 2379 1249 2394 ........
1269 2338 1372 2394 acuitis
1386 2339 1527 2407 capitulis
1554 2339 1697 2406 recitatis,
1730 2354 1829 2410 symc-

109 2417 348 2493 eircumquaque
362 2421 403 2478 ab
415 2421 533 2478 insidiis
547 2437 654 2478 eorum
668 2422 810 2492 vallatus,
839 2427 945 2494 epham
997 2428 1099 2483 niueos
1114 2441 1132 2483 o
1147 2433 1252 2482 saucia
1266 2428 1400 2483 ecclesio
1414 2427 1612 2483 cltenineudos
1627 2442 1688 2484 csse
1712 2443 1829 2485 caecruc-

111 2507 360 2583 evadendicoepit
384 2509 535 2584 inquirere
550 2511 661 2568 locum.
679 2510 812 2567 Tandem
830 2511 945 2567 disces·
999 2517 1082 2568 ruat.
1097 2512 1252 2580 Jejuuium
1271 2515 1402 2581 quotuor
1428 2516 1593 2580 temporum
1615 2552 1827 2567 ........

111 2595 159 2667 sit,
174 2601 204 2653 et
217 2600 250 2653 ut
262 2602 401 2655 sanctum
416 2600 532 2673 pascha
547 2599 712 2656 celebraret
723 2615 792 2654 cum
806 2599 867 2656 suis
887 2601 946 2656 ido-
1002 2639 1392 2656 ..............
1419 2598 1522 2655 Statim
1541 2601 1610 2670 posi
1636 2597 1830 2670 epiphaniam

111 2685 276 2755 gendacun
300 2687 391 2744 venit.
422 2690 530 2746 Sancto
558 2689 647 2759 igitur
675 2688 792 2761 pascha
812 2688 887 2744 inihi
900 2704 946 2744 so·
999 2687 1114 2756 legatos
1129 2687 1237 2743 direxit
1247 2688 1319 2760 (399)
1338 2687 1512 2754 bawariam,
1530 2685 1737 2744 coloniensem
1751 2685 1831 2742 vidc-

110 2773 272 2848 lempniter
304 2781 435 2850 peracto.
467 2778 611 2834 Leodium
640 2778 729 2834 veuit.
758 2779 822 2844 Quo
844 2778 946 2834 venire
998 2775 1067 2832 licet
1081 2779 1330 2834 etlreverensem
1345 2775 1597 2849 archiepiscopos,
1611 2779 1640 2831 et
1654 2773 1762 2832 ducem
1776 2773 1832 2830 Fri-

111 2863 283 2921 dcbuerunt
310 2881 413 2923 comes
442 2865 641 2922 lierimannus
655 2866 947 2938 ethiagadehurgen-
1000 2865 1145 2939 doricum,
1162 2871 1190 2922 et
1203 2866 1345 2924 Erlolium
1360 2865 1582 2934 cancellarium,
1599 2865 1625 2921 si
1649 2881 1711 2939 quo
1737 2864 1830 2924 modo

110 2953 297 3011 sisecolesiae
313 2955 492 3030 prepositus
514 2955 665 3012 vacabulo
697 2957 874 3026 liartwigus,
900 2973 948 3013 eo-
999 2962 1123 3030 possent
1136 2957 1327 3014 reconciliare
1343 2973 1422 3013 eum.
1441 2956 1527 3013 Filius
1543 2972 1613 3012 vero
1632 2955 1829 3029 respondem,

111 3043 371 3115 mitisliggeiberti
395 3044 485 3113 filius,
515 3045 676 3118 episcopus
701 3044 743 3101 ibi
766 3046 947 3103 constituen·
1000 3045 1118 3118 latetur,
1134 3046 1342 3102 nullaratione
1356 3045 1383 3101 ei
1398 3045 1621 3102 communicare
1647 3061 1747 3118 posse,
1772 3042 1830 3102 nisi

111 3132 180 3187 dus.
210 3135 345 3206 Cumque
374 3133 463 3190 simul
490 3133 521 3190 in
548 3134 596 3190 via
623 3133 860 3202 assentanea,
890 3135 945 3208 ipsi
965 3103 1083 3208 Cprius
1105 3141 1283 3210 purgaretur
1306 3133 1624 3192 excommunicationis
1652 3149 1742 3203 noxa,
1769 3149 1832 3208 qua

111 3235 230 3293 suaque
256 3221 359 3278 omnia
386 3238 404 3279 a
431 3221 593 3278 leodorico
622 3222 730 3279 comita
756 3221 794 3278 de
815 3223 945 3280 saxonia
1000 3224 1053 3280 diu
1064 3225 1221 3282 tenebatur
1246 3225 1324 3280 sedis
1348 3222 1520 3297 apostolice
1547 3237 1683 3279 censura.
1710 3221 1830 3278 Nunciis

112 3312 184 3365 sunt
194 3308 362 3381 captivitate
376 3309 498 3382 detenti,
518 3314 547 3366 et
570 3325 608 3366 no
634 3310 674 3366 ad
701 3309 816 3366 curiam
843 3326 947 3383 parve·
999 3330 1071 3370 vero
1085 3315 1289 3384 reversis‚iter
1302 3330 1391 3370 suum
1404 3312 1500 3370 multa
1523 3311 1684 3368 comitante
1712 3313 1832 3366 caterva

111 3397 212 3455 nuent
226 3397 372 3471 impediti.
388 3397 469 3454 Talia
484 3403 584 3455 autem
599 3399 639 3455 ah
654 3399 835 3472 imperatore
863 3415 946 3456 com·
1000 3403 1107 3460 direxit
1117 3403 1299 3474 Turingiam,
1317 3401 1355 3459 ad
1372 3403 1474 3460 locum
1496 3401 1549 3475 qui
1567 3400 1677 3458 dieitur
1703 3399 1831 3472 Erphae·

111 3491 208 3560 perta,
223 3485 313 3543 nimis
325 3486 509 3559 indignatus,
533 3487 611 3544 circa
639 3488 750 3546 testum
774 3489 867 3546 sancti
892 3493 948 3545 An·
1000 3491 1069 3562 furt,
1084 3491 1137 3548 uhi
1156 3493 1296 3549 decenter
1323 3508 1341 3549 a
1370 3490 1524 3549 liuthardo
1549 3490 1726 3562 liogontinoe
1752 3487 1831 3546 sedis

112 3575 191 3632 drea
203 3579 386 3647 congregato
401 3576 532 3633 exercitu
552 3581 582 3633 et
607 3576 669 3633 filio
696 3593 750 3634 suo
775 3578 946 3644 comitante,
1000 3581 1227 3655 arcluepiscopo
1239 3582 1409 3654 suscipitur,
1424 3585 1454 3638 et
1480 3580 1593 3638 ibidem
1607 3579 1688 3636 diem
1715 3578 1831 3652 palma·

112 3665 304 3738 sonitusque
320 3664 495 3733 iridislare;
512 3681 584 3722 nam
598 3666 707 3722 abinde
720 3667 825 3725 debuit
843 3667 873 3722 in
897 3669 947 3724 Sa·
999 3686 1078 3739 rum,
1106 3675 1134 3726 et
1162 3676 1301 3728 sanctum
1327 3671 1442 3744 pascha
1466 3669 1498 3726 in
1514 3668 1734 3735 Quidalenburc
1747 3667 1831 3724 casle-

112 3753 237 3811 xenium
249 3768 383 3826 pergere.
402 3753 444 3810 ihi
458 3759 546 3812 nocte
557 3754 691 3827 quadam
705 3754 784 3812 iilius
797 3754 947 3829 quosdam
1000 3759 1106 3816 bravii.
1125 3762 1165 3816 Eo
1182 3759 1332 3832 siquidem
1358 3763 1493 3832 tempore
1518 3757 1639 3814 advenit
1660 3756 1833 3829 patriarcha

113 3841 151 3898 de
161 3841 255 3916 patris
268 3842 317 3900 sui
331 3841 539 3913 familiaribus,
553 3843 771 3900 Herimannum
787 3843 897 3900 scilicet
919 3847 949 3900 et
1001 3847 1039 3903 de
1053 3847 1197 3920 hqtnlaia,
1213 3864 1265 3904 eos
1279 3848 1303 3904 si
1318 3847 1382 3903 fieri
1406 3850 1508 3920 posset
1535 3843 1744 3916 complacandi
1767 3857 1833 3913 gra·

113 3931 189 3988 alios
217 3947 387 4004 assumens,
414 3932 498 4005 quod
521 3937 565 3990 est
590 3937 606 3986 i
635 3933 675 3989 ld.
700 3932 854 3989 Decemhr.
870 3932 948 3988 clam
1002 3935 1052 4005 tia,
1066 3935 1179 4002 dicens,
1194 3951 1256 3991 non
1271 3934 1382 3990 audere
1398 3933 1455 3988 sibi
1470 3930 1706 3998 communicare,
1730 3928 1834 3984 nisisa

113 4021 270 4090 abscessit,
281 4026 310 4079 et
328 4021 499 4094 bajoariam
525 4022 568 4078 ire
598 4021 759 4078 contendit.
789 4023 948 4094 Comperto
1001 4024 1089 4082 vellet
1104 4027 1163 4081 Deo
1176 4040 1261 4081 raum
1277 4037 1501 4092 recognoscere,
1515 4019 1638 4078 etomni
1659 4033 1753 4090 regno
1780 4017 1835 4074 hu·

113 4110 205 4182 igitur
217 4109 346 4168 discidio
359 4109 411 4167 tilii
426 4113 543 4184 epatre
558 4109 746 4183 aThiepaldo
759 4110 944 4178 marchione,
1002 4113 1128 4183 miliare,
1145 4112 1271 4186 insuper
1283 4115 1312 4167 et
1322 4114 1465 4168 Romane
1479 4108 1543 4164 sedi
1554 4108 1586 4164 in
1601 4106 1744 4166 omnibus
1765 4105 1835 4163 obe

113 4200 372 4272 supranominati
399 4199 516 4257 comitis
546 4199 701 4270 sigehardi
726 4204 845 4272 nepote,
875 4213 949 4269 gau·
1002 4201 1075 4258 dire.
1090 4200 1225 4257 Timebat
1239 4199 1329 4271 enirn,
1341 4215 1379 4256 ne
1394 4203 1423 4256 et
1434 4199 1537 4272 ipsum
1555 4197 1620 4270 ejus
1648 4197 1752 4254 astutis
1776 4209 1836 4253 sar·

114 4289 192 4346 dens
215 4303 267 4346 cur
313 4289 423 4346 cunctis
436 4289 566 4359 regionis
587 4288 665 4344 iilius
690 4289 870 4361 primatibus
898 4287 950 4344 ob·
1003 4290 1145 4347 monibus
1156 4289 1315 4362 deciperet,
1333 4288 1418 4345 sicuti
1433 4291 1547 4344 ceteros
1561 4290 1651 4344 antea
1674 4301 1753 4360 saepe
1782 4285 1835 4342 de·

114 4379 198 4434 viam
223 4378 315 4450 venit,
343 4383 372 4435 et
401 4377 564 4436 honorifica
601 4378 744 4451 suscepit,
787 4379 950 4451 optimum·
1003 4380 1083 4437 lucit.
1100 4380 1182 4436 idem
1198 4379 1518 4453 patriarchasanctum
1542 4378 1656 4452 pascha
1682 4375 1836 4446 Mogontia

113 4483 176 4541 que
187 4467 274 4524 duxit
298 4472 331 4524 ut
349 4467 482 4525 natalem
516 4467 634 4524 Domini
670 4467 841 4542 Radispone
869 4466 946 4524 cele·
965 4453 988 4508 ⁰
1006 4469 1178 4540 celebravit,
1194 4473 1222 4526 et
1235 4473 1303 4542 post
1315 4469 1439 4542 paseha,
1455 4467 1633 4524 muneribus
1649 4465 1689 4524 ab
1711 4480 1747 4521 eo
1774 4478 1837 4518 sus

113 4557 248 4614 brarent.
277 4559 345 4615 Post
356 4558 487 4616 natalem
509 4573 580 4614 vero
608 4558 727 4615 Domini
741 4559 868 4616 nuncios
893 4560 949 4614 lto-
1003 4559 1105 4633 ceptis,
1122 4557 1162 4616 ad
1177 4558 1300 4632 propria
1314 4558 1468 4615 remeavit.
1485 4561 1553 4614 Post
1567 4556 1681 4630 pascha
1704 4566 1774 4606 vero
1799 4548 1836 4604 fi·

114 4661 202 4704 mam
220 4646 336 4714 dhaxit,
365 4663 496 4721 querens
524 4647 683 4704 consilium
714 4648 753 4704 ab
783 4646 948 4721 apostolico
1000 4648 1057 4705 iius
1073 4648 1192 4705 Goslare
1207 4647 1337 4716 renitet
1350 4647 1391 4703 ibi
1406 4645 1545 4717 generale
1562 4639 1748 4714 colloquium
1766 4651 1837 4692 oum

115 4739 239 4810 propter
251 4737 466 4808 iuramentum,
483 4736 566 4810 quod
580 4736 659 4810 patri
669 4737 833 4808 juraverat,
857 4753 947 4793 num-
1003 4738 1137 4797 Saxoniae
1149 4737 1336 4811 principibus
1351 4734 1468 4804 habuit,
1482 4730 1610 4806 qualiter
1623 4729 1675 4786 Dei
1686 4723 1836 4797 adjutorio

114 4841 212 4899 quam
242 4841 273 4882 se
299 4841 427 4897 regnum
450 4825 514 4882 sinc
535 4826 601 4897 ejus
629 4826 785 4884 licentieet
799 4841 950 4884 consensu
1001 4833 1030 4886 et
1044 4825 1432 4885 eorumomniumeonsilio
1446 4815 1838 4882 suadeberetordinare,et

114 4914 304 4972 invasurum.
334 4914 523 4988 apostolicus
548 4919 650 4973 autem
677 4921 710 4973 ut
734 4916 847 4973 audivit
873 4917 949 4973 inter
1002 4917 1168 4974 eccclesiam
1183 4914 1282 4973 modis
1296 4912 1439 4970 omnibus
1455 4909 1599 4967 violatam
1618 4918 1749 4979 purgare
1762 4905 1791 4958 at
1818 4917 1837 4958 a

114 5009 236 5077 patrem
251 5009 279 5062 et
292 5003 388 5062 filium
404 5004 574 5074 discidium,
605 5021 730 5078 sperans
752 5007 816 5062 haee
845 5023 863 5062 a
889 5009 949 5064 lieo
1003 5006 1147 5063 scissione
1156 5005 1196 5061 ad
1209 5003 1352 5059 unionem
1362 5000 1575 5067 redintegrare.
1588 4993 1677 5050 diluit
1689 4992 1779 5049 etiam
1791 5006 1840 5047 su·

114 5094 261 5162 evenisse,
275 5093 432 5152 mandavit
446 5095 473 5150 ei
488 5094 685 5168 apostolicam
705 5095 949 5152 benedictionem
1001 5095 1155 5169 pradictus
1171 5089 1406 5150 constantiensis
1421 5086 1596 5160 episcopus,
1617 5081 1720 5139 domni
1750 5097 1838 5155 pape

114 5199 171 5258 per
187 5183 397 5242 Gebebardum
427 5183 684 5241 constantiensem
697 5185 885 5259 episcopum,
911 5185 949 5242 de
1003 5185 1180 5254 cooperator
1192 5178 1396 5244 fidelissimus,
1409 5175 1461 5248 qui
1477 5187 1579 5243 regem
1594 5176 1622 5228 et
1634 5186 1741 5228 omncs
1766 5185 1838 5227 suos

114 5271 169 5328 tali
195 5271 358 5328 commisso
381 5271 438 5327 sihi
460 5271 636 5344 promittens
664 5273 889 5330 absolutionem
918 5272 950 5329 in
1003 5259 1839 5335 abexcommunicationisvinculosolverat,etquendam

113 5359 233 5432 judicio
247 5360 356 5430 hrturo,
367 5360 393 5416 si
406 5359 494 5417 vellet
505 5361 604 5432 justus
614 5377 677 5432 rex,
691 5362 873 5431 gubernator
884 5377 950 5420 esse
1003 5357 1165 5434 praesulem
1179 5353 1301 5412 nomine
1326 5352 1508 5409 widelonem
1521 5351 1606 5424 (400),
1629 5350 1682 5424 qui
1701 5349 1838 5408 omnium

165 5469 228 5541 399)
245 5471 280 5525 lu
294 5485 363 5525 mer
383 5469 431 5525 inc
445 5469 549 5540 aitque
564 5471 636 5526 olim
651 5469 835 5539 tacebantur.
1042 5467 1113 5540 (399)
1130 5464 1252 5522 Scilicet
1264 5461 1437 5534 imperator.

153 5471 233 5686 {3973
248 5543 296 5597 lte
311 5557 345 5597 co
383 5555 414 5598 a.
1040 5541 1113 5610 (400)
1127 5535 1319 5594 ltindensem.
1333 5532 1447 5589 dunat.
1460 5531 1554 5589 Scae.

165 5613 219 5669 398
251 5613 314 5670 Vae·
328 5612 415 5670 hodie
428 5611 512 5669 houd
528 5611 648 5682 upum.
