4002 6174
150 145 198 198 431
846 123 1011 189 GUlllONlS
1030 131 1170 186 ARETlNl
1768 116 1773 122 ’
1807 124 1859 178 432

150 265 207 322 sint
219 263 393 322 auctoritate
408 262 593 334 praesumpta
607 276 614 327 ;
630 273 691 314 non
710 260 811 314 autem
833 261 903 312 sunt
930 271 976 313 re·
994 261 1018 316 Α
1032 257 1084 310 tan
1099 256 1128 309 et
1141 250 1321 309 sufficienter
1336 249 1484 324 aperiunt.
1514 246 1570 315 Qui
1593 249 1695 304 autem
1723 245 1858 302 curiosus

150 353 228 426 gulae
242 351 381 409 firmitate
395 348 543 405 distincta.
559 347 634 406 lllud
647 352 747 404 autem
762 349 831 420 quis
854 361 916 403 non
931 345 976 402 in·
1031 340 1277 415 luerit,lihellum
1302 344 1452 411 nostrum,
1480 338 1528 395 cui
1549 351 1661 395 nomen
1685 334 1860 405 lticrologus

148 442 269 513 telligat,
284 439 416 516 quodde
431 437 556 494 vocibus
569 436 657 511 quasi
678 435 800 510 syllaba
827 439 855 492 et
879 439 976 508 partes
1031 435 1086 504 est,
1103 431 1368 505 quae1·at;librum
1390 443 1513 502 quoque
1540 425 1741 493 Euchiridion,
1768 441 1857 498 quem

148 537 177 590 et
186 528 390 588 distinctiones
409 525 456 583 vel
467 542 572 582 versus
584 525 685 582 fiunt?
699 541 768 599 quae
782 524 885 581 omnia
902 522 978 579 inter
1030 521 1286 577 reverentissimus
1298 519 1384 577 0ddo
1405 517 1502 575 abbas
1527 514 1762 573 luculentissime
1777 529 1859 570 com-

148 617 323 676 seinvicem
336 614 412 672 mira
426 615 569 672 suavitate
584 613 776 684 concordant,
794 617 909 669 tantum
921 628 975 667 sae-
1030 610 1140 683 posuit,
1156 610 1299 682 perlegat,
1315 608 1402 680 cujus
1415 604 1589 679 exemplum
1607 604 1638 660 in
1665 603 1735 660 solis
1756 602 1859 675 liguris

147 725 185 782 pe
210 704 430 775 concordiores,
446 708 594 776 quantum
609 703 774 758 similiores.
1030 716 1174 758 sonorum
1190 699 1300 766 dimisi,
1317 697 1389 771 quia
1401 695 1533 770 parvulis
1554 693 1765 751 condescendi.
1787 696 1858 750 Boe-

183 797 251 852 Haec
265 810 364 868 pauca
377 793 465 866 quasi
480 792 511 848 in
536 791 695 864 prologum
716 789 923 863 antiphonarii
938 788 975 844 de
1030 789 1105 846 tium
1117 788 1147 845 in
1157 789 1215 845 hoc
1224 804 1287 845 non
1297 801 1438 860 sequens,
1451 784 1538 856 cujus
1552 783 1628 840 liber
1639 797 1702 839 non
1730 781 1859 839 cantori·

147 884 309 942 modorum
338 887 366 938 et
388 896 569 938 neumarum
596 879 725 936 formula
751 877 918 952 rhythmice
947 882 975 934 et
1028 878 1096 947 bus,
1114 877 1168 935 sed
1181 877 1251 935 solis
1267 875 1455 951 philosophis
1474 873 1553 930 utilis
1565 876 1619 930 est.

146 972 282 1049 prosaice
297 971 377 1028 diota
393 970 516 1028 musica
531 969 601 1026 artis
615 969 724 1025 ostium
739 967 876 1036 breviter,
893 966 975 1023 forsi-
1295 967 1432 1038 Explicit
1453 965 1588 1036 epistota.

540 1251 966 1372 ruururus
1023 1251 1470 1376 cuutourau

146 1467 471 1532 CORRECTORIUS
499 1466 748 1530 MULTORUM
777 1463 1003 1537 ERRORUM,
1031 1465 1103 1541 Qut
1130 1464 1259 1527 FIUNT
1283 1465 1325 1526 IN
1349 1463 1490 1527 GANTU
1513 1460 1789 1527 GREGORIANO
1810 1459 1854 1522 IN

845 1571 1007 1634 MULTIS
1029 1571 1162 1634 LOCIS.

676 1731 731 1792 Ea
746 1731 810 1792 cod.
835 1731 1029 1811 repararem.
1045 1752 1112 1793 sac.
1130 1751 1189 1794 xiv
1204 1733 1251 1794 vel
1264 1751 1320 1793 xv.

179 2027 336 2084 Multorum
363 2025 558 2082 considerans
586 2040 717 2081 errorem
749 2027 870 2081 coactus
907 2040 974 2081 sum
994 2027 1014 2081 B
1031 2027 1070 2081 Ea
1089 2023 1178 2094 igitur
1187 2022 1390 2097 proportione,
1415 2038 1477 2096 qua
1500 2021 1568 2095 quis
1594 2021 1693 2094 major
1710 2037 1857 2078 numerus

144 2116 276 2187 Gregorii
285 2119 421 2186 cantum,
434 2129 525 2187 quem
540 2113 641 2170 multis
653 2113 683 2169 in
697 2113 971 2187 locispluresenor-
1026 2113 1175 2170 minorem
1190 2115 1322 2186 superat,
1338 2110 1386 2167 vel
1406 2110 1506 2167 minor
1532 2114 1689 2183 superatur
1708 2110 1857 2182 amajore

143 2205 229 2262 miter
241 2204 455 2276 depravarunt,
479 2202 529 2258 liei
541 2201 697 2274 juvamine
711 2201 787 2257 veris
812 2201 885 2270 suis,
900 2201 973 2258 fina-
1025 2200 1057 2258 in
1073 2200 1215 2272 gravitate
1229 2200 1375 2273 ejusdem,
1392 2202 1420 2256 et
1429 2199 1494 2271 ejus
1513 2198 1593 2255 vocis
1603 2197 1686 2272 prior
1700 2214 1793 2256 sonus
1807 2214 1857 2254 su·
1875 2239 1877 2244 -

143 2293 223 2351 libus
239 2292 350 2349 scilicet
367 2293 461 2365 tropis
476 2292 635 2349 adducere.
652 2290 784 2361 Cogitavi
800 2291 906 2348 dolens
934 2291 972 2348 de
1025 2295 1110 2364 perat
1124 2289 1330 2362 posteriorem,
1346 2288 1391 2344 vel
1405 2287 1551 2362 posterior
1566 2291 1757 2360 superatura
1776 2287 1856 2361 prio-

143 2382 329 2439 diversorum
343 2381 374 2437 in
393 2381 485 2438 choro
498 2379 695 2446 cavillatione,
712 2379 865 2436 credentes
879 2396 910 2436 se
920 2395 972 2437 vc·
1025 2393 1066 2434 re.
1080 2379 1131 2434 llic
1143 2383 1233 2434 tonus
1247 2376 1392 2449 contingit
1406 2393 1442 2432 ex
1457 2376 1582 2450 (sesqui)
1597 2381 1706 2434 octava
1720 2392 1850 2450 propor-

142 2485 209 2527 ram
220 2469 332 2527 habere
347 2474 452 2526 cantus
468 2469 606 2526 semitam
619 2467 694 2525 alter
708 2468 835 2525 alterum
862 2469 972 2541 injuste
1025 2466 1116 2537 tione,
1130 2466 1182 2523 ubi
1193 2467 1290 2539 major
1302 2482 1456 2535 numerus,
1470 2471 1503 2522 ut
1512 2466 1577 2538 jam
1592 2466 1706 2523 dictum
1721 2471 1774 2534 est,
1800 2467 1857 2524 mi-

143 2560 282 2634 maleque
297 2573 403 2616 canere
415 2558 615 2633 reprehendit,
628 2557 823 2630 J'actationem
836 2575 906 2615 vero
920 2575 971 2615 ve·
1025 2572 1132 2614 norem
1145 2559 1240 2612 totum
1252 2555 1282 2612 in
1296 2571 1326 2611 se
1337 2553 1477 2624 continet,
1491 2557 1519 2610 et
1533 2553 1599 2625 ejus
1625 2557 1763 2611 octavam
1787 2571 1857 2628 par·

142 2649 237 2707 ritatis
252 2664 305 2704 seu
320 2647 463 2716 falsitatis,
480 2651 568 2720 atque
582 2652 737 2720 troporum
749 2646 866 2719 finales,
894 2664 972 2721 quos
1025 2649 1096 2712 tem,
1110 2648 1142 2700 ut
1156 2643 1345 2701 octonarium
1359 2641 1550 2699 novenarius.

145 2736 373 2794 cernonimium
387 2734 579 2809 depravatos,
594 2734 896 2793 alteralteriminime
926 2753 971 2794 se·
1061 2732 1181 2791 Talibus
1221 2730 1475 2806 specuationtbus
1517 2736 1680 2805 praesenter
1720 2732 1854 2803 omissis,

144 2826 279 2883 cundum
291 2824 414 2882 musicae
426 2824 589 2896 practicam
605 2823 774 2894 assignans.
1026 2821 1116 2880 etiam
1131 2821 1305 2878 nominibus
1319 2820 1486 2894 appellatis,
1500 2819 1611 2877 scilicet
1622 2820 1857 2894 proslambano-

180 2914 324 2972 ldultoties
358 2912 448 2969 etiam
475 2912 556 2982 novi,
577 2913 659 2986 qnod
682 2929 735 2987 per
764 2914 968 2988 quorumdam
1025 2927 1142 2982 menos,
1156 2911 1268 2985 hypate
1280 2909 1426 2983 hypaton,
1442 2909 1512 2966 item
1527 2909 1656 2984 positiva
1676 2908 1858 2966 declaratio-

143 3000 467 3075 ignorantiamsaepius
489 3005 595 3058 cantus
613 3001 803 3075 depravatur,
827 3003 972 3076 quemad·
1026 3015 1074 3072 ne,
1089 3004 1178 3072 prout
1204 2997 1368 3055 necessitas
1396 2998 1528 3072 requirit,
1553 3001 1729 3069 tantumque
1745 2996 1857 3054 missa-

144 3089 271 3148 modum
286 3094 348 3147 tam
375 3089 475 3163 plures
500 3089 648 3147 habemus
674 3090 864 3165 depravatos,
894 3108 971 3166 quos
1024 3104 1093 3145 rum
1108 3086 1346 3144 solemnitatibus
1365 3086 1564 3143 communiter
1575 3085 1748 3154 insistimus,
1760 3101 1856 3158 quem

143 3193 246 3248 revera
258 3177 380 3246 nonita,
397 3180 430 3235 ut
444 3179 569 3236 nuncin
584 3179 851 3250 ecclesiiscanunt,
867 3181 972 3238 modu-
1025 3175 1151 3232 Gradale
1166 3181 1271 3232 sancta
1282 3180 1378 3231 mater
1399 3174 1531 3248 appellat
1546 3175 1684 3242 Ecclesia,
1715 3188 1776 3230 non
1803 3173 1858 3230 ad-

142 3265 231 3323 iantis
248 3265 409 3323 auctoritas
439 3267 571 3340 protulit,
601 3267 654 3324 sed
681 3283 782 3340 pravae
811 3268 970 3324 hominum
1022 3269 1141 3321 vertens
1158 3264 1286 3320 multum
1314 3261 1482 3334 aliquarum
1509 3267 1650 3318 notarum
1675 3261 1859 3318 subtractio-

141 3371 231 3412 vocea
246 3360 363 3413 motum
378 3355 472 3412 animi
487 3356 533 3413 sui
549 3355 739 3429 sequentium
753 3360 831 3412 recte
846 3371 970 3427 compo·
989 3367 1093 3433 Cnem
1108 3351 1155 3407 vel
1170 3349 1365 3419 additionem,
1382 3349 1435 3405 sed
1450 3349 1600 3422 quosdam
1627 3354 1743 3419 cantus,
1767 3350 1858 3422 quod

142 3443 199 3501 sita
213 3448 390 3517 pervertere,
404 3459 603 3518 perversaque
624 3442 654 3498 in
669 3457 761 3498 usum
789 3442 971 3513 incorrigibi-
1023 3439 1062 3495 ad
1076 3455 1147 3496 suos
1158 3453 1244 3495 veros
1259 3437 1366 3494 finales
1376 3453 1431 3494 seu
1444 3441 1546 3510 tropos
1558 3437 1722 3512 perducere
1737 3441 1855 3508 teneor,

140 3531 201 3590 lem
216 3532 405 3590 deduxerunt
419 3531 506 3594 adeo,
523 3535 555 3584 nt
566 3530 631 3599 jam
647 3529 796 3600 pessimus
817 3546 891 3586 usus
907 3546 968 3587 ser·
1022 3526 1157 3584 titulabo.
1172 3529 1313 3584 Cantores
1328 3541 1399 3582 vero
1414 3530 1442 3582 et
1460 3525 1586 3582 lectores
1609 3525 1796 3599 hujusmodi,
1821 3532 1859 3586 ut

140 3625 226 3677 vetur
240 3636 295 3694 pro
308 3617 481 3676 auctoritate
495 3621 523 3671 et
535 3619 735 3671 conservetur.
1022 3631 1084 3672 non
1099 3619 1301 3684 arrogantem,
1313 3613 1420 3684 rogito,
1431 3631 1480 3671 me
1496 3618 1611 3687 putent,
1632 3613 1684 3671 sed
1714 3629 1752 3671 ne
1778 3616 1857 3673 tanti

178 3711 252 3768 Sunt
266 3708 355 3764 etiam
370 3702 504 3777 plerique
517 3702 615 3760 clerici
629 3702 677 3758 vel
688 3703 841 3772 monachi,
856 3703 909 3778 qui
923 3719 969 3760 ar·
1023 3705 1151 3762 auctoris
1166 3704 1277 3778 positio
1298 3719 1351 3778 per
1365 3704 1579 3777 depravatores
1608 3704 1735 3760 totaliter
1748 3704 1859 3762 obius-

139 3802 200 3856 tem
223 3793 344 3854 musice
367 3791 594 3865 jucundissimae
618 3807 716 3867 neque
738 3793 845 3864 sciunt,
870 3808 968 3866 neque
1022 3799 1114 3862 cetur,
1128 3793 1207 3850 hano
1219 3793 1435 3850 correctionem
1450 3797 1479 3848 ct
1492 3792 1722 3866 productionem
1737 3791 1858 3868 aliqua·

140 3887 215 3944 scire
228 3883 340 3953 volunt,
352 3887 381 3939 et
393 3881 476 3956 quod
492 3882 613 3952 gravim
629 3887 683 3953 est,
699 3882 825 3939 scientes
840 3882 969 3940 refutant
1020 3882 1086 3940 liter
1098 3897 1324 3954 aggressurum.

140 3980 168 4032 et
182 3973 354 4042 abhorrent,
370 3975 399 4028 et
423 3971 504 4045 quod
532 3971 557 4028 si
584 3971 692 4045 aliquis
707 3971 840 4028 musicus
866 3985 918 4027 eos
931 3970 968 4028 de
1058 3972 1199 4030 Omnium
1214 3972 1338 4046 quidem
1353 3976 1496 4029 cantuum
1510 3971 1578 4029 libri
1601 3971 1734 4030 Gradalis
1760 3973 1857 4045 proli·

139 4066 240 4130 cantu,
254 4076 346 4134 quem
361 4059 409 4116 vel
420 4076 483 4117 non
496 4060 550 4118 rite
577 4060 626 4118 vel
648 4060 846 4133 incomposite
870 4061 967 4134 proie-
1021 4079 1095 4118 xum
1109 4065 1189 4118 esset
1199 4077 1329 4119 errorem
1343 4061 1477 4129 eradere,
1490 4076 1562 4118 nam
1583 4061 1710 4135 quidam
1724 4063 1755 4118 in
1783 4078 1858 4120 can·

138 4155 218 4218 runt,
234 4149 404 4223 compellat,
415 4149 606 4222 impudenter
617 4149 685 4206 irati
697 4149 883 4222 obstrepunt,
913 4165 968 4208 nec
1022 4156 1070 4207 tus
1083 4149 1264 4223 inceptione,
1279 4149 1327 4206 alii
1342 4149 1375 4206 in
1388 4148 1500 4220 medio,
1519 4148 1568 4206 alii
1594 4149 1624 4206 in
1656 4149 1727 4220 fine,
1755 4149 1809 4208 alii
1824 4151 1857 4207 in

138 4237 252 4296 veritati
261 4236 454 4310 adquiescere
468 4237 583 4306 volunt,
599 4254 748 4310 suumque
766 4252 896 4294 errorem
911 4253 968 4295 suo
1021 4243 1240 4313 troporumseu
1249 4237 1412 4296 modorum
1422 4238 1587 4296 elevatione
1598 4239 1856 4314 depressioneque

138 4326 298 4384 conamine
334 4325 508 4382 defendunt.
547 4323 661 4382 Talium
682 4326 772 4397 igitur
797 4325 966 4383 bestialitati
1021 4332 1126 4384 contra
1140 4327 1259 4397 regulas
1278 4327 1464 4382 musicorum
1476 4331 1686 4400 peccaverunt,
1703 4332 1735 4384 ut
1748 4327 1778 4384 in
1795 4329 1855 4386 hoc

138 4431 207 4472 meo
219 4430 275 4488 pro
289 4429 378 4488 posse
392 4428 564 4470 succurrere
573 4413 728 4486 proposui,
743 4413 848 4469 volens
864 4429 968 4486 quem·
1019 4415 1141 4473 introitu
1156 4432 1163 4470 :
1179 4417 1315 4486 Populus
1338 4416 1422 4482 Sion,
1447 4431 1540 4488 quem
1564 4414 1698 4490 plerique
1726 4433 1744 4474 a
1767 4417 1856 4476 finali

137 4503 209 4562 libet
222 4507 345 4561 centum
358 4517 474 4576 percos
489 4501 689 4575 depravatum
713 4500 847 4558 terruinis
873 4502 966 4559 musi·
1017 4505 1188 4579 inceptione
1201 4504 1231 4561 in
1242 4503 1516 4578 diapenteelevant,
1527 4503 1653 4577 quidam
1667 4505 1699 4562 in
1722 4522 1739 4563 c
1761 4511 1856 4564 acuto

137 4592 254 4650 calibus
269 4607 359 4648 suum
380 4590 419 4646 ad
444 4593 576 4664 tropum,
598 4604 661 4646 non
685 4589 839 4646 vocabulis
862 4591 966 4662 graecis
1019 4597 1144 4650 sumunt
1164 4592 1356 4668 principium,
1386 4591 1511 4666 quidam
1534 4593 1566 4650 in
1591 4592 1637 4650 his
1657 4593 1854 4666 dictionibus,

137 4681 219 4740 velut
229 4679 442 4755 speculatione,
466 4679 518 4736 sed
534 4677 662 4753 positiva
692 4677 863 4737 recitatione
876 4681 965 4737 redu·
984 4681 1149 4778 Dscilicet:
1170 4682 1348 4739 clauditque
1374 4681 1476 4750 saciet,
1506 4680 1631 4738 diversis
1654 4681 1856 4741 modulantur

135 4787 212 4829 cere.
225 4770 326 4827 Plures
338 4769 449 4826 etenim
462 4773 564 4842 tropos
579 4766 626 4824 vel
637 4768 745 4825 modos
756 4774 866 4826 vocant
878 4775 966 4828 tonos
1021 4769 1132 4840 modis,
1148 4785 1202 4844 per
1224 4785 1316 4844 quern
1338 4785 1470 4826 errorem
1489 4768 1521 4826 in
1547 4785 1692 4842 magnam
1715 4773 1856 4846 pervenit

135 4876 213 4935 quos
228 4859 386 4928 Gregorius
412 4857 442 4913 in
472 4873 526 4913 suo
550 4855 651 4913 libello
666 4857 791 4914 musicae
813 4859 967 4931 redarguit
1019 4858 1117 4916 dictus
1131 4858 1270 4915 introitus
1286 4857 1363 4931 tropi
1376 4858 1496 4932 septimi
1506 4857 1676 4917 falsitatem.
1700 4860 1790 4918 Juxta
1805 4877 1854 4919 re-

135 4947 257 5004 dicens:
286 4947 448 5004 abusivum
480 4961 544 5002 esse
581 4948 684 5018 tropos
726 4950 813 5003 tonos
843 4963 963 5021 vocare,
1019 4947 1105 5020 gulas
1119 4946 1305 5006 musicorum
1319 4946 1350 5004 in
1364 4945 1497 5019 practice
1518 4945 1732 5016 laborantium,
1759 4949 1856 5008 Theo-

135 5037 297 5092 ostendens
307 5035 396 5092 etiam
406 5039 524 5108 tropum
536 5033 595 5090 dici
609 5037 738 5090 aGroeco
751 5039 865 5108 tropos,
880 5036 964 5110 quod
1018 5035 1091 5107 geri,
1103 5039 1340 5109 caeterorumque
1350 5034 1430 5092 idem
1447 5035 1586 5092 introitus
1604 5036 1795 5112 incipiendus
1808 5042 1856 5097 est

134 5122 344 5194 interpretatur
368 5139 530 5180 conversus
557 5122 605 5179 vel
631 5121 796 5190 conversio,
822 5139 858 5179 eo
879 5124 964 5195 quod
1016 5124 1049 5181 in
1063 5125 1190 5196 Ggravi,
1211 5124 1381 5182 transiliens
1396 5123 1639 5195 indiatessaron,
1655 5126 1718 5183 scil.
1749 5143 1854 5186 cacu-

133 5211 261 5283 quisque
278 5214 380 5283 tropus
401 5211 543 5267 convertit
569 5227 600 5266 se
626 5229 644 5267 a
671 5211 783 5267 caeteris
809 5211 900 5286 tropis
923 5213 963 5270 ad
1017 5216 1091 5282 tum,
1108 5217 1137 5269 et
1147 5212 1188 5268 sio
1203 5213 1234 5269 in
1245 5211 1452 5287 heptachordo
1467 5224 1555 5270 acuto
1578 5213 1767 5271 modulando
1797 5216 1853 5272 rite

134 5313 205 5354 suas
218 5295 349 5368 regulas,
365 5301 393 5352 et
409 5297 599 5372 adproprias
628 5299 742 5370 figuras
768 5299 815 5356 vel
842 5300 959 5359 modos.
1017 5306 1045 5358 et
1060 5299 1277 5358 rationabiliter
1288 5301 1319 5358 in
1334 5301 1390 5374 (35)
1405 5301 1521 5373 Fgravi
1535 5301 1638 5360 sedem
1664 5318 1751 5360 suam
1780 5319 1853 5377 per-

133 5389 167 5443 Et
182 5389 288 5441 tonum
304 5383 434 5441 affirmat
457 5386 516 5443 dici
536 5403 554 5444 a
581 5387 716 5445 tonando
742 5393 794 5445 aut
813 5390 960 5447 sonando.
1016 5390 1098 5447 ducit
1111 5387 1293 5449 edilualem.

133 5573 138 5584 ι
168 5505 223 5578 (ti)
234 5503 321 5570 Quod
336 5504 370 5576 si,
387 5509 419 5560 ut
433 5521 489 5562 ms.
505 5506 710 5579 praeseierrmt.
734 5512 779 5565 est
805 5508 959 5578 (luidonis,
1016 5509 1168 5581 Theogero
1183 5515 1255 5568 sunt
1267 5512 1388 5568 inserta.

130 5574 343 5649 interpolatum
373 5579 473 5634 tamen
500 5576 641 5650 produnt,
669 5595 737 5652 qma
761 5579 816 5636 col.
842 5583 893 5638 4³3
924 5596 960 5637 ex
1053 5581 1109 5654 (35)
1124 5583 1348 5655 nuceram:
