4002 6174
871 119 1036 184 semeriis
1054 115 1193 180 tamnu
1865 129 1920 188 3ae

516 254 629 312 CAPUT
646 253 716 309 Fili.
1045 246 1071 301 Α
1088 263 1182 305 mune
1195 247 1436 324 plaeuithabero.
1448 250 1534 318 Quod
1547 250 1572 308 si
1586 251 1684 328 ipsam
1694 249 1724 308 b.
1739 249 1862 311 mollem
1874 254 1920 311 vis

297 348 342 403 De
353 345 422 402 eliis
436 343 637 413 affinitatibus
652 357 768 410 eoram,
784 345 811 397 et
824 339 854 396 b.
872 345 900 397 et
921 324 950 430 [q
1088 337 1213 394 omnino
1227 355 1289 395 non
1303 340 1425 410 habere,
1440 355 1579 412 neumas,
1603 339 1635 396 in
1650 337 1760 413 quihus
1774 341 1840 415 ipsa
1862 347 1920 410 est,

242 433 270 492 si
284 449 352 507 quie
365 431 429 488 aliae
441 435 512 487 sunt
521 430 689 498 affinitates,
706 445 886 504 easquoque
901 427 1033 484 similiter
1086 424 1129 481 ita
1155 429 1299 500 tempera,
1325 431 1358 484 ut
1371 442 1427 501 pro
1447 431 1476 484 F.
1492 431 1524 485 G.
1542 443 1569 486 a.
1586 427 1693 501 etipsa
1706 427 1738 484 b.
1754 428 1869 487 habeas
1887 431 1921 487 G.

203 523 389 579 diatessaron
403 525 434 578 et
447 521 589 595 diapente
600 521 742 578 iecerunt.
763 524 919 578 Nemeum
931 517 1034 590 diapa-
1087 529 1115 569 a.
1129 504 1169 605 η.
1183 533 1209 573 e.
1226 520 1278 574 aut
1292 517 1316 572 si
1330 516 1396 573 talis
1411 520 1455 574 est
1466 533 1586 586 neuma,
1603 534 1671 590 quae
1697 522 1766 592 post
1786 520 1820 576 a.
1837 523 1870 576 Ε.
1887 522 1919 576 F.

204 625 259 667 son
271 610 303 666 in
317 626 348 666 se
362 609 736 682 diatessaronetdiapente
745 609 865 676 habeat,
877 603 1032 664 ateasdem
1086 602 1117 661 in
1128 604 1292 667 elevatione
1306 606 1368 662 vult
1378 605 1456 663 duos
1470 611 1558 664 tonos
1573 609 1601 664 et
1617 605 1821 679 semitonium,
1834 608 1924 682 quod

202 697 314 756 litteras
328 698 358 755 in
373 698 600 772 utroquelatere
616 697 776 766 contineat,
793 711 910 773 semper
924 695 954 751 in
971 710 1033 752 me·
1087 692 1153 770 ipsa
1166 691 1196 752 b.
1214 695 1311 752 mollis
1338 695 1566 770 tacitamque
1581 700 1650 769 post
1669 698 1702 752 Ι).
1717 699 1747 752 Ε.
1764 699 1794 753 F.
1810 698 1840 753 in
1866 697 1924 754 de-

118 819 122 828 ·
203 786 254 845 dio
263 787 329 861 ejus
346 787 559 862 spatioaliqua
574 787 733 858 estlittera,
743 785 860 861 quoead
874 790 1033 856 utrumque
1110 784 1236 842 osifione
1246 785 1310 842 vult
1320 785 1512 854 duostonos;
1530 801 1587 859 pro
1601 787 1634 842 ll.
1651 788 1681 842 li.
1697 788 1726 842 F.
1742 801 1864 844 assume
1890 805 1922 845 a.

203 876 351 952 diapason
361 878 443 938 latus
453 878 496 936 ita
510 877 658 946 convenit,
672 881 706 936 ut
715 876 763 934 oui
774 875 877 936 littere
905 891 924 932 a
938 873 1034 946 gravi-
1085 799 1155 958 ἑο.
1169 889 1237 947 quae
1249 873 1386 946 ejusdem
1399 879 1469 931 sunt
1485 873 1579 945 modi,
1595 879 1624 931 et
1636 873 1795 948 praedictas
1820 875 1924 934 eleva-

203 965 262 1023 bus
274 967 574 1036 datessaronreddit,
589 967 725 1024 eidemin
738 965 833 1022 acutis
847 979 900 1038 per
912 964 1035 1038 diapen-
1088 964 1184 1020 tiones
1200 967 1229 1020 et
1251 963 1454 1037 depositiones
1477 963 1653 1034 regulariter
1676 963 1797 1022 liabent.
1824 966 1923 1038 liuiu-

205 1059 232 1112 te
247 1055 427 1123 conveniat„
444 1060 477 1112 ut
490 1055 522 1114 in
533 1055 680 1130 superiori
692 1055 790 1125 ligura
804 1058 935 1124 notatur,
945 1057 974 1108 et
985 1051 1033 1108 cul
1088 1051 1185 1109 smodi
1196 1051 1277 1108 enim
1289 1051 1468 1109 elevationes
1481 1056 1510 1111 et
1519 1052 1723 1126 depositiones
1746 1052 1822 1110 inter
1838 1057 1874 1110 lt.
1887 1057 1922 1111 E.

205 1143 379 1215 agraribus
392 1144 531 1217 diapente
542 1142 675 1214 eontulit,
684 1143 785 1200 eidem
796 1159 815 1200 a
826 1141 1033 1215 superioribus
1088 1145 1117 1198 F.
1143 1145 1172 1198 et
1193 1157 1221 1198 a.
1235 1125 1272 1230 u·
1289 1157 1314 1196 o.
1327 1140 1406 1198 clare
1417 1139 1590 1198 disoermns
1601 1141 1810 1199 contusionem
1820 1142 1923 1200 maxi-

205 1233 391 1290 diatessaron
407 1233 501 1304 dabit,
517 1237 549 1289 ut
561 1237 595 1289 A.
611 1235 642 1289 Ε.
659 1247 687 1290 a.
701 1236 734 1290 d.
751 1231 831 1290 enim
853 1237 882 1290 et
893 1235 924 1288 E.
937 1231 968 1288 in
981 1231 1033 1288 de·
1088 1248 1136 1289 me
1148 1231 1330 1288 annuariam
1342 1229 1426 1286 tollit.

204 1319 351 1394 positione
366 1321 561 1390 concordant,
577 1337 645 1396 quia
660 1325 788 1395 utraque
814 1321 934 1378 duobus
955 1320 1033 1378 tonis
1125 1341 1164 1394 150
1172 1336 1364 1396 similitudine
1371 1353 1482 1394 vocum
1491 1353 1591 1411 pauca
1598 1337 1838 1412 perimimus,
1847 1338 1925 1414 quia

205 1409 423 1482 semitonioque
434 1408 598 1466 conficitur.
615 1414 748 1486 itemque
763 1411 795 1466 G·
812 1425 882 1466 cum
905 1409 944 1466 ad
960 1411 990 1468 C·
1006 1411 1035 1463 01
1088 1432 1238 1501 quantum
1252 1427 1416 1485 similitudo
1432 1428 1463 1486 in
1477 1427 1603 1484 diversis
1618 1428 1709 1486 maus
1723 1429 1922 1504 conquritur,

205 1501 238 1556 Ι).
251 1514 305 1572 per
319 1498 565 1573 easdemspeoies
578 1503 705 1570 resonet,
717 1498 806 1566 unius
814 1497 1034 1572 depositionem
1090 1523 1207 1575 mnium
1229 1517 1297 1590 ipsa
1309 1516 1474 1586 diversitas,
1490 1532 1544 1590 pgr
1568 1533 1663 1591 quam
1683 1533 1769 1575 mens
1793 1519 1924 1576 wntusa

205 1587 385 1662 alteriusque
409 1587 605 1646 elevationem
630 1589 770 1662 sumpsit.
786 1591 860 1646 Nam
872 1593 900 1646 et
914 1588 943 1643 0.
957 1591 987 1644 et
1001 1589 1032 1644 G.
1053 1600 1202 1666 Bfflufius
1229 1606 1327 1681 potuit
1346 1606 1495 1676 laborm,
1523 1607 1668 1664 minuitur
1679 1625 1687 1677 ;
1700 1623 1821 1683 semper
1838 1609 1923 1666 mim

205 1677 325 1735 duobus
339 1677 416 1734 tonis
428 1678 540 1753 pariter
553 1682 583 1735 et
595 1678 752 1735 semitonio
768 1681 903 1750 surgunt,
918 1682 949 1735 et
958 1680 990 1734 Ι).
1006 1682 1035 1734 et
1090 1699 1224 1756 adunat,
1237 1696 1344 1754 divisis
1355 1697 1472 1754 faginus
1485 1697 1654 1771 capiuntur,
1683 1700 1796 1756 omnes
1818 1699 1922 1772 itaque

205 1770 237 1826 G.
251 1771 323 1826 tono
338 1771 367 1824 et
382 1767 539 1824 semitonio
561 1768 671 1842 pariter
696 1767 897 1826 inflectuntur.
916 1767 947 1825 b.
963 1783 1034 1824 vero
1088 1788 1172 1845 modi
1191 1786 1455 1860 disgnogonggque
1469 1787 1632 1844 modorum
1641 1785 1688 1844 his
1703 1787 1800 1844 tribu,
1814 1793 1923 1863 apim.

204 1857 380 1928 F⁰t1¹1¹d¹1¹1¹2
393 1856 466 1931 (luia
479 1856 580 1914 minui
595 1862 641 1914 0⁸1
654 1857 803 1928 regulare,
818 1858 902 1930 quod
925 1857 1033 1930 idilffl·
1089 1883 1137 1936 tur
1151 1877 1277 1937 vocibus
1296 1879 1372 1938 Gli.
1389 1879 1420 1934 E.
1434 1876 1642 1935 nisunottones
1657 1881 1760 1935 autem
1771 1877 1840 1936 dieo
1868 1895 1922 1936 eas

271 69 275 79 e

202 1940 342 2003 ‘otumvel
356 1945 446 2003 molle
460 1945 573 2018 dieunt,
586 1962 656 2004 oum
671 1949 700 2004 F.
716 1946 808 2004 habet
828 1947 1034 2018 concordiam,

204 2036 308 2093 etideo
323 2033 460 2093 additum
480 2040 534 2109 est,
549 2037 622 2110 quia
637 2039 665 2092 F.
694 2052 764 2093 oum
792 2041 900 2110 quarta
918 2053 937 2094 a
958 2020 1036 2122 seh!

205 2127 314 2183 tritono
336 2125 490 2183 differente
508 2125 654 2201 nequibat
679 2125 790 2184 hahere
815 2126 1032 2184 concordiem:

205 2218 364 2288 utramque
377 2219 477 2272 autem
490 2214 521 2270 b.
536 2197 565 2297 ξι
578 2217 609 2273 in
628 2217 736 2274 eadem
750 2233 864 2274 neuma
878 2233 939 2275 non
964 2219 1034 2292 jun-

206 2321 271 2378 gas.
285 2310 317 2363 ln
332 2306 440 2364 eodem
451 2322 524 2365 vero
533 2310 624 2365 tantu
634 2306 805 2366 maximeb.
815 2306 898 2364 molli
912 2305 1034 2377 utimur,

205 2395 237 2453 in
248 2411 310 2469 quo
325 2397 357 2453 F.
373 2394 393 2451 t.
411 2395 543 2469 amplius
555 2395 746 2454 continuatur
760 2395 861 2466 gravis
875 2397 922 2454 vel
934 2401 1034 2468 acuta,

205 2483 259 2542 ubi
268 2489 297 2542 et
307 2483 476 2558 quamdam
484 2483 691 2544 confusionem
701 2489 730 2542 et
742 2485 1034 2544 transformationem

205 2573 323 2632 videtur
338 2573 446 2643 iacere,
471 2578 505 2632 ut
519 2577 550 2632 G.
567 2577 653 2632 sonet
675 2577 807 2647 protum,
821 2591 849 2632 a.
865 2574 1034 2650 deuterum,

206 2680 276 2722 eum
288 2664 356 2738 ipse
367 2664 399 2722 b.
414 2663 514 2722 mollis
533 2668 619 2722 sonet
632 2664 749 2734 tritum;
765 2665 846 2723 unde
858 2665 1035 2738 ejusamul-

206 2755 243 2818 tis
256 2768 312 2812 nee
325 2753 439 2814 mentio
454 2754 534 2812 faeta
549 2758 603 2813 est.
624 2753 759 2812 Alterum
781 2747 892 2847 vero&
904 2756 936 2813 in
951 2773 1033 2815 eom·

1089 1985 1157 2042 quse
1182 1984 1200 2024 a
1221 1967 1371 2042 plerisque
1394 1965 1569 2024 differentiae
1593 1971 1749 2035 vocantur,
1778 1968 1837 2025 hoe
1865 1955 1920 2039 e'st,

1089 2059 1267 2118 seculorum
1277 2071 1373 2114 amen.
1386 2054 1557 2113 differentia
1567 2061 1669 2113 autem
1676 2055 1787 2114 ideirm
1798 2057 1920 2130 dieitur,

1089 2148 1221 2224 eoquod
1235 2147 1387 2204 disoemat
1400 2161 1452 2202 seu
1467 2150 1585 2220 separet
1595 2146 1702 2220 plagas
1714 2146 1754 2204 ali
1767 2147 1900 2204 autentis
1914 2167 1921 2217 ;

1090 2243 1232 2296 eaeterum
1255 2234 1391 2302 abusive,
1404 2234 1522 2293 dieitur.
1538 2239 1615 2308 Ergo
1625 2251 1731 2294 omnes
1740 2253 1830 2294 voees
1851 2237 1922 2293 aliie

1090 2344 1158 2386 oum
1174 2326 1222 2384 his
1236 2325 1370 2400 aliquem
1394 2324 1507 2382 habent
1536 2325 1742 2396 ooneordiam,
1756 2342 1811 2384 seu
1823 2326 1856 2382 in
1867 2327 1921 2383 de-

1089 2416 1236 2492 positione
1249 2431 1303 2472 seu
1316 2413 1348 2472 in
1362 2412 1525 2472 elevatione
1537 2432 1543 2483 ;
1559 2414 1648 2472 ndis
1660 2431 1731 2473 vero
1745 2413 1777 2471 in
1791 2419 1921 2488 unoque

1089 2522 1120 2562 se
1132 2504 1275 2562 exhibent
1288 2501 1400 2560 similas
1410 2517 1480 2558 oum
1491 2502 1566 2572 aliis,
1579 2503 1637 2560 nisi
1648 2504 1680 2560 in
1689 2504 1851 2578 diapason.
1863 2503 1922 2562 Sed

1088 2597 1197 2653 horum
1224 2591 1451 2648 similitudinem
1490 2592 1627 2650 omnium
1662 2593 1694 2650 in
1721 2593 1780 2672 hae
1809 2592 1919 2664 figura,

1087 2700 1181 2760 quam
1208 2679 1401 2753 subjecimus,
1430 2681 1568 2756 quisquis
1595 2681 1774 2756 requisierit,
1789 2681 1920 2754 reperire

1086 2772 1204 2850 poterit.

1106 3489 1134 3511 Ξ
1105 3423 1133 3470 (Ι

1312 3409 1349 3802 ·euo3:r!:sodop
1320 3309 1348 3373 σε

1409 3610 1437 3816 smnus
1399 3297 1436 3580 muod‘ezu

784 3245 804 3309 ai

784 3331 804 3372 fl

784 3389 805 3426 0

776 3445 805 3505 σε

784 3523 805 3560 iti

785 3579 805 3622 μ

784 3638 805 3670 0

784 3729 805 3762 a

784 3797 805 3841 :t

1099 4085 1135 4298 odep
1106 3931 1135 4013 u!
1098 3530 1127 3859 uos-edu

624 4547 651 4710 ouon
616 4338 654 4495 odep
625 4245 646 4310 m

526 3875 904 4102 ΠΙ

625 4499 654 4588 ‚38
647 4249 654 4262 -

660 3955 693 4010 ’.Ξ

711 4581 731 4610 S
711 4345 730 4372 S
711 4225 731 4246 t
689 3748 717 3768 i
691 3650 718 3675 t
697 3498 718 3576 ss

740 3969 768 4012 9·

806 3971 828 4030 ,ἢ
776 3854 804 3874 i
776 3689 804 3712 1

996 4389 1034 4649 D'apa
1003 4216 1025 4317 on
996 4065 1025 4144 'n
1003 3960 1024 3994 e
1003 3753 1024 3902 eva
995 3496 1024 3692 'o‘ne

711 4612 740 4792 smum
710 4373 731 4554 nome
710 4249 737 4340 02⁴3
710 4180 737 4225 ss

1108 4653 1115 4666 ·
1107 4601 1128 4636 e
1108 4541 1129 4583 u
1107 4486 1128 4523 ο
1107 4445 1135 4466 ς
1107 4404 1134 4428 τι
1107 4365 1136 4387 ⁷!
1108 4319 1128 4347 s

1394 4461 1432 4745 Diapente
1394 4216 1423 4424 similis

1487 4631 1508 4694 m
1479 4270 1510 4595 elevatione

1361 4973 1368 4988 -

1453 4975 1460 4989 -
1453 4756 1462 4855 -—-.

1479 4679 1486 4690 ο

1541 4973 1548 4986 -

531 5244 644 5302 CAPUT
664 5246 706 5301 lx.
1086 5241 1176 5316 tione,
1190 5246 1224 5300 ut
1234 5259 1262 5301 a.
1283 5246 1312 5302 et
1326 5245 1356 5300 E.
1373 5245 1405 5300 G.
1421 5245 1451 5300 et
1464 5245 1498 5302 u.
1514 5241 1584 5300 site
1595 5242 1628 5300 in
1639 5245 1778 5318 utroque,
1793 5249 1827 5304 ut
1839 5243 1869 5302 c.
1888 5251 1920 5304 et

204 5327 251 5385 De
261 5327 459 5388 similitudine
470 5345 574 5389 vocam
584 5335 616 5390 in
627 5338 729 5402 conta,
741 5347 871 5406 quoram
884 5333 1034 5404 daugma
1086 5332 1118 5388 G.
1128 5334 1159 5387 E.
1169 5321 1240 5422 ein.
1248 5331 1292 5388 ita
1301 5331 1413 5389 similes
1423 5330 1682 5401 iaaiuntneumes‚
1691 5331 1769 5390 adeo
1782 5337 1817 5392 ut
1825 5333 1920 5392 unius

470 5421 535 5477 solo
550 5423 684 5492 perfecto
711 5427 764 5479 est.
1086 5419 1216 5490 oognitio
1229 5421 1344 5494 pamlat
1353 5419 1405 5478 tibi
1420 5421 1554 5490 alteram,
1570 5421 1601 5478 in
1616 5421 1727 5495 quibus
1745 5439 1819 5480 vero
1832 5423 1920 5482 nulla

241 5505 532 5580 Supradietasvooes,
544 5514 634 5582 prout
645 5511 756 5568 similes
766 5515 845 5583 sunt,
855 5513 957 5584 utpote
965 5509 1031 5566 alies
1085 5508 1247 5566 similitudo
1263 5513 1430 5566 monstrata
1444 5513 1499 5579 est,
1512 5509 1562 5566 vel
1570 5526 1638 5585 quae
1650 5509 1840 5570 diversorum
1851 5529 1921 5570 mo-

204 5595 235 5676 ¹1¹
249 5595 429 5668 elevatione,
452 5600 488 5656 ut
499 5598 532 5656 t.
545 5601 577 5656 et
588 5599 624 5657 G.
637 5601 671 5657 lt.
689 5602 763 5660 ete.
777 5598 845 5659 aia
855 5597 889 5657 ia
913 5597 1034 5674 deposi-
1085 5597 1920 5678 detminataltereaiteriueneumanreantmqnenon
