3990 6184
171 213 237 266 1455
397 207 551 266 aemulor
572 209 757 265 nanniano.
778 204 1020 275 AQUlLElENSlS
1039 201 1146 260 EPIST.
1166 205 1213 260 ΑΙ)
1233 202 1376 260 PETltllll
1394 203 1654 262 latrocinantia.
1815 211 1888 264 ¹45⁶

167 333 280 390 cerium
291 332 468 402 angelorum
479 335 508 388 ct
518 329 625 388 Christi
639 329 821 388 mirabilium
837 331 997 406 primatem
1015 331 1040 384 A
1054 329 1188 403 Sponsus
1203 342 1272 384 cum
1286 326 1416 384 claritate
1428 329 1456 385 et
1466 326 1689 398 magnificentia
1703 329 1734 386 in
1745 329 1885 388 thalamo

168 420 205 476 de
213 420 261 477 die
270 421 301 476 in
310 418 391 476 diam
401 419 538 492 quisquis
548 422 686 476 nostrum
694 419 889 493 contemplari
901 418 994 484 valet;
1049 416 1168 483 residet,
1180 419 1208 472 et
1217 432 1288 473 cum
1294 415 1405 487 gaudio
1415 417 1559 474 intrantes
1567 417 1681 490 recipit.
1696 419 1883 492 Priusquam
1980 449 1981 458 ι

168 507 997 583 aquototiuslideinostraauniusbeneiiciipraemiacon·
1047 505 1149 577 januar
1166 504 1353 573 claudentur,
1368 503 1519 562 velocitate
1532 505 1649 579 pedum
1663 507 1745 579 apud
1771 509 1882 582 princi·
1980 479 1981 512 r

168 597 276 668 quirat,
305 601 334 653 et
366 596 464 655 omnis
505 597 732 670 conquisitionis
767 597 937 671 profligatio
966 596 996 652 in
1050 609 1121 668 pern
1135 597 1512 666 nostrumconcurramus,
1526 611 1564 652 ne
1579 595 1671 652 nobis
1684 595 1753 654 loris
1782 611 1883 654 rema-

169 687 308 744 omnium
322 701 423 742 rerum
447 685 611 743 viventium
624 703 660 743 ac
675 703 737 743 non
752 686 924 753 viventium,
944 685 999 743 im·
1051 697 1121 739 uere
1135 682 1298 753 contingat.
1315 682 1451 740 Libenter
1463 684 1543 740 enim
1558 683 1750 757 splendorem
1779 684 1883 756 gloria

167 775 336 832 mobiluum
351 791 473 850 quoque
487 781 516 832 et
529 777 644 833 moveri
671 769 845 845 valentium,
873 789 998 849 corpore
1051 771 1241 845 figuramque
1253 773 1426 830 substantiae
1436 772 1583 830 insanctis
1595 773 1881 843 suisgloriticemus,

169 864 213 920 vel
228 865 335 938 specie,
352 865 511 922 formavel
526 880 634 935 genere
648 864 841 935 famulantes,
857 863 998 921 concordi
1052 867 1081 919 et
1093 862 1362 935 obreparatiouem
1373 877 1484 935 panem
1498 867 1528 920 et
1541 863 1643 920 vinum
1658 879 1743 936 aqua
1756 865 1882 920 mistum

169 952 341 1011 definitione
375 958 514 1027 optemus
538 957 571 1010 ut
598 953 754 1028 proprium
778 954 923 1025 vigorem,
945 953 999 1010 sod
1053 950 1272 1008 assumendum
1287 950 1458 1007 informem
1471 951 1625 1024 pristinam
1639 951 1670 1007 in
1683 952 1883 1008 divinoamo

167 1043 287 1116 proprie
315 1043 360 1100 vel
385 1041 523 1099 ordinem
545 1058 704 1114 magnum,
739 1043 801 1099 sive
836 1041 1000 1100 honestatis
1053 1053 1085 1096 re
1097 1039 1320 1112 participemus,
1336 1055 1372 1095 ac
1384 1039 1452 1096 totis
1474 1039 1627 1096 desideriis
1650 1039 1733 1096 illum
1760 1041 1797 1096 iu
1824 1057 1884 1113 quo

170 1129 418 1188 consuetudinem
432 1129 551 1198 relevet,
566 1135 595 1186 ct
624 1129 764 1200 angelica
790 1129 925 1202 dignitati
953 1130 999 1186 vel
1054 1133 1124 1185 sunt
1137 1128 1240 1186 omnia
1254 1144 1400 1196 amemus,
1420 1130 1507 1200 cujus
1535 1128 1685 1200 passionis
1711 1129 1883 1187 imitatione

169 1219 311 1276 humane
326 1219 478 1276 devotioni
491 1220 602 1293 ubique
617 1236 678 1292 pax
689 1220 999 1277 atveritascustodiat.
1054 1217 1200 1275 immolati
1215 1221 1244 1274 et
1253 1217 1513 1275 coronatisuntilli
1522 1233 1655 1291 quorum
1668 1218 1885 1292 quotidieprae·

175 1311 315 1364 Nostrum
342 1308 431 1365 ctiam
461 1323 551 1380 posse
579 1313 608 1365 et
629 1324 750 1365 necesse
765 1309 796 1365 in
822 1309 887 1380 ejus
910 1308 1000 1365 laude
1055 1306 1181 1363 sentiam
1193 1321 1382 1362 veneramur.
1393 1305 1803 1364 Celebreminannivsrsaria
1815 1311 1886 1364 tem

170 1400 200 1453 et
223 1397 419 1454 admiratione
446 1402 542 1455 totum
577 1397 778 1466 sublevemus,
806 1398 1000 1472 corporisque
1054 1395 1096 1468 pli
1109 1398 1264 1468 portemus
1278 1394 1478 1463 testivitatem,
1493 1398 1522 1450 et
1536 1394 1674 1451 distincte
1699 1394 1809 1452 choros
1836 1413 1886 1452 re-

170 1484 253 1540 visus
268 1488 296 1541 at
308 1485 416 1542 mentis
426 1501 562 1542 recessus
577 1486 636 1542 huc
646 1486 776 1559 illucque
791 1502 853 1546 non
876 1485 1001 1542 diverta-
1054 1483 1217 1541 boantibus
1228 1485 1350 1558 hymnis
1364 1483 1620 1558 lampadibusque
1629 1484 1766 1542 accensis
1780 1484 1812 1541 in
1822 1485 1884 1542 lau-

173 1590 254 1642 mus,
268 1579 301 1631 ut
310 1573 468 1632 diversitas
481 1575 671 1633 secularium
686 1576 725 1633 ab
738 1575 880 1632 electione
907 1573 1001 1632 unita-
1054 1572 1125 1629 dem
1138 1577 1312 1630 sanctorum
1327 1573 1486 1646 pulchram
1499 1571 1789 1630 vocemlevemuset
1799 1590 1883 1631 men·

168 1663 206 1718 tis
232 1667 341 1720 nostrae
367 1664 505 1721 omnium
529 1664 697 1722 voluntates
723 1669 813 1738 atque
836 1679 1000 1722 consensus
1018 1677 1041 1730 Β
1054 1664 1116 1717 tem
1128 1660 1169 1717 ad
1183 1676 1254 1718 eum
1267 1661 1320 1735 qui
1334 1677 1404 1718 cum
1416 1661 1502 1718 Patre
1520 1665 1549 1717 et
1564 1659 1674 1734 Spiritu
1693 1665 1810 1731 amoto,
1836 1663 1881 1718 tri-

169 1752 333 1825 perdurare
340 1757 505 1824 cognoscat
516 1772 523 1822 ;
534 1754 753 1827 hodiequoque
762 1753 869 1810 celsius
876 1751 1000 1828 quando
1053 1765 1112 1806 nus
1126 1753 1154 1807 et
1167 1766 1245 1808 unus
1261 1753 1350 1819 lleus,
1360 1750 1432 1807 vivit
1446 1753 1475 1808 et
1487 1753 1593 1822 regnat
1614 1749 1646 1806 in
1676 1765 1776 1807 avum
1802 1755 1832 1807 et
1852 1752 1882 1808 in

170 1844 230 1898 Rex
241 1857 346 1913 regum
353 1842 393 1899 ad
401 1841 465 1898 Filii
480 1843 526 1898 sui
537 1842 659 1917 nuptias
672 1843 805 1900 invitavit
815 1859 872 1899 nos
886 1841 999 1915 Nuptiae
1054 1839 1157 1896 omnia
1170 1839 1280 1896 sarcula
1295 1839 1484 1896 secutorum.
1499 1843 1604 1896 Amen.

169 1933 281 2002 paratae
306 1936 385 1999 sunt,
412 1930 516 2003 iuquit,
544 1935 573 1986 et
596 1931 687 1988 altilia
714 1935 816 1988 nostra
833 1929 998 1998 ιιιιιιιοιιιιι,
1288 1943 1292 1950 ’

839 2115 918 2155 cluet
939 2114 1043 2154 uenturi
1063 2113 1204 2154 saeviunt.

655 2210 1397 2358 DOMINICUS

435 2419 631 2475 ananensis
664 2419 707 2475 ΕΤ
737 2417 979 2485 canlintensis
999 2419 1032 2472 ΙΝ
1053 2415 1198 2472 ὓΙΤΙΟΝΕ
1217 2416 1354 2470 venata
1373 2413 1611 2471 parmaneat.

498 2614 983 2737 1³0thth
1042 2611 1545 2734 EPlS'l'OLA

307 2867 309 2871 .
382 2817 454 2902 tu
514 2814 741 2903 Ριιιιιιιι
803 2813 1203 2903 cavariacum
1269 2810 1661 2900 auvtoounuuu

573 2976 681 3048 (Edidit
700 2980 881 3048 consuamus,
901 2977 1044 3035 Ecclesia
1058 2975 1305 3048 grecelioaum,
1328 2977 1360 3044 ll,
1386 2975 1459 3044 108.)

916 3103 1068 3110 ’.α-...αο-
1080 3103 1084 3108 -
1099 3102 1106 3109 .
1116 3102 1123 3108 .

211 3169 472 3228 Excellentissimos
501 3175 610 3228 sancta
632 3171 711 3228 sedis
739 3170 875 3228 Ecclesia
904 3171 1001 3228 Antio-
1021 3173 1148 3228 Cstram
1163 3169 1504 3243 perveniresestinamus
1517 3188 1524 3237 ;
1539 3169 1885 3244 charitatemperlectam

172 3260 329 3317 chensium
342 3259 463 3334 prasidi
475 3259 617 3317 eminenti
632 3259 820 3334 patriarchae,
842 3275 957 3330 magno
972 3265 1000 3318 ct
1026 3335 1028 3340 ι
1052 3261 1128 3317 inter
1143 3277 1199 3316 nos
1215 3258 1367 3317 fundaturi
1382 3274 1473 3332 supra
1484 3275 1579 3332 quam
1592 3259 1624 3315 in
1634 3265 1789 3333 postemm
1816 3277 1884 3334 qne

168 3348 335 3422 apostolico
348 3348 421 3418 viro,
439 3351 592 3405 lloumrous
609 3349 659 3406 llei
674 3348 769 3419 gratia
784 3347 943 3406 Gradensis
971 3352 999 3405 et
1053 3349 1103 3407 llei
1119 3355 1189 3406 sunt
1208 3349 1357 3407 excelsius
1368 3347 1597 3406 aedificabimus.

169 3437 369 3510 aquileiensis
384 3436 519 3494 Ecclesia
531 3437 713 3511 patriarcha.
1088 3444 1114 3496 3.
1130 3442 1268 3496 Attamen
1293 3439 1351 3495 hoc
1380 3437 1549 3512 paternitati
1572 3440 1674 3494 vestra
1706 3442 1804 3494 tacere
1818 3455 1884 3497 non

206 3531 230 3583 t.
247 3527 463 3596 Admonemus,
482 3526 580 3582 omnis
604 3525 745 3584 desiderii
765 3542 800 3582 ac
828 3526 998 3583 reverentiae
1051 3543 1225 3602 possumus,
1239 3527 1445 3601 quodaclcro
1457 3526 1778 3596 Constantinopolitano
1803 3542 1877 3582 san-

166 3620 247 3682 voto,
259 3631 329 3671 cum
338 3615 495 3688 proposito
504 3614 998 3688 fidelissimiobsequii,uostraere·
1052 3620 1132 3674 ctam
1145 3620 1312 3672 Romanum
1327 3614 1491 3671 Ecclesiam
1512 3610 1662 3684 vituperari
1687 3609 1874 3670 audivimus.

165 3702 997 3778 varentiaetamicitiahonorarietcoliEcclesiamtuam‚
1051 3702 1284 3775 Reprehendunt
1293 3702 1384 3773 igitur
1397 3700 1597 3758 sacratissima
1622 3713 1738 3771 azyma,
1763 3697 1882 3770 quain

172 3795 355 3866 quaenostrm
371 3789 473 3848 matris
489 3792 631 3848 ltomauae
656 3790 792 3848 Ecclesia
821 3807 906 3848 soror
933 3807 997 3850 esse
1051 3791 1522 3866 corporerristisanctificamus
1535 3790 1738 3855 etsumtmus;
1751 3787 1886 3860 atquein

166 3881 365 3953 cognoscitur,
379 3884 468 3954 atque
483 3879 650 3937 fundatoris
666 3879 845 3952 animantis,
863 3881 935 3937 Petri
955 3881 997 3938 vi·
1050 3881 1108 3937 hoc
1121 3897 1178 3937 nos
1190 3885 1326 3954 expertes
1340 3879 1419 3936 illius
1450 3879 1586 3952 corporis
1613 3881 1764 3946 asuunnt,
1789 3881 1820 3932 et
1847 3876 1886 3931 ab

165 3972 271 4029 delicet
286 3967 736 4044 apostolorumpriueipis,post
750 3970 998 4042 secundamprae-
1051 3968 1614 4041 unitateEcclesiaejudicantssparatos
1627 3963 1729 4038 ;quod
1741 3964 1888 4020 ιιιιιιιιιιιιι
1980 4023 1981 4036 ¹

168 4059 298 4117 dicatur.
315 4059 363 4116 llis
377 4059 466 4130 igitur
479 4058 610 4128 omissis,
625 4058 707 4116 tama
721 4059 837 4132 pietatis
851 4063 919 4125 tum,
937 4059 996 4116 fide
1051 4055 1166 4129 absque
1182 4056 1321 4114 mistione
1335 4056 1472 4112 fermenti
1488 4054 1706 4112 Eucharistiam
1735 4053 1886 4108 sacrifice-

167 4165 201 4204 ac
215 4163 305 4221 opere
315 4148 403 4222 plene
418 4147 517 4221 ipsam
530 4163 562 4202 se
575 4147 687 4220 ubique
698 4146 901 4219 proclamans,
919 4149 998 4218 cogit
1051 4161 1129 4215 mus,
1143 4146 1195 4202 ubi
1211 4162 1266 4202 uos
1281 4145 1427 4203 unitatem
1441 4143 1597 4203 catholice
1612 4141 1750 4200 Ecclesia
1766 4157 1886 4199 servare

166 4253 222 4295 nos
237 4237 383 4292 humilem
398 4236 450 4292 tibi
464 4235 662 4294 reverentiam
675 4235 800 4292 reddere
816 4252 827 4302 ,·
852 4251 907 4300 neo
935 4253 996 4295 nou
1051 4235 1115 4292 sine
1132 4234 1266 4308 quolibet
1293 4234 1452 4292 schismate
1466 4234 1640 4308 cupientes,
1668 4232 1802 4288 maxime
1821 4247 1884 4302 ary·

166 4329 194 4382 tc
208 4324 356 4399 perviam
370 4322 488 4379 Domini
500 4323 666 4392 incedente,
678 4323 804 4396 veshgia
822 4329 874 4382 tua
899 4325 994 4398 sequi.
1050 4339 1170 4380 morum
1180 4323 1439 4392 consuetudinem,
1455 4339 1517 4380 non
1532 4323 1631 4380 solum
1646 4321 1815 4394 apostolica
1829 4318 1876 4374 sed

204 4420 229 4471 i.
257 4417 315 4471 Nos
344 4427 415 4483 ergo
451 4411 483 4468 in
511 4413 735 4484 septentrionali
756 4429 833 4472 zona
856 4414 996 4486 longissi-
1050 4413 1140 4470 otiam
1151 4413 1280 4487 ipsamet
1290 4412 1406 4470 Domini
1420 4411 1583 4468 retinemus
1594 4410 1767 4467 traditione.
1776 4411 1879 4465 Tamen

166 4505 224 4562 mis
238 4509 323 4561 terrm
353 4501 506 4575 marisque
533 4500 694 4557 intervallis
718 4501 815 4571 divisi,
835 4505 929 4562 animi
953 4509 997 4562 ta·
1016 4521 1039 4574 p
1053 4501 1125 4576 quia
1139 4501 1307 4559 tormentati
1320 4501 1407 4575 panis
1417 4517 1503 4558 sacra
1516 4498 1688 4557 commistio
1701 4514 1719 4554 a
1731 4495 1883 4554 sancu'ssi·

165 4610 237 4650 men
252 4608 354 4650 amore
384 4591 667 4663 conjunctivam
701 4591 865 4648 sanctitatis
887 4593 997 4650 notitias
1052 4593 1109 4648 mis
1125 4589 1359 4664 orthodoxisque
1371 4588 1506 4646 Patribus
1525 4587 1722 4645 Orientalium
1744 4584 1886 4642 Ecclesia-

167 4682 347 4754 agglutinari
372 4681 522 4754 cupimus,
549 4680 647 4736 mutui
673 4678 785 4736 amoris
813 4679 902 4738 uobis
928 4697 997 4755 par·
1051 4695 1120 4737 rum
1135 4684 1258 4752 accepta
1273 4679 1413 4749 creditur,
1427 4694 1462 4734 ac
1477 4675 1606 4747 legitime
1623 4679 1707 4732 tanta
1725 4679 1887 4746 utramque

167 4771 370 4845 ticipationem
395 4769 581 4844 rependenti.
611 4771 797 4843 Quapropter
829 4768 998 4827 indicamus
1052 4767 1301 4826 consuetudinem
1315 4764 1659 4835 fidelitarintelligamus,
1673 4761 1888 4834 intellectuque

167 4866 301 4918 nostram
332 4859 493 4918 Ecclesiam
524 4876 542 4916 a
578 4859 659 4916 beati
691 4858 778 4916 llarci
810 4858 997 4930 evangelistas
1052 4855 1582 4930 spiritalisolubriterconfirmemus.
1599 4856 1673 4909 Nam
1689 4851 1829 4907 immenti
1860 4855 1888 4904 et

166 4949 317 5026 praeconio
343 4943 506 5022 sumpsisse
531 4947 678 5019 originem
703 4967 710 5016 ;
739 4948 811 5005 item
835 4947 924 5006 beato
950 4951 997 5006 Pe·
1051 4945 1153 5004 farinae
1167 4943 1346 5010 commistio,
1362 4959 1424 5016 qua
1440 4943 1565 5000 Orientis
1581 4945 1706 4998 utuntur
1734 4939 1887 5008 Ecclesia,

167 5045 212 5097 tro
245 5039 451 5106 constituente,
492 5039 639 5094 honorem
672 5037 833 5110 patriarchi
866 5038 997 5095 nominis
1050 5035 1197 5092 incarnati
1227 5033 1313 5089 Verbi
1343 5032 1476 5089 declarat
1499 5030 1721 5095 substantiam
1756 5026 1889 5100 simplex
1980 5097 1981 5104 ἵ

165 5129 245 5186 intra
277 5126 388 5184 ltaliam
408 5129 554 5184 duntaxat
572 5127 714 5185 habuisse
731 5131 779 5192 3et
805 5127 836 5184 in
862 5131 997 5185 llomano
1051 5139 1122 5181 vero
1158 5139 1258 5179 massa
1292 5137 1469 5194 azynmrum
1498 5136 1591 5193 quam
1631 5121 1765 5175 Romana
1808 5119 1890 5172 tonet
1980 5115 1981 5128 ι

168 5221 325 5283 conventu,
350 5216 573 5274 consessionem
608 5216 785 5273 oecumenici
812 5231 902 5290 papae
924 5216 996 5274 dcx·
1052 5214 1193 5282 Ecclesia,
1223 5212 1383 5286 puritatem
1411 5212 1553 5267 humanas
1578 5208 1688 5275 carnis,
1704 5221 1798 5280 quam
1822 5204 1890 5277 pla·
1980 5271 1981 5284 χ

167 5315 246 5368 tram
259 5305 433 5373 obtinuisse,
450 5305 675 5379 ciuesquidem
690 5305 731 5362 rei
747 5305 885 5364 ordinem
910 5305 997 5362 vohis
1051 5303 1111 5359 cuit
1136 5299 1284 5358 divinimi
1309 5298 1364 5355 sibi
1387 5299 1483 5366 unire;
1498 5297 1572 5356 citra
1587 5294 1824 5354 controversiam
1839 5307 1890 5348 re-
1980 5301 1981 5324 ι

167 5396 285 5470 plenius
299 5395 399 5452 tuturo
414 5399 548 5474 tempore
557 5394 763 5463 ostendemus
776 5400 938 5468 postquam
960 5411 995 5452 cx
1051 5395 1219 5465 praesentat.

168 5490 273 5542 mutuo
288 5484 421 5560 rescripti
433 5501 498 5548 usu
513 5483 580 5540 de
562 5501 598 5540 us
608 5500 675 5558 quaa
691 5483 833 5540 adfidom
848 5484 998 5556 pertinent
1085 5483 1111 5537 l
1124 5481 1227 5553 ltaque
1239 5477 1377 5548 redargui
1403 5475 1516 5532 debent
1540 5491 1559 5532 a
1585 5479 1683 5530 vestra
1707 5451 1890 5546 paternitate

169 5569 346 5630 adinvicem
360 5571 622 5631 declaraverimus.
639 5573 724 5630 llodo
749 5576 865 5630 tantum
890 5576 997 5629 vestrm
1051 5587 1102 5644 qur
1095 5567 1392 5644 adeoimpudeuter
1406 5566 1500 5622 sacris
1511 5563 1743 5638 apostolicisque
1755 5560 1890 5618 sanctio-

169 5656 325 5732 probitatis
349 5679 451 5720 amore
475 5661 564 5736 capti,
589 5661 629 5720 ad
657 5662 752 5719 solam
780 5661 917 5719 notitiam
943 5678 993 5718 ve·
1048 5659 1367 5726 uibuscontradicunt;
1382 5654 1666 5730 etinquoadifloaro
1684 5653 1888 5711 arbitrantur·
