3990 6184
59 137 166 196 rare·
312 103 314 108 λ
687 132 926 193 ermonem
940 132 1154 196 moure.
1705 148 1775 212 im

1 249 3 268 *
56 261 253 336 poscentirm
264 259 373 318 animis
384 257 477 317 ruci
489 257 651 316 damone
671 258 833 334 inpertire.
852 261 894 314 i'n
907 260 932 314 Α
946 274 966 316 a
979 258 1067 318 nohis
1080 262 1250 338 nosrisque
1262 262 1389 337 pesteris
1412 263 1605 338 poct’iidhtrs
1620 281 1777 331 conmuc-

1 351 2 356 ’
59 351 122 408 hoo
136 349 303 408 enimiucri
315 349 505 424 pottss'unum
519 347 717 421 prumiense
740 346 894 405 conditore
915 377 918 386 ·
948 351 1005 419 tur,
1017 349 1042 406 si
1053 351 1297 429 archiepiscopus
1308 353 1439 426 iareim
1467 354 1620 430 omsoopio
1646 362 1702 432 eet,
1722 373 1777 422 no·

57 440 203 497 omnium
217 443 279 496 Deo
291 438 397 514 procui
410 437 506 495 dubio
519 451 739 510 promeremur,
753 436 829 493 dum
846 450 895 492 re
947 438 1034 496 luerit
1042 451 1228 500 consecrare.
1245 446 1360 502 bemus
1373 459 1496 518 qucqtre
1510 445 1661 508 mmmm
1689 449 1777 508 votis

57 525 209 587 nerahiiie
222 529 290 587 ioca
304 533 452 603 oportune
461 527 603 586 ordinate
616 528 657 586 ed
668 527 825 586 meliorem
833 526 895 582 rur
946 532 977 586 et
989 530 1096 586 restris
1108 531 1249 590 huchue
1262 533 1485 592 inmcnesteric
1503 537 1619 594 Senotu
1633 535 1729 597 iterio
1738 537 1777 596 de

57 621 121 676 rint
133 619 198 676 sine
211 619 308 676 dubio
321 621 435 678 ctutum
448 615 604 692 perdocte
633 617 725 690 igitur
747 616 820 689 quie
842 630 894 689 po
951 618 1057 676 solaco
1069 619 1285 691 habitenu‘bus,
1303 622 1703 697 rqumcmqwotuertc'r
1717 623 1778 700 epi·

59 706 311 767 stuiuruencbie
327 711 359 765 ut
371 707 533 782 praeiattrm
546 708 764 766 menantium
779 709 893 765 sancta
948 723 1042 782 scopo
1050 711 1154 767 omnia
1169 728 1241 770 vase
1253 712 1414 771 moreni
1440 711 1591 786 ordinere
1619 719 1651 774 et
1674 729 1779 774 oseae·

60 795 160 859 iterts
174 799 348 872 epcstfflcte
359 797 441 855 sedis
454 799 630 856 auctoritate
644 799 841 880 muniremur,
864 798 895 852 et
948 811 1033 856 erere
1044 801 1159 858 rcthus
1174 800 1491 874 destructorium
1500 803 1678 880 eedpieedi.
1689 805 1778 872 ttuod
1830 815 1833 824 ⁴

58 887 436 961 omuiueiuspertinentia
460 887 586 961 perenni
597 889 664 960 jure
684 883 894 944 inviciabr'iiter
948 887 975 943 si
985 887 1207 963 qualiscunque
1233 891 1339 960 bomo,
1361 891 1521 964 cuiuslibet
1544 891 1699 966 potestatis
1719 892 1779 953 exi.-

58 977 271 1052 permanenda
282 973 541 1046 confirmaremus,
555 977 712 1051 etsbsqne
725 975 893 1048 omnijugo
947 979 1041 1046 utens,
1056 977 1470 1053 aliquampressnnrptionem
1492 984 1599 1040 contre
1621 980 1680 1040 hoc
1704 991 1779 1055 apo·

59 1067 122 1124 sub
136 1066 248 1124 ditione
262 1067 471 1140 uniuscunque
482 1081 631 1140 personas,
644 1069 769 1140 excepto
784 1065 894 1123 abbate
948 1067 1060 1124 stoiicce
1074 1067 1312 1126 confirmationis
1323 1068 1515 1142 privilegium
1529 1085 1629 1142 egere,
1645 1073 1777 1144 cuipter-

61 1159 181 1214 &netu
196 1155 346 1228 sruciaet
359 1156 422 1214 sris
436 1153 604 1224 monachis,
628 1155 821 1214 constabiiire
841 1169 894 1211 no
946 1153 1043 1212 iatum
1056 1156 1285 1228 murmurium,
1294 1173 1366 1214 curn
1378 1157 1522 1216 omnihus
1542 1157 1605 1214 suis
1629 1159 1778 1231 pertinen-

61 1246 116 1302 stri
126 1243 271 1320 privilegii
286 1245 400 1320 pagina
420 1245 688 1304 corroboraremus
704 1263 712 1315 3
734 1248 894 1319 propterea
947 1244 1005 1314 tiis,
1018 1257 1144 1302 cautere
1155 1245 1315 1320 putaverit,
1327 1245 1375 1304 vei
1385 1245 1542 1320 preceptis
1553 1247 1778 1310 nmuirinerc-

59 1334 199 1391 tuisflsxt
209 1332 362 1408 precibus,
385 1345 439 1408 per
461 1335 553 1407 hujus
578 1339 688 1392 nostre
711 1332 894 1392 euetoritab's
947 1331 1038 1392 nibus
1064 1349 1134 1409 quse
1158 1335 1207 1392 hic
1234 1335 1345 1410 scripta
1378 1339 1448 1394 runt
1474 1335 1652 1394 inobediens
1679 1337 1776 1408 scrut,

1 1447 2 1450 ¹
60 1424 253 1498 privilegium
266 1424 470 1494 decernimus,
485 1429 638 1482 utomnes
651 1429 744 1484 tures
757 1424 853 1481 cultas
866 1425 895 1480 et
949 1423 1123 1482 auctoritate
1147 1424 1198 1481 Dei
1222 1428 1250 1481 et
1276 1429 1381 1483 nostre
1402 1439 1465 1484 non
1491 1425 1592 1484 solun
1615 1425 1778 1486 anathemo

58 1511 312 1586 incuitas‚servoe
324 1525 448 1588 quoque
461 1514 632 1587 etanciiius,
646 1519 675 1572 et
697 1527 788 1572 omne
811 1512 893 1587 quod
949 1515 1138 1583 maranatha,
1152 1514 1185 1570 id
1200 1518 1244 1572 cst
1256 1514 1391 1588 perditus
1405 1514 1437 1571 in
1460 1514 1571 1574 secrde
1595 1514 1777 1574 soenorum

57 1603 122 1661 dici
132 1609 186 1662 aut
199 1591 351 1662 nominari
362 1607 470 1677 potest,
485 1604 584 1662 eidem
597 1601 781 1663 monasterio
804 1602 895 1677 porti-
910 1619 931 1677 p
948 1603 1258 1674 circumureretur,
1274 1605 1329 1662 sed
1343 1604 1494 1678 inrupere
1505 1617 1600 1676 regno
1629 1605 1681 1662 itui
1706 1604 1777 1665 etie-

59 1692 416 1767 conductorumque
436 1693 467 1750 iu
495 1693 597 1750 tuturo
625 1693 787 1766 stropibus,
815 1697 895 1751 autu
947 1693 1206 1761 susurratori
1220 1693 1352 1768 scrupis
1363 1693 1548 1765 benignitate
1558 1693 1777 1754 motorobsor

60 1783 205 1854 oucibus,
225 1785 278 1839 aut
290 1793 310 1839 s
320 1782 455 1856 quehbet
474 1794 608 1858 persona
624 1783 760 1840 fidetium
781 1783 894 1840 ibidem
947 1783 1072 1852 versut,
1086 1783 1327 1842 bmedietionm
1338 1788 1369 1842 et
1383 1785 1511 1856 graham
1524 1800 1544 1843 ι
1558 1785 1686 1844 minino
1698 1799 1777 1844 con

59 1872 211 1928 densium
242 1876 295 1929 sut
321 1871 460 1929 obierum
492 1872 600 1942 tuerit,
634 1873 738 1930 rosim
768 1869 895 1930 auotori-
948 1873 1207 1946 scquimsrcaorr.
1805 1927 1809 1934 .

60 1961 262 2018 teteiiberum
290 1960 332 2018 sb
346 1961 430 2018 omui
457 1965 601 2019 extranee
626 1965 804 2035 permeneet
827 1973 895 2034 per-
981 1961 1304 2038 scupumpsrmenos
1318 1964 1605 2036 eerphurhiscririi
1627 1965 1778 2024 meritae-

63 2063 151 2106 sona.
165 2049 248 2107 {inde
262 2050 403 2106 volumus
415 2053 448 2107 ut
464 2051 565 2107 nulius
590 2051 768 2124 vicecomes,
791 2050 893 2108 nutius
946 2049 999 2108 stri
1013 2051 1125 2124 peicib,
1141 2067 1245 2110 mense
1257 2051 1404 2126 Octobris,
1417 2051 1581 2112 indictione
1593 2053 1711 2127 quinte.

60 2133 288 2208 comesurum
309 2139 563 2214 archiepiscopus,
593 2140 695 2198 nulius
719 2139 892 2216 episeopus,
1349 2141 1382 2198 ii

60 2239 161 2301 neque
174 2237 287 2299 megne
299 2241 433 2302 parvare
446 2229 621 2304 personatu
634 2231 677 2288 eis
691 2241 761 2305 quse
774 2245 825 2288 res
851 2229 895 2286 di·
948 2228 1103 2285 Bermtra·
1116 2231 1162 2285 IX
1173 2231 1300 2300 eputoto
1320 2229 1362 2286 od
1387 2229 1558 2286 linteum
1584 2228 1778 2299 crepam

61 2321 116 2374 ctu
130 2321 210 2387 suut,
225 2321 405 2390 potestatem
427 2323 597 2388 exerceant,
629 2323 682 2376 aut
705 2320 769 2376 vim
797 2320 894 2377 tacere
982 2318 1118 2390 etiorpce
1132 2320 1291 2376 cosmos
1301 2319 1336 2375 s.
1350 2319 1538 2379 romum
1552 2317 1705 2378 serm.

60 2410 261 2480 presumant,
277 2405 323 2462 rei
335 2411 440 2464 contre
451 2407 509 2463 hoc
519 2407 894 2482 privilegiumuliquidad-
913 2437 914 2444 1
1254 2405 1355 2478 (Anno
1366 2409 1457 2474 11131.)

61 2495 210 2552 versitatis
226 2509 315 2566 agere
326 2495 469 2552 audeant.
486 2497 634 2552 Etomnes
649 2495 895 2570 archiepiscopos
1109 2496 1252 2566 [ersmu
1268 2497 1361 2554 [totto
1376 2509 1475 2562 rcere,
1501 2493 1549 2567 111,
1560 2495 1618 2566 tta]

1 2573 13 2588 ⁶
63 2588 94 2640 et
107 2583 276 2657 episcopos,
298 2587 480 2658 ceterosque
509 2583 686 2641 elericorum
712 2585 742 2641 in
769 2583 895 2658 pretato
985 2587 1155 2642 meruimus
1169 2572 1462 2659 episcopus‚‘serurs
1480 2582 1710 2656 serrorude,
1736 2583 1779 2640 di·

64 2672 248 2729 monasterie
262 2676 291 2729 et
304 2672 335 2728 in
348 2672 490 2729 omnibus
519 2674 581 2730 suis
603 2665 788 2747 pertinentiis
812 2673 897 2731 ditio-
948 2672 1196 2730 iectcuchristc
1218 2674 1363 2743 11011110,
1392 2675 1421 2732 S.
1445 2673 1623 2732 iterentinre
1642 2671 1778 2730 decide

64 2773 136 2817 nem
150 2760 319 2834 qmmithet
331 2759 444 2818 hebere
458 2763 632 2820 auctoritate
648 2763 812 2837 apostolica
825 2775 896 2837 pro-
949 2762 1122 2836 praeposito,
1136 2759 1262 2836 sitisque
1275 2762 1431 2820 canonicis
1448 2769 1479 2820 et
1496 2761 1698 2820 connubiis
1718 2760 1779 2820 acts

65 2851 215 2908 bibemus.
232 2851 426 2908 Absolrimus
437 2855 470 2909 ut
483 2849 508 2908 si
522 2852 630 2927 aliquis
656 2853 898 2911 excommunice—
949 2855 979 2908 et
989 2851 1212 2909 successoribus
1224 2851 1256 2909 in
1270 2856 1460 2926 perpetium.

66 2945 125 3009 tus,
137 2941 316 2998 mmaueur
328 2940 447 3010 Christi,
462 2941 500 2998 de
514 2955 698 3017 semenque
717 2943 848 3014 regione,
879 2959 933 3032 αθ
987 2939 1016 3000 Si
1027 2941 1288 3014 tususservorurn
1309 2942 1360 2999 itei
1383 2939 1577 3016 perduntur
1604 2938 1779 3000 admoui·

68 3025 139 3085 setis
152 3029 380 3103 ortuusquead
395 3043 548 3100 oceasum,
572 3029 738 3104 udvenerit,
752 3047 790 3088 ex
812 3036 897 3105 perte
950 3043 1029 3099 mus,
1039 3030 1145 3103 procui
1158 3029 1253 3088 dubio
1267 3029 1434 3104 apostolice
1446 3033 1597 3104 praecepte
1606 3041 1778 3088 servemu.

67 3117 117 3174 bei
130 3121 272 3175 etncstre
287 3117 417 3175 absoluti
442 3119 511 3190 sint,
538 3119 676 3193 quandiu
693 3120 725 3176 iu
752 3123 897 3194 potestete
950 3121 1139 3194 Quapropter
1147 3119 1281 3177 thoiineti
1293 3117 1434 3192 precibus
1448 3119 1519 3188 viis,
1531 3117 1575 3174 uti
1592 3116 1779 3187 chetim,

68 3211 178 3264 sancto
188 3207 402 3264 iteiGeniuicis
415 3207 534 3278 tuerint,
550 3209 590 3266 ab
614 3209 698 3267 omni
722 3223 897 3267 excommu-
949 3209 1169 3267 confirmemus
1198 3213 1289 3282 etque
1323 3207 1559 3267 corroboremus
1586 3205 1640 3264 tibi
1662 3205 1782 3280 tuisque

67 3295 226 3364 nicatore,
242 3297 305 3352 sire
329 3295 369 3353 ab
395 3297 634 3372 archiepiscopo,
658 3298 720 3356 sive
742 3298 897 3372 episcopo,
951 3297 1176 3356 suecessoribus
1191 3297 1344 3356 canonicis
1357 3296 1506 3372 quidquid
1520 3296 1551 3352 in
1570 3295 1686 3370 pagina
1708 3307 1782 3352 oon·

68 3386 193 3459 excepto
206 3384 318 3442 abbate
333 3387 450 3443 Sancite
462 3387 563 3444 Crucis
576 3387 683 3444 etsuis
697 3387 854 3445 monachis
866 3387 899 3444 in
952 3386 1107 3456 cessimus,
1121 3390 1148 3442 et
1158 3384 1404 3456 confirmationis,
1429 3397 1527 3459 quam
1546 3383 1667 3441 videm
1690 3380 1780 3444 robis

68 3469 323 3550 supradictotoco
336 3475 553 3534 habitantibus.
570 3477 685 3544 Quibus
710 3479 821 3535 damus
847 3489 900 3552 po-
952 3476 1057 3534 iecisse
1080 3476 1250 3550 episcopus,
1277 3475 1366 3534 nobit
1402 3473 1613 3550 presentibus,
1638 3472 1782 3546 scriptum

69 3569 204 3622 esrem
231 3565 345 3637 iignum
384 3569 475 3639 atque
504 3565 639 3623 mirandi
665 3571 769 3625 contro
792 3581 899 3624 ornnes
951 3571 1155 3638 esseconstat,
1170 3567 1339 3624 deuectam
1360 3566 1392 3624 in
1418 3565 1487 3640 ipsa
1511 3568 1610 3624 vestre
1638 3561 1784 3620 canonica

69 3655 165 3712 maios
180 3655 373 3726 Christianos,
387 3656 440 3728 qui
454 3655 568 3729 aliquid
583 3655 654 3713 maii
682 3656 714 3713 in
740 3658 899 3730 prefatum
952 3657 993 3713 ita
1004 3655 1036 3712 in
1047 3656 1139 3731 modo
1152 3659 1288 3714 servetur
1300 3655 1406 3726 regula
1425 3669 1520 3730 quam
1529 3651 1640 3711 seilicet
1663 3648 1784 3708 canoni-

70 3745 286 3802 monasterium
299 3748 330 3801 et
341 3742 525 3801 habitatores
535 3744 594 3801 ioci
606 3743 789 3802 iliiustscsre
800 3747 900 3803 sciue-
953 3759 1022 3801 eam
1037 3744 1183 3801 tuendum
1198 3748 1227 3800 et
1238 3742 1462 3800 defendendum
1475 3758 1529 3814 per
1543 3740 1684 3799 eamdem
1700 3737 1783 3811 pagi-

72 3834 139 3891 rint.
155 3831 317 3890 Ecclesium
337 3845 410 3889 vero
431 3833 548 3892 Sancite
577 3833 689 3905 crucis,
719 3835 844 3891 consilio
871 3837 902 3892 et
954 3849 1026 3890 nam
1041 3832 1104 3906 ipse
1119 3831 1236 3889 videtur
1251 3830 1422 3904 episcopus,
1446 3833 1569 3898 nostru,
1597 3831 1784 3885 nostrorum-

70 3923 271 3998 preeceptione
294 3923 440 3980 minans
468 3922 606 3980 Ecclesiae
635 3923 805 3995 muratam,
830 3935 901 3981 conr
954 3937 1013 3996 que
1028 3933 1237 3978 successorum
1252 3917 1425 3995 apostolico
1443 3913 1613 3974 succursu
1638 3913 1783 3971 tuendam

71 4012 133 4068 suis
146 4011 307 4069 monachis
321 4015 351 4068 et
365 4025 435 4068 cum
452 4011 598 4070 omnihus
619 4009 684 4068 suis
703 4012 900 4086 perimenuis,
953 4013 983 4068 et
991 4009 1214 4068 detrudendum
1224 4007 1378 4065 ccmmisit
1389 4011 1482 4081 aque
1492 4003 1667 4078 supposuit,
1690 4005 1784 4075 utque

71 4099 250 4158 liberarum
264 4101 348 4158 omni
363 4101 901 4159 excommumccticuevaivexeucoe
953 4115 991 4160 ea
1005 4105 1034 4158 et
1049 4097 1293 4157 securiubomui
1307 4095 1429 4155 iussione
1456 4105 1634 4170 mutauere
1660 4091 1784 4150 niseus

73 4193 278 4266 cujuscumque
289 4201 428 4265 persons
441 4205 507 4248 esse
534 4191 736 4265 precipimus.
763 4191 903 4248 Similiter
955 4189 1123 4259 desideri03
1140 4190 1197 4246 hec
1211 4189 1313 4262 itaque
1324 4187 1467 4262 petitione
1475 4189 1529 4243 tue
1549 4182 1685 4258 incincti
1705 4181 1784 4252 dixi-

71 4275 371 4337 rolumusutuuiius
394 4276 565 4354 episeopus,
590 4279 622 4336 iu
647 4281 735 4354 cujus
758 4276 903 4355 percoiria
956 4273 1420 4353 musteprepositum,tuosque
1448 4287 1637 4332 sucoeuores
1659 4270 1784 4329 mueni-

72 4371 163 4428 situm
177 4375 222 4428 est
239 4369 321 4428 idem
344 4370 573 4440 monesterium,
595 4383 652 4428 nec
681 4371 830 4428 domnum
854 4383 903 4428 ve·
955 4367 1128 4427 carnutium
1140 4368 1293 4435 ducturos,
1322 4366 1380 4423 sub
1404 4369 1515 4424 nosue
1540 4359 1713 4437 apostotus
1736 4359 1786 4418 de

72 4466 230 4534 suumque
241 4459 393 4530 ebhetem
408 4473 464 4517 nec
479 4457 610 4534 aliquem
628 4465 796 4518 vestior-rtur
818 4460 903 4518 cleri-
955 4457 1099 4516 tensionis
1112 4455 1279 4513 memimiue
1291 4454 1484 4529 suscipimus,
1498 4465 1570 4511 cum
1583 4456 1614 4509 et
1626 4451 1709 4508 hone
1723 4458 1786 4506 cm-

74 4561 178 4608 corrm
193 4550 386 4608 serueueum
406 4550 438 4607 tn
451 4551 637 4609 munasterio
662 4549 779 4609 Scede
805 4551 902 4610 itariae
954 4547 1016 4621 nie,
1029 4552 1128 4606 certes
1138 4551 1167 4604 et
1177 4551 1282 4618 terres,
1297 4559 1364 4620 quer
1376 4547 1512 4602 murari
1525 4541 1617 4600 hcbet
1629 4537 1786 4596 ethehitn·

74 4641 182 4698 audeat
190 4640 464 4712 excommunicare,
478 4640 526 4698 vel
550 4641 590 4698 ed
616 4641 770 4716 synodum
796 4653 904 4714 provo
955 4650 991 4696 ru
1003 4641 1050 4695 est
1063 4637 1220 4707 canonice,
1233 4635 1372 4694 videlicet
1383 4637 1414 4691 st
1422 4634 1510 4705 juxta
1523 4628 1723 4688 timentium
1736 4641 1786 4684 ur-

75 4747 151 4802 care,
164 4735 299 4791 statuens
313 4731 478 4807 apostotica
491 4732 679 4807 auctoritate,
692 4731 749 4790 suh
768 4733 861 4790 nostri
875 4736 905 4789 et
955 4727 1027 4786 hcm
1040 4731 1162 4802 pratum
1177 4725 1274 4798 aegis,
1288 4737 1360 4781 eum
1370 4721 1484 4780 manus
1497 4724 1528 4777 et
1552 4715 1706 4776 territorir
1719 4729 1785 4774 orn·

75 4824 170 4881 divini
188 4824 291 4898 judicii
320 4823 529 4881 observatione
555 4823 757 4883 anathematis
781 4823 903 4881 interdi-
956 4817 1058 4888 nibus,
1071 4815 1243 4892 utromodo
1257 4814 1289 4870 iu
1303 4810 1473 4870 florentina
1486 4811 1569 4866 1111110
1582 4805 1674 4865 1111101
1694 4809 1724 4862 0‘
1739 4817 1786 4862 ‘0‘

76 4917 167 4971 ctum.
185 4913 350 4972 Statuimus
365 4916 466 4970 autem
479 4917 513 4969 ut
527 4927 598 4970 cum
613 4911 710 4972 obbas
729 4913 905 4971 monasterii
957 4907 1032 4964 tinet
1044 4905 1188 4981 predicte
1199 4906 1299 4960 vestra
1314 4899 1470 4970 ocncnioa,
1485 4901 1600 4955 ercam
1612 4899 1644 4954 S.
1660 4894 1786 4952 mers

78 5005 191 5061 Sancte
204 5003 306 5062 crues
317 5001 434 5073 obierit,
450 5013 584 5075 nequet
608 5003 778 5074 comitibus,
806 5017 904 5078 neque
959 5011 1030 5054 cum
1042 4993 1186 5052 omnibus
1199 4991 1265 5061 sibi,
1281 4989 1498 5065 pertinentibus
1513 4991 1627 5044 curum
1646 4985 1684 5042 de
1699 4983 1788 5051 Quin-
1900 5013 1902 5025 ·

77 5095 115 5150 ab
129 5091 372 5168 archiepiscopis,
388 5100 487 5165 neque
500 5089 539 5148 eh
567 5089 727 5167 episcopis,
755 5109 854 5168 neque
887 5109 905 5150 a
959 5089 1000 5159 to,
1014 5087 1129 5141 curtem
1141 5081 1179 5139 de
1193 5080 1323 5139 cintoria
1338 5084 1443 5145 uiam,
1457 5075 1534 5134 sicut
1555 5075 1612 5150 ipsi
1633 5079 1735 5132 unere
1758 5077 1789 5174 et

76 5181 165 5240 unitis
179 5179 376 5258 principibus,
392 5195 490 5255 neque
501 5197 518 5237 a
528 5179 662 5254 qualibet
686 5196 817 5256 persone
842 5199 906 5241 om-
959 5175 1072 5232 habere
1086 5171 1241 5242 videmini,
1251 5176 1282 5229 et
1294 5170 1378 5228 illem
1392 5171 1509 5244 partem
1515 5179 1611 5241 quem
1618 5167 1788 5236 Petuapn·

77 5273 158 5340 uiuo,
176 5271 279 5346 ulique
291 5267 462 5345 cupiditatis
474 5269 618 5338 caesuin
637 5273 819 5330 monasterio
835 5289 905 5331 san-
960 5264 1101 5323 micetius
1117 5265 1221 5320 1011111
1233 5262 1379 5320 canonica
1391 5260 1525 5316 1111111111
1538 5269 1687 5330 mmm
1704 5253 1788 5312 1111111

78 5369 130 5420 cta
144 5361 248 5419 crucis
262 5359 387 5434 eligutur
398 5371 499 5434 neque
514 5363 704 5417 consecretur
716 5359 813 5417 abbas
830 5381 836 5417 :
853 5363 907 5419 sed
960 5361 1014 5427 est,
1027 5353 1148 5430 piebem
1162 5353 1199 5410 dc
1214 5352 1325 5409 Exince
1350 5365 1422 5408 cum
1445 5351 1527 5406 curte
1554 5351 1583 5403 et
1610 5343 1735 5413 mensis,
1759 5346 1790 5398 et

78 5451 177 5528 quatis
187 5455 298 5510 cuneta
311 5449 503 5522 congregatio
518 5447 631 5506 ibidem
645 5453 675 5506 et
687 5448 716 5506 in
732 5448 798 5505 uitis
817 5449 907 5507 secie-
961 5441 1103 5503 omnibus
1115 5441 1267 5499 territoriis
1281 5444 1310 5497 et
1323 5437 1573 5496 decimationibus
1599 5445 1789 5508 quocunque

79 5543 129 5600 siis
141 5539 199 5600 sibi
213 5539 339 5600 subditis
354 5539 539 5612 degentium,
553 5553 623 5596 cum
647 5537 787 5598 fidelihus
812 5543 841 5597 et
861 5553 907 5598 so-
961 5535 1002 5594 ed
1014 5533 1153 5594 eamdem
1167 5528 1472 5608 plebemrelcurtem
1483 5527 1630 5602 perticere
1639 5524 1787 5624 sidem

78 5627 361 5704 rioribusetustooi
385 5627 521 5700 ehgeurr,
551 5631 579 5685 et
607 5627 762 5687 communi
783 5625 907 5688 consilio
961 5627 1087 5702 insuper
1133 5627 1229 5683 toturn
1265 5619 1351 5698 quod
1399 5619 1514 5679 theuso
1549 5615 1629 5675 erm
1682 5613 1790 5690 hepirtt
