3990 6184
210 139 277 196 tear
597 107 599 114 ’
822 129 927 189 anun
947 127 1307 190 enornaluctoauu.
1856 143 1915 199 tm

207 266 309 319 noster
341 257 495 315 limandus
523 257 554 312 in
581 255 694 313 linibus
720 253 894 312 meridianae
926 251 1033 326 plagas.
1051 251 1177 323 Ajussit
1189 252 1347 328 inquirere,
1369 260 1402 312 ut
1414 256 1569 314 inventam
1581 259 1662 316 hanc
1673 258 1817 332 legaliter
1830 265 1916 336 acqui-

208 349 303 422 liujus
318 347 360 404 rei
375 345 470 416 gratia
491 345 531 402 ad
545 347 573 402 te
589 357 694 400 sumus
707 343 809 414 legati,
828 347 860 400 tu
874 356 946 398 vero
958 340 1034 396 bene
1088 347 1167 398 reret
1181 347 1207 400 et
1228 343 1372 416 adeptam
1397 345 1513 418 imperii
1536 347 1582 404 sui
1607 355 1785 406 consortem
1807 349 1916 408 lacent

206 437 436 512 taciensplacito
447 435 591 492 consenti.
603 434 751 508 Alioquin,
762 433 829 490 licet
838 432 932 489 simus
943 429 1036 486 semel
1089 429 1180 501 Igitur
1194 447 1248 504 per
1261 449 1354 504 regna
1367 439 1396 490 et
1410 449 1463 506 per
1474 441 1564 492 urbes
1576 435 1759 494 discurritur
1775 443 1807 494 et
1819 439 1917 509 regalis

206 531 234 584 et
252 527 360 584 iterum
384 543 402 584 a
425 525 513 582 robis
528 524 607 582 bello
631 521 790 590 deturbati,
814 521 914 579 adhuc
933 523 1034 577 umen
1088 535 1200 592 sponsa
1212 523 1403 597 perquiritur,
1416 523 1468 580 sed
1484 525 1572 596 longe
1582 525 1703 600 lateque
1718 530 1866 601 quaesita,
1877 531 1917 585 vir

204 615 313 689 majori
324 615 463 673 violentia
471 613 684 672 roborabimur
694 612 853 670 vobiscum
861 609 1009 667 bellaturi.
1019 631 1032 658 n
1087 609 1209 668 tandem
1220 612 1312 684 digna
1324 613 1478 686 reperitur.
1493 617 1612 672 inventa
1626 621 1671 672 est
1686 629 1765 673 vcro
1779 617 1846 674 lucc
1868 618 1918 674 im·

205 695 319 773 Quibus
330 721 382 762 rer
394 721 455 762 nou
471 709 581 761 temere
596 703 769 776 respondit;
786 701 849 773 sed,
863 700 936 773 ipsis
950 715 1034 756 amo-
1086 699 1205 772 periclis
1219 717 1332 774 sponsa
1355 701 1387 758 in
1409 703 1579 762 confinitate
1595 705 1696 762 Galla
1711 709 1745 764 et
1773 707 1916 781 praecipue

204 795 253 865 tis,
262 793 420 851 consilium
434 793 525 850 asnis
534 791 767 866 qnaesivitetsic
782 789 825 846 eis
835 787 1031 865 postmodum
1085 787 1116 846 in
1130 791 1381 848 Northmanuensi
1402 792 1526 864 reg'one
1539 793 1629 868 stirpe
1644 799 1672 851 et
1686 795 1808 869 opibus
1820 796 1916 853 ditissi

203 883 328 956 pacifice
356 882 515 939 consensit.
546 880 687 937 Audierat
713 879 791 936 enim
817 895 835 934 a
859 878 920 933 suis
948 875 1031 950 quod
1085 893 1146 947 ma,
1162 879 1214 936 sed
1231 885 1330 938 tamen
1353 881 1583 955 prdchritudiuis
1601 885 1916 958 etprudentiaedalec

202 969 289 1028 multi
302 985 426 1027 suorum
442 969 630 1040 deiecissent,
643 985 698 1025 nec
714 971 776 1024 erat
790 966 842 1040 qui
856 966 957 1022 locum
965 979 1030 1020 mo·
1085 968 1196 1024 tamine
1211 970 1349 1026 omniurn
1373 971 1438 1042 ejus
1457 977 1628 1046 temporum
1657 973 1831 1030 mulierum
1854 989 1915 1047 pra

202 1059 340 1117 mendum
363 1059 524 1132 suppleret,
541 1075 611 1114 cum
633 1058 723 1128 longe
745 1055 849 1113 remoti
869 1073 887 1138 a
909 1053 1030 1128 proprie
1084 1057 1276 1126 stantissima,
1296 1063 1398 1132 utpote
1412 1060 1517 1132 regina
1536 1061 1664 1119 famosa.
1676 1065 1812 1138 Propter
1826 1063 1915 1135 hujus

201 1150 298 1224 patria
310 1153 429 1218 essent;
453 1148 619 1219 anglorum
634 1163 756 1222 quoque
773 1161 950 1220 quanquam
966 1159 1030 1218 per·
1083 1146 1201 1202 cemodi
1216 1146 1347 1218 iusignia
1362 1148 1492 1204 multum
1505 1150 1704 1224 appetebatur
1716 1165 1821 1222 arege
1833 1157 1914 1224 etprc

200 1238 321 1312 plurimi
336 1237 581 1306 interficerentur,
598 1253 742 1294 numerus
757 1251 862 1292 eorum
876 1251 938 1291 non
952 1233 1029 1290 adeo
1082 1235 1139 1290 hoc
1154 1236 1304 1309 praecipue
1327 1237 1411 1311 quod
1425 1243 1489 1295 erat
1503 1240 1630 1296 oriunda
1644 1255 1681 1297 ex
1702 1240 1808 1297 vitrici
1828 1247 1911 1312 gente,

200 1327 402 1398 minuebatur,
427 1327 500 1400 quia
522 1326 697 1401 inpropriis
718 1325 821 1400 positis
844 1339 963 1397 semper
976 1321 1029 1396 qui
1082 1325 1218 1398 quaesibi
1232 1331 1349 1399 partem
1365 1327 1466 1384 Galliae
1479 1327 1696 1400 vindicaverat,
1712 1330 1822 1386 invitis
1836 1333 1913 1386 Fran·

199 1417 354 1475 morientis
375 1417 475 1474 locum
502 1421 680 1475 restauraret
698 1415 914 1472 inveniebatur.
939 1417 1028 1470 itero·
1082 1411 1193 1482 cigenis
1209 1417 1356 1470 eteorum
1371 1413 1515 1489 principe.
1534 1417 1610 1484 Quid
1625 1417 1731 1474 multis
1747 1419 1913 1475 immoror!

199 1507 273 1564 catis
295 1505 396 1580 itaque
419 1506 625 1564 internuntiis:
651 1528 665 1555 c
684 1503 802 1572 Vestris,
820 1503 916 1576 inquit
930 1517 1026 1570 rex,o
1081 1502 1240 1559 mittuntur
1254 1505 1337 1576 proci
1357 1505 1395 1562 ad
1417 1506 1585 1578 dominam,
1600 1507 1770 1564 mittuntur
1789 1509 1912 1565 donare

194 1597 331 1668 juvenes,
345 1594 545 1667 legationibus
555 1595 719 1664 consentio,
735 1598 773 1665 et,
784 1595 826 1650 uti
836 1592 1028 1659 dixistisme·
1042 1605 1065 1658 Β
1081 1592 1171 1663 galia,
1187 1592 1345 1650 mittuntur
1359 1595 1448 1652 eliam
1461 1595 1552 1654 verba
1566 1597 1750 1670 precatoria.
1759 1599 1820 1654 Sed
1834 1599 1912 1654 abne

197 1685 247 1744 dia
260 1686 335 1743 milri
346 1686 439 1744 libere
452 1685 673 1758 eritregio.Sed
687 1689 789 1742 tamen
803 1680 1027 1754 vectigaletiam
1081 1687 1131 1752 gat
1144 1682 1195 1740 illa
1219 1699 1252 1740 se
1276 1699 1412 1758 unquam
1428 1685 1572 1743 cnutonis
1592 1701 1742 1760 sponsam
1767 1687 1845 1750 iteri.
1865 1687 1911 1744 uisi

161 1796 165 1804 ¹
198 1793 260 1834 sure
274 1777 368 1850 partis
388 1781 561 1849 vesterrex,
581 1776 753 1850 quicunque
768 1773 816 1830 ille
830 1773 926 1840 tuerit,
943 1787 1025 1828 excr-
1080 1771 1120 1828 illi
1141 1771 1338 1845 jnrejurando
1351 1773 1608 1850 affirmaretquod
1624 1791 1790 1849 nunquam
1803 1777 1911 1834 altanm

197 1865 267 1922 citui
279 1865 363 1922 dabit
377 1882 454 1922 meo.
470 1869 529 1922 lloc
539 1865 620 1922 enim
632 1863 673 1920 illi
686 1863 793 1934 debeo,
803 1863 933 1936 ideoque
942 1860 1027 1918 aliter
1080 1861 1218 1933 conjugis
1232 1861 1329 1920 filium
1352 1869 1424 1936 post
1443 1879 1474 1920 se
1488 1879 1615 1936 regnare
1629 1865 1755 1936 taceret,
1773 1866 1908 1938 nisiejus.

196 1957 320 2027 paetum
335 1969 395 2011 non
410 1953 514 2011 laudo,
530 1976 544 2006 a
1080 1949 1106 2005 si
1129 1949 1202 2008 forte
1216 1950 1258 2007 illi
1280 1953 1358 2010 Deus
1380 1969 1418 2010 ex
1432 1970 1468 2010 eo
1481 1953 1578 2011 filium
1597 1955 1741 2012 dedisset
1759 1955 1911 2014 Dicebatur

233 2043 352 2101 Foedere
366 2043 467 2117 itaque
482 2043 611 2112 firmato,
633 2041 754 2100 obsides
769 2041 880 2097 dantur
892 2039 932 2098 ab
947 2042 1025 2096 utra·
1079 2039 1160 2096 enim
1180 2040 1220 2098 ab
1241 2041 1299 2099 alia
1323 2042 1458 2115 quadam
1479 2057 1532 2100 rex
1555 2041 1634 2100 lilios
1647 2043 1808 2101 babuisse.
1835 2045 1909 2101 liudo

195 2147 255 2206 que
269 2137 363 2207 parte,
373 2135 402 2191 et
417 2133 459 2190 sic
473 2131 741 2190 exercitussolutus
752 2129 901 2187 bellorum
916 2129 1026 2202 impor-
1078 2127 1129 2186 illa
1149 2129 1211 2186 suis
1231 2131 1394 2204 prudenter
1415 2133 1587 2206 providens,
1610 2133 1700 2190 scivit
1713 2133 1788 2209 ipsis
1811 2134 1907 2206 sagaci

195 2222 329 2290 tunitate,
346 2227 448 2297 optata
469 2223 552 2280 laetus
566 2223 689 2297 ponitur
702 2237 786 2294 pace.
803 2221 1026 2276 verumtamem
1080 2219 1182 2275 animo
1207 2219 1364 2294 protutura
1388 2223 1602 2295 praeordinare.
1623 2223 1737 2280 Placuit
1752 2239 1824 2294 ergo
1844 2225 1905 2294 regi

196 2315 274 2370 Deus
288 2329 405 2372 memor
420 2331 482 2371 susa
495 2313 626 2386 antique
642 2312 794 2377 doctrinm,
812 2309 922 2366 scilicet
936 2323 1026 2364 omne
1079 2309 1206 2366 verbum
1218 2310 1352 2380 virginis,
1367 2315 1395 2367 et
1405 2311 1605 2383 jurejurando
1621 2311 1711 2381 iacto,
1722 2311 1828 2384 virgini
1844 2313 1907 2386 pla·

196 2417 324 2474 regnum
347 2403 378 2460 in
393 2403 527 2477 seipsum
553 2402 673 2458 dvisum
698 2401 751 2482 diu
772 2414 948 2473 permanere
964 2413 1025 2454 non
1080 2397 1140 2453 cuit
1153 2397 1293 2456 voluntas
1316 2399 1405 2472 regis.
1434 2403 1466 2458 111
1489 2403 1541 2472 sic,
1565 2403 1626 2458 Deo
1645 2402 1773 2472 gratias,
1790 2402 1909 2460 domina

196 2485 295 2565 posse,
312 2509 373 2550 nou
388 2492 480 2564 longo
492 2497 561 2567 post
572 2496 707 2564 tempore
719 2485 1027 2546 ltdmundumeduxit
1080 2489 1186 2544 limma
1220 2489 1383 2546 mulierum
1409 2490 1596 2548 nobilissima
1630 2491 1662 2548 lit
1695 2493 1813 2564 conjux
1839 2493 1909 2563 regis

197 2597 360 2657 ecorpore,
374 2583 540 2654 Anglorum
554 2583 693 2638 misertus
708 2578 834 2652 imperii,
860 2595 898 2634 ne
913 2577 986 2634 torte
1002 2576 1026 2632 si
1080 2573 1234 2632 tortissimi
1257 2578 1410 2635 cnutonis.
1428 2579 1556 2636 Laetatur
1570 2578 1674 2648 Gallia,
1690 2579 1816 2638 laetatur
1828 2580 1909 2639 etiam

197 2677 322 2746 uterque
342 2673 552 2746 superviveret,
581 2674 685 2727 neuter
710 2673 848 2739 regnaret
872 2683 975 2724 secure
994 2668 1026 2724 'et
1081 2665 1248 2742 anglorum
1264 2666 1457 2740 patria,dum
1474 2673 1590 2726 tantmn
1605 2669 1699 2726 decus
1714 2671 1910 2728 transvehitur

198 2775 325 2830 regnum
337 2758 814 2818 diatimadnihilareturrenovate
826 2757 1024 2814 contentione.
1080 2769 1135 2826 per
1163 2771 1295 2828 aequora.
1326 2759 1461 2826 tutatur,
1496 2757 1633 2832 inquam,
1662 2759 1769 2830 Gallia,
1801 2765 1909 2816 tantm

200 2847 359 2906 lleiunctus
381 2855 482 2907 autem
505 2847 604 2918 regius
629 2847 749 2920 juvenis
768 2845 1027 2918 regiotumulatur
1081 2847 1163 2900 tanto
1189 2845 1252 2916 regi
1276 2845 1401 2915 dignam
1428 2863 1461 2903 se
1484 2847 1615 2905 enixam.
1642 2847 1814 2919 anglorum
1847 2863 1909 2905 reru

199 2937 335 3010 sepulcro
349 2937 475 2995 defletus
496 2937 548 2995 diu
568 2937 757 3011 multumque
783 2953 800 2992 a
819 2936 962 3009 patriensi
976 2951 1028 3009 po
1046 2960 1066 3016 C
1081 2932 1197 2990 letatur
1217 2934 1323 3008 patria,
1347 2935 1438 2992 talem
1461 2951 1491 2993 se
1519 2937 1717 3010 recepissem
1741 2939 1869 3012 oppida.
1890 2939 1910 2995 0

198 3025 282 3098 pulo,
297 3026 345 3083 cui
364 3027 443 3084 Deus
460 3041 552 3084 omne
577 3025 722 3098 gaudium
745 3023 856 3082 tribuat
869 3023 900 3080 in
915 3023 1027 3080 coelesti
1081 3038 1129 3078 res
1144 3021 1272 3080 millenis
1296 3022 1403 3081 millies
1430 3031 1536 3100 parata
1550 3025 1638 3098 volis,
1664 3028 1779 3102 vixque
1793 3027 1910 3086 tandem

199 3114 284 3172 solio.
308 3116 398 3188 Cujus
419 3115 460 3172 rei
485 3117 580 3187 gratia
604 3132 672 3173 eum
699 3117 776 3170 Deus
790 3111 910 3186 jusserit
933 3111 1026 3181 obire,
1083 3109 1197 3182 effecta,
1227 3112 1402 3185 auspicante
1430 3113 1524 3185 gratia
1553 3115 1739 3172 salvatoris!
1767 3119 1830 3174 lloc
1854 3121 1912 3172 erat

198 3219 270 3262 mox
301 3205 411 3263 deinde
440 3207 546 3280 patuit,
573 3206 646 3280 quia
673 3205 814 3261 universa
840 3203 923 3274 regio
950 3201 1027 3259 illico
1082 3199 1165 3273 quod
1189 3201 1350 3276 utrobique
1370 3201 1562 3260 vehementer
1585 3205 1771 3277 jamdudum
1797 3207 1912 3264 deside-

200 3297 366 3354 Gnutonem
388 3295 444 3354 sibi
466 3312 567 3368 regem
582 3293 679 3366 elegit,
696 3298 723 3351 et
738 3293 785 3350 cui
800 3298 868 3350 ante
883 3292 966 3349 omni
981 3309 1027 3349 co·
1081 3293 1200 3346 raserat
1228 3292 1385 3364 exercitus,
1414 3291 1524 3350 sulicet
1550 3299 1583 3350 ut
1603 3299 1684 3351 tanta
1710 3299 1795 3352 tanto
1821 3297 1915 3366 digna

199 3386 322 3441 nemine
331 3385 445 3455 restitit,
453 3387 516 3440 turn
532 3389 638 3459 sponte
651 3399 706 3439 sna
720 3399 750 3438 se
763 3381 804 3438 illi
819 3387 847 3439 et
858 3381 961 3444 omnia
972 3398 1029 3437 sua
1083 3379 1171 3436 eliam
1187 3380 1280 3450 digno
1308 3381 1436 3438 maritali
1451 3383 1658 3440 convinculata
1673 3385 1757 3456 jugo,
1785 3383 1915 3441 bellicos

200 3473 342 3529 subdidit,
1084 3469 1200 3525 sedaret
1214 3473 1323 3526 motus.
1337 3469 1414 3536 Quid
1429 3470 1510 3528 enim
1525 3473 1621 3544 majus
1633 3487 1667 3528 ac
1674 3469 1914 3528 desiderabilius

235 3561 616 3631 Ergomiserationedivina
627 3559 1028 3630 monarchiamregnicnuto
1083 3573 1148 3612 csse
1161 3561 1263 3630 posset
1277 3559 1307 3614 in
1323 3559 1407 3630 rotis,
1427 3575 1523 3632 quam
1538 3561 1693 3618 damnosos
1706 3557 1912 3634 ingratosque

199 3649 244 3706 vir
258 3654 396 3707 strenuus
409 3649 549 3723 suscepit,
565 3653 594 3704 et
607 3649 745 3704 nobiliter
757 3647 848 3704 duces
862 3652 890 3704 et
904 3649 1028 3705 comites
1082 3644 1201 3702 labores
1225 3645 1295 3703 belli
1321 3647 1441 3720 placida
1470 3649 1551 3706 finiri
1579 3648 1785 3722 tranquillitate
1809 3651 1915 3723 pacis,

200 3753 271 3797 suos
286 3737 444 3820 disposuit,
459 3741 487 3795 et
499 3737 559 3794 fine
574 3741 660 3793 tenus
674 3735 816 3809 deinceps
828 3751 956 3807 regnum
972 3737 1031 3794 An·
1083 3750 1153 3791 cum
1176 3751 1263 3810 pares
1282 3737 1407 3810 paribus
1427 3739 1606 3813 tricorporis
1630 3739 1798 3814 virtuteque
1820 3740 1918 3799 animi

200 3827 320 3902 giorum
333 3825 458 3903 pacifice
473 3825 575 3883 tenuit.
583 3827 651 3883 Erat
663 3829 764 3882 autem
776 3825 875 3882 adhuc
884 3825 1029 3898 primaeva
1084 3827 1324 3882 concurrerent?
1350 3841 1479 3900 cumque
1498 3843 1581 3885 nunc
1604 3827 1645 3886 lri.
1667 3843 1748 3886 nunc
1763 3845 1839 3887 reru
1865 3830 1915 3902 illi,

200 3923 285 3977 aetate
303 3918 423 3988 florens,
440 3915 492 3974 sed
510 3919 613 3973 mmen
627 3913 771 3972 indicibili
789 3913 949 3989 prudentia
962 3915 1029 3990 pol·
1084 3913 1247 3971 alternante
1262 3931 1334 3971 casu
1350 3913 1432 3986 belii,
1447 3931 1510 3974 non
1525 3917 1590 3974 sine
1605 3933 1718 3989 magno
1734 3919 1916 3978 detrimento

199 4007 274 4065 lens.
291 4008 376 4064 Unde
396 4005 519 4076 contigit
533 4009 566 4062 ut
592 4019 643 4060 eos
667 4019 745 4077 quos
759 4009 847 4061 antea
870 4003 1029 4062 lldmundo
1083 4001 1139 4068 sui,
1154 4003 1335 4060 vincerent?

201 4097 263 4152 sine
274 4095 479 4152 dolotideliter
490 4094 617 4152 militare
628 4093 774 4162 audierat,
784 4091 927 4163 diligeret,
939 4097 1028 4150 eteos
1119 4095 1237 4164 Verum,
1253 4093 1305 4150 ubi
1319 4093 1421 4152 divina
1434 4094 1670 4170 dispensatione,
1691 4097 1861 4174 mutusque
1878 4099 1915 4156 al·

200 4199 277 4257 quos
296 4183 440 4240 subdolos
454 4183 560 4240 scierat
579 4188 669 4256 atque
682 4187 815 4257 tempore
826 4181 896 4238 belli
908 4183 939 4239 in
950 4187 1029 4240 utra·
1084 4185 1229 4238 teratrum
1243 4181 1294 4238 diu
1309 4183 1419 4240 habitis
1436 4183 1635 4254 internuntiis,
1652 4187 1787 4244 maritali
1798 4204 1831 4242 se
1851 4193 1915 4244 tan-

200 4288 259 4346 qne
275 4275 359 4346 parte
384 4271 574 4328 fraudulenta
598 4272 839 4343 tergiversatione
863 4271 1028 4348 pendentes
1045 4308 1067 4367 D
1082 4268 1152 4325 dem
1161 4269 1269 4343 copula
1280 4271 1392 4344 placuit
1402 4271 1740 4343 confederaridilllicrlc
1749 4275 1915 4332 credimrst

200 4361 269 4419 odio
282 4362 424 4431 haberet,
445 4359 522 4416 adeo
537 4364 570 4415 ut
584 4359 693 4418 multos
707 4361 878 4435 principum
893 4361 1027 4436 quadam
1081 4365 1196 4431 quanta
1203 4360 1359 4433 repentein
1368 4361 1612 4436 utriusquealteri
1619 4363 1658 4420 de
1665 4363 1762 4421 altero
1771 4365 1917 4421 exonam

199 4451 247 4508 die
267 4451 402 4508 occidere
426 4463 483 4522 pro
505 4447 681 4519 huiusmodi
705 4449 775 4506 dolo
797 4449 924 4521 juberet.
950 4449 1028 4507 luter
1081 4447 1259 4519 magnitudo
1273 4449 1638 4519 gaudii.Gandebatenim
1653 4451 1917 4511 rexnolrilissimis

199 4556 276 4614 quos
291 4540 414 4597 Edricns
428 4539 480 4612 qui
495 4553 512 4595 a
526 4536 605 4594 bello
620 4535 747 4608 ingerat,
757 4553 826 4594 cum
836 4539 961 4617 praemia
971 4555 1026 4614 pro
1081 4535 1234 4609 insperato
1249 4553 1280 4594 se
1296 4555 1383 4595 usum
1397 4539 1554 4610 thalamis;
1567 4542 1632 4598 hac
1642 4547 1746 4600 autem
1757 4541 1832 4600 hinc
1845 4559 1919 4618 pra

198 4629 256 4686 hoc
281 4629 348 4703 ipso
375 4646 393 4687 a
421 4643 490 4698 rege
514 4625 689 4702 postularet,
715 4641 750 4682 ao
765 4625 789 4681 si
812 4626 871 4682 hoc
884 4641 940 4699 pro
962 4628 1026 4698 eius
1081 4623 1381 4684 stantissimavirtute
1394 4629 1543 4701 conjugis,
1558 4629 1630 4687 lrinc
1644 4631 1801 4706 etiamspe
1819 4639 1918 4704 gratu

197 4719 322 4777 victoria
336 4718 453 4776 fecisset
470 4735 476 4786 ;
491 4733 544 4773 rex
560 4713 728 4772 subtristis:
757 4735 770 4764 c
786 4715 841 4781 Qui
856 4715 1024 4786 dominum,
1079 4713 1918 4794 larundaaccendebaturtuturaeprottslnasumabititer

198 4807 303 4884 inquit,
317 4813 404 4865 tuum
417 4803 560 4880 decepisti
572 4803 768 4873 fraude,mihi
780 4819 818 4860 ne
832 4804 943 4877 poteris
955 4803 1027 4862 flde-
1079 4819 1202 4878 quoque
1211 4807 1497 4879 uterquegaudcbat
1506 4810 1827 4886 exercitus,opessuas
1838 4829 1917 4870 com·

196 4897 233 4954 lis
249 4897 341 4956 esset
353 4894 526 4970 dependam
541 4893 593 4950 tibi
607 4893 758 4964 condigna
772 4892 907 4968 praemia,
922 4893 975 4951 sed
990 4911 1026 4953 ea
1079 4893 1223 4950 munibus
1239 4909 1363 4968 sperans
1376 4895 1533 4969 augendas
1545 4897 1671 4967 viribus,
1681 4904 1714 4956 nt
1725 4899 1918 4974 reipostrno-

197 5003 235 5046 ne
251 4988 393 5061 deinceps
408 4985 461 5042 tibi
480 4983 598 5058 placeat
620 4983 747 5040 {abacia
764 5005 778 5034 »
799 4985 833 5041 nt
844 4982 928 5041 Erico
948 4983 1025 5042 duce
1079 4981 1153 5039 dum
1163 4982 1301 5056 probavit
1312 4985 1417 5042 exitus.
1433 4987 1632 5060 Quamplurcs
1645 4987 1725 5045 enim
1739 4990 1852 5064 pomuli
1863 4989 1915 5046 do-

194 5091 252 5135 ·suo
263 5082 381 5135 vocato.
398 5099 410 5126 «ι
432 5073 513 5144 ltuic,
527 5073 578 5145 ait,
594 5073 677 5148 quod
691 5073 839 5130 debemus
851 5075 1024 5149 persolvito,
1079 5071 1677 5149 mitibell0,gentesquecomplurcslonge
1686 5077 1914 5146 &natanta

195 5165 333 5223 videlicet
345 5180 383 5220 ne
399 5179 454 5221 nos
470 5161 609 5236 decipiat,
634 5161 772 5219 occidito.
787 5185 801 5212 n
824 5161 874 5218 lllc
887 5179 959 5220 vero
983 5163 1025 5220 nil
1078 5160 1223 5230 moribus,
1235 5161 1325 5219 etiarn
1341 5168 1368 5220 et
1380 5163 1750 5238 lingnaaerernatiterrcgi
1760 5169 1915 5242 regiaque

196 5260 341 5323 moratus,
354 5253 517 5328 bipennem
533 5249 742 5324 exsultetque
755 5251 922 5332 ictuvalido
935 5258 1026 5327 caput
1078 5249 1242 5323 posteritati
1255 5267 1358 5310 annua
1370 5253 1517 5328 compulsi
1530 5259 1600 5311 sunt
1611 5253 1727 5312 solvere
1742 5256 1911 5330 veemgalia

196 5343 413 5420 amputavit,ui
427 5343 484 5398 lroc
499 5339 637 5414 exemplo
650 5341 767 5398 discam
781 5339 888 5398 milites
902 5343 1023 5413 regibus
1078 5331 1217 5412 seuquid
1233 5339 1381 5405 mirum,si
1392 5333 1493 5399 tantus
1505 5341 1634 5417 talisque
1643 5351 1911 5420 rexrepugnanlu

196 5435 257 5491 suis
273 5449 339 5491 esse
352 5431 467 5496 fideles,
480 5446 542 5488 non
554 5427 700 5488 infideles
1078 5427 1134 5484 sibi
1144 5427 1318 5486 dimicando
1327 5431 1912 5512 devincereticumquamplurimorpar

190 5515 194 5592 f
212 5521 376 5580 ‘Omnibus
404 5522 505 5596 itaque
532 5520 586 5577 rite
608 5517 770 5594 dispositis,
791 5519 834 5576 nil
854 5519 916 5591 regi
931 5519 1024 5578 defuit
1076 5517 1131 5574 tim
1144 5517 1261 5576 liberali
1275 5518 1444 5592 largitione,
1458 5522 1568 5595 partim
1587 5524 1804 5597 patrocinandi
1816 5523 1913 5599 gratia

168 5609 309 5686 fabaque
328 5609 517 5668 nobilissima
541 5607 681 5680 conjuge,
707 5623 801 5682 quam
825 5605 938 5680 ubique
967 5605 1024 5664 sibi
1081 5607 1210 5682 imperio
1224 5623 1279 5666 suo
1294 5611 1446 5670 ultroneos
1460 5611 1827 5689 srbmittmettproiccto
1850 5628 1913 5673 nu
1977 5631 1978 5640 ¹
