3996 6178
294 147 362 226 ries
914 219 917 226 ,
971 113 1116 217 ioannis
1134 157 1190 215 ru
1208 155 1321 216 aare.
1938 169 1968 228 u:

326 297 478 366 Rogamus
490 305 545 347 ros
557 301 673 358 omnes,
699 284 893 361 suprascripti
922 284 1065 353 seniores,
1090 284 1120 341 et
1136 283 1158 339 ll
1174 281 1309 342 divinum
1321 284 1510 344 vocationem
1531 286 1569 344 de
1582 287 1641 346 hac
1655 287 1722 348 luce
1744 289 1968 365 deportaberis

291 383 403 459 quihic
418 379 540 439 nomine
563 383 650 437 teum
673 393 735 436 non
762 381 832 434 sunt
845 375 944 451 positi,
967 374 1118 449 vestrique
1171 373 1287 445 angelis
1301 376 1421 443 sanctis,
1437 380 1581 435 aeternam
1601 378 1716 438 habeas
1738 381 1895 454 requiem.
1928 387 1968 450 ou<

291 484 489 542 successores,
504 485 601 544 usque
615 468 647 526 in
659 471 840 543 perpetuum
854 465 1003 524 custodire
1026 465 1118 538 hujus
1171 464 1196 520 si
1207 479 1270 521 non
1284 466 1436 538 peregeris
1452 469 1619 526 secundum
1633 469 1718 543 quod
1733 469 1785 528 tibi
1799 486 1863 545 por
1886 489 1968 546 prese

289 564 399 619 nostrae
412 563 521 625 textus,
534 558 672 618 uidelicet
684 561 718 614 ut
732 556 948 616 monasterium
967 553 1118 612 sanctissi-
1171 557 1231 613 tem
1246 553 1406 629 epistolam
1416 557 1649 632 transmisimus,
1670 576 1707 616 ex
1728 561 1916 618 auctoritate
1937 568 1968 619 ll:

289 649 331 708 mi
344 666 380 708 ac
393 649 558 710 beeh'ssimi
576 647 770 724 praecursoris
793 651 823 705 et
849 645 989 720 martyris
1012 644 1118 704 Christi
1172 643 1299 718 apostoli
1312 644 1390 702 scias
1403 649 1430 703 tc
1451 661 1515 703 esse
1539 648 1856 719 excommunicatum,
1880 651 1922 708 ita
1937 664 1968 708 ut:

288 740 421 810 loannis,
438 743 467 798 et
478 738 657 798 confessoris
670 737 786 795 domini
808 735 983 804 Reverentii,
1006 735 1118 810 posito·
1171 731 1328 791 ecclesiam
1342 749 1405 793 non
1419 735 1609 808 ingrediaris,
1633 753 1731 813 neque
1755 740 1968 798 communiones

288 847 357 888 rum
371 831 403 888 iu
416 827 483 888 loco
493 829 546 904 qni
560 827 853 900 diciturnngeriaco,
866 827 906 886 ab
919 826 977 884 hac
987 841 1118 900 praesen·
1171 821 1311 897 accipias.
1327 824 1406 882 Vale.

288 920 372 978 tidie
386 919 452 978 Kal.
464 921 617 988 Maiarum,
630 917 802 989 defendere,
819 933 854 974 ac
872 916 1002 988 benigne
1015 919 1119 974 tracte·
1543 919 1620 974 lllllt.

288 1010 408 1068 liscum
421 1007 562 1081 religioso
577 1008 692 1066 domno
702 1006 860 1081 aymerico
874 1005 1011 1080 ejusdem
1033 1008 1117 1062 Patre
1170 1003 1295 1060 loannis
1310 1005 1384 1062 XIX
1389 1005 1515 1077 epistola
1528 1023 1589 1080 quc
1602 1023 1701 1066 omnes
1724 1029 1738 1060 c
1755 1009 1873 1066 bonum
1896 1011 1968 1080 serie

287 1100 356 1167 loci,
371 1111 439 1157 cum
453 1103 562 1157 cuncta
572 1103 691 1157 caterva
709 1097 929 1155 monachorum
953 1097 1044 1154 abeo
1060 1094 1118 1152 sibi
1207 1099 1248 1148 tes
1265 1114 1279 1144 a
1292 1095 1404 1152 enatat
1416 1100 1449 1152 at
1462 1097 1495 1152 in
1515 1097 1731 1154 restituendum
1755 1099 1917 1158 ecclesiam
1934 1101 1968 1156 lh

288 1189 409 1258 credita,
425 1189 467 1248 iia
478 1189 623 1258 venerari,
639 1189 714 1246 sicut
725 1187 855 1246 decetin
876 1185 1029 1259 omnibus,
1053 1201 1117 1244 ma·
1205 1184 1456 1256 galoneneenrem
1469 1187 1656 1246 incumbant.

286 1279 366 1338 mma
392 1283 495 1338 tamen
520 1295 575 1353 pro
602 1294 638 1336 eo
663 1278 747 1352 quod
772 1277 910 1349 regulam
936 1275 1117 1335 sanctissimi
1443 1277 1542 1348 (Anno
1558 1279 1728 1352 ltili-loia).

286 1370 380 1428 Patris
393 1363 542 1426 Benedicti
552 1367 759 1426 inviolabiliter
773 1366 946 1424 audirimus
962 1365 1114 1424 custodiri.
1303 1366 1415 1436 [Mansa
1431 1365 1545 1424 Concil.
1566 1371 1703 1437 inmitti,
1720 1368 1782 1426 col.
1799 1371 1874 1442 570}

287 1460 475 1534 Quapropter
489 1458 600 1516 obnixe
613 1473 774 1533 precamur
785 1461 814 1514 et
825 1455 1027 1531 precipiendo
1041 1471 1116 1530 prae·
1203 1454 1329 1512 loannes
1343 1454 1514 1529 episcopus,
1530 1473 1634 1514 servus
1653 1473 1819 1516 servorum
1837 1459 1895 1530 liei,
1909 1463 1967 1516 omni

285 1547 414 1621 cipimus
429 1552 461 1604 ut
474 1547 574 1604 nullus
589 1547 677 1606 sitab
696 1546 753 1604 hac
776 1546 853 1603 hora
874 1545 995 1603 inantea
1020 1560 1115 1618 usque
1168 1541 1226 1600 bus
1238 1541 1355 1600 bonum
1374 1544 1551 1602 iacientibus
1577 1545 1609 1602 in
1637 1546 1773 1604 Ecclesia
1794 1549 1968 1619 llagalonenn

284 1637 316 1695 in
340 1631 450 1694 secula
469 1637 647 1694 sectatorum
666 1653 715 1694 res
737 1635 871 1712 praedicti
889 1633 1062 1692 monasterii
1076 1638 1116 1691 te·
1133 1633 1209 1702 Bad
1222 1633 1370 1691 honorem
1383 1634 1590 1708 apostolorum
1605 1637 1678 1694 Petri
1688 1637 1863 1694 etdoctoris
1873 1641 1968 1709 gentiun

284 1741 401 1784 merare
413 1725 540 1798 lenensi,
555 1729 585 1783 et
595 1724 679 1800 quod
693 1724 788 1782 absitt
813 1723 928 1800 aliquid
941 1723 1048 1782 exinde
1063 1738 1115 1781 au·
1169 1720 1252 1778 Pauli
1278 1720 1417 1779 dedicata
1440 1727 1469 1780 et
1493 1723 1674 1796 dedicanda,
1706 1725 1842 1782 salutem
1868 1727 1967 1782 chariso-

283 1815 359 1873 ierre
385 1820 559 1890 presumat,
586 1815 644 1872 nisi
663 1813 875 1872 tantummodo
899 1829 937 1872 ex
965 1829 1115 1871 consensu
1169 1825 1263 1882 mam,
1279 1827 1349 1868 cum
1362 1811 1569 1870 benedictione
1581 1813 1747 1888 apostolica
1759 1821 1793 1872 et
1807 1815 1965 1872 ahsolutum.

283 1904 419 1977 ejusdem
433 1903 491 1962 loci
503 1903 595 1962 Patris
611 1909 640 1962 et
663 1904 800 1961 omnium
822 1902 960 1962 fratrum.
989 1904 1018 1963 Si
1046 1903 1114 1977 quis
1205 1898 1414 1972 Supradictam
1429 1901 1671 1971 llagalonensem
1684 1901 1858 1969 ecclesiam,
1870 1907 1962 1977 pecua

283 1999 384 2052 summ
404 1991 483 2051 hanc
511 1997 646 2051 nostram
670 1993 867 2052 assertionem
890 1993 1041 2051 custodire
1062 2008 1115 2050 vo·
1167 1987 1365 2058 exigentibus,
1406 1989 1445 2046 ad
1474 1989 1601 2047 nihilum
1625 1990 1789 2048 redactam
1821 1992 1962 2049 audirinn.

282 2082 379 2152 luerit,
392 2081 503 2140 habeat
517 2083 757 2140 benedictionem
773 2097 791 2140 a
805 2083 875 2140 Filio
896 2085 923 2141 S.
938 2082 1034 2141 Marica
1049 2085 1078 2139 et
1095 2097 1115 2140 a
1167 2077 1248 2136 unde
1261 2077 1348 2135 valde
1361 2077 1508 2146 dolemus,
1531 2079 1604 2153 quia
1627 2079 1834 2139 Ecclesiarum
1855 2081 1958 2137 desolati.

281 2183 466 2248 precurscre
479 2171 616 2244 eJ'usdem
630 2171 747 2230 Domini
759 2172 853 2231 nostri
868 2173 937 2228 lesu
952 2171 1070 2237 Christi,
1085 2177 1114 2229 et
1167 2166 1401 2226 cnnsuanorum
1415 2169 1627 2227 detrimentum
1650 2185 1717 2227 esse
1735 2169 1919 2242 dignoscitur.
1934 2169 1961 2225 nl

282 2259 439 2318 absolutus
454 2260 521 2319 sita
535 2265 565 2318 Β.
581 2265 666 2319 Petro
679 2260 827 2335 apostolo,
843 2264 961 2319 etamc
974 2260 1114 2333 eJusdem
1166 2255 1223 2312 hoc
1248 2255 1372 2330 quidem
1400 2261 1463 2316 tam
1489 2257 1623 2315 Ecclesia
1648 2259 1835 2334 supradicte
1855 2275 1927 2334 quan
1941 2266 1959 2313 ct

281 2350 412 2424 pastoris
426 2349 596 2420 ricario,ah
610 2351 752 2410 omnibus
768 2357 961 2426 peccatorum
974 2351 1114 2434 vinculis,
1166 2345 1310 2404 omnibus
1328 2345 1522 2406 circumcirca
1533 2347 1713 2420 degentibus
1735 2365 1888 2422 suggerere
1903 2345 1958 2402 rolu-

282 2444 337 2496 etc.
351 2442 409 2496 Vos
421 2445 523 2499 autem
536 2441 634 2499 valete
649 2447 677 2499 et
692 2457 747 2515 pro
762 2458 810 2500 me
822 2445 915 2499 orate.
1166 2451 1235 2492 mus
1246 2435 1419 2495 Christianis
1435 2441 1467 2494 ut
1480 2437 1512 2496 in
1525 2437 1741 2498 restauratione
1760 2440 1848 2513 hujus
1862 2437 1955 2497 emera

664 2533 729 2589 llltl.
1165 2523 1302 2584 laborent
1318 2548 1325 2583 ε
1340 2531 1531 2600 peccatorum
1546 2543 1679 2606 namque
1691 2545 1820 2588 suorum
1836 2529 1923 2586 renim
1934 2531 1955 2580 et

329 2619 467 2689 Epistola
480 2620 606 2678 loannis
621 2621 696 2678 XIX
703 2635 794 2692 papie
808 2621 849 2679 ud
864 2621 1058 2680 Guzllelmum
1164 2615 1382 2687 indulgentiam
1396 2617 1559 2702 promereri
1579 2634 1598 2674 a
1609 2619 1694 2691 justo
1703 2619 1809 2692 judice
1829 2615 1953 2694 apostolica

619 2711 764 2768 comitem.
1165 2705 1338 2764 auctoritate
1353 2707 1548 2782 spondemus,
1563 2707 1742 2782 quicunque
1756 2710 1794 2767 de
1807 2707 1955 2784 propriane

547 2797 642 2870 (Circa
671 2813 721 2855 an.
753 2799 841 2871 1030).
1163 2795 1287 2853 reditate
1313 2795 1360 2854 vel
1386 2797 1424 2853 de
1447 2797 1575 2870 propriis
1597 2796 1688 2855 bonis
1702 2799 1861 2861 offerendo.
1879 2793 1953 2854 autb

279 2885 423 2956 [Histoire
435 2885 575 2957 generale
585 2886 626 2942 du
638 2886 818 2958 conqueror
830 2891 903 2944 tom.
920 2889 954 2958 ll,
967 2889 1107 2947 Preuces.
1162 2883 1314 2942 beneficiis
1329 2883 1493 2957 reddendo,
1513 2886 1670 2944 ecclesiam
1694 2888 1884 2962 supradictam
1902 2884 1953 2942 ee

313 2987 385 3048 pag,
403 2975 507 3045 litter
519 2973 665 3032 Chronico
679 2990 736 3031 ms.
748 2977 929 3049 llmymerici
941 2977 979 3036 de
993 2980 1107 3052 Peyrat,
1128 2995 1148 3048 c
1163 2990 1234 3032 vare
1247 2974 1330 3032 nisus
1344 2975 1441 3032 luerit.
1453 2979 1527 3032 Nam
1538 2992 1631 3034 unam
1645 2983 1674 3034 et
1683 2977 1810 3034 similem
1819 2974 1951 3033 mercedem

313 3061 452 3120 Biblioth.
465 3061 603 3135 colbertl.
1162 3064 1287 3140 accipiet
1300 3065 1352 3139 qui
1367 3065 1489 3139 propria
1504 3065 1617 3135 offeret,
1632 3071 1661 3123 et
1673 3067 1728 3140 qui
1741 3065 1875 3124 beneficia
1885 3062 1950 3120 eccle

311 3153 433 3210 loannes
444 3151 726 3227 episcopusservus
738 3170 893 3213 servorum
906 3157 966 3226 liei,
983 3157 1108 3216 domino
1163 3155 1280 3212 siastioa
1294 3155 1400 3212 reddet
1412 3155 1444 3212 in
1459 3171 1630 3225 commune,
1645 3161 1674 3214 ct
1687 3155 1881 3214 benedictione
1895 3151 1950 3227 puri

276 3242 435 3299 Garumnae
450 3241 581 3316 glorioso
604 3243 715 3314 comiti,
745 3244 955 3304 charissimam
979 3245 1107 3304 salutem
1161 3249 1242 3302 teret
1257 3245 1445 3304 absolutione
1458 3245 1624 3319 apostolica
1637 3246 1757 3304 fruetur.
1776 3245 1855 3314 Quod
1874 3247 1896 3300 si
1913 3243 1949 3299 ati

275 3334 304 3390 et
316 3329 515 3406 apostolicam
529 3332 780 3391 benedictionem.
1159 3335 1229 3410 quis
1253 3335 1423 3410 episcopus,
1448 3333 1495 3393 vel
1520 3337 1667 3410 cujusque
1686 3336 1828 3409 dignitatis
1849 3336 1946 3395 bonon,

310 3420 448 3479 llittimus
463 3419 501 3478 ad
516 3425 600 3479 luam
618 3421 834 3494 benignitatem
854 3424 948 3482 veluti
973 3425 1013 3482 ad
1037 3427 1106 3485 cha·
1159 3423 1243 3499 quod
1257 3423 1369 3482 ibidem
1384 3423 1519 3484 ablatum
1537 3425 1634 3495 luerit,
1656 3441 1743 3500 pravo
1765 3425 1875 3494 iugenio
1895 3422 1948 3478 alie

273 3507 428 3566 rissimum
448 3509 556 3581 filium,
585 3514 619 3568 ut
642 3511 749 3569 audias
772 3517 908 3570 nostram
927 3513 1105 3574 exhortatio·
1158 3529 1241 3586 nare,
1258 3530 1405 3589 usurpare
1416 3515 1462 3573 vel
1477 3515 1608 3574 vendere
1622 3515 1741 3584 voluerit,
1759 3511 1948 3568 maledictione

271 3610 354 3668 nem,
378 3599 407 3652 et
430 3593 603 3655 benefacias
632 3600 814 3657 monasterio
843 3602 939 3660 sancti
965 3604 1041 3661 Petri
1065 3605 1104 3662 de
1158 3605 1357 3662 anathematis
1371 3603 1557 3679 percellatur,
1578 3604 1944 3676 habeaturqueextrancuss

272 3684 448 3757 lloyssiaco,
464 3676 497 3742 ui
510 3683 574 3759 ipse
586 3686 693 3744 beatus
707 3691 819 3759 Petrus,
833 3689 886 3763 qui
901 3695 946 3749 est
959 3697 1063 3766 pastor
1075 3699 1103 3753 et
1157 3693 1392 3752 Christianorum
1414 3695 1564 3753 consortio
1587 3699 1617 3753 et
1628 3709 1711 3765 regno
1734 3690 1791 3748 liei.
1808 3689 1866 3746 lloc
1879 3701 1943 3742 seru

271 3772 400 3830 nutritor
426 3769 563 3830 omnium
577 3772 723 3848 fidelium,
748 3776 917 3836 benefaciat
939 3779 1017 3840 dete
1032 3799 1102 3842 cum
1156 3783 1311 3842 decretum
1325 3783 1439 3843 iirmari
1451 3784 1490 3842 nb
1512 3784 1654 3842 omnibus
1669 3782 1794 3840 volumus
1807 3776 1942 3854 episcopis,

271 3861 517 3936 apresentivita
538 3862 731 3922 subtraxeris.
756 3866 907 3925 Arnaldm
930 3869 1016 3928 Oddo
1036 3873 1101 3930 vice
1154 3889 1233 3948 quos
1246 3871 1397 3931 Arnaldus
1411 3873 1589 3943 invitaverit,
1620 3873 1695 3931 sicut
1715 3887 1767 3930 nos
1784 3869 1878 3928 iecisse
1889 3865 1943 3922 inic

270 3967 372 4010 comes
384 3951 547 4025 Gasconiee,
563 3953 648 4012 miles
660 3958 741 4025 tuus,
757 3957 890 4030 possidet
898 3959 1007 4032 iniuste
1022 3961 1099 4022 duas
1154 3963 1217 4020 rius
1246 3969 1428 4036 cognoscent
1454 3978 1492 4032 aa.
1522 3967 1599 4022 liene
1624 3963 1731 4022 velem.
1757 3958 1891 4020 ndencus
1906 3953 1941 4012 liri

269 4041 410 4100 ecclesias
441 4059 510 4119 quae
535 4044 772 4120 pertinentiam
805 4047 885 4106 dicto
916 4053 1099 4111 monasterio
1154 4053 1249 4126 gratia
1263 4053 1456 4112 Vercellencis
1470 4054 1642 4130 episcopus.
1663 4049 1879 4128 lleynaldusltci
1895 4061 1940 4118 gn·

271 4131 369 4188 Sancti
383 4131 458 4190 Petri
470 4152 477 4204 ;
491 4149 555 4192 una
568 4139 614 4192 cst
627 4135 775 4194 edificata
790 4137 829 4196 ad
841 4138 989 4198 honorem
1002 4143 1098 4202 sancti
1152 4144 1194 4202 tia
1206 4143 1358 4220 Papiensis
1373 4145 1543 4220 episcopus.
1556 4148 1670 4218 Petrus,
1683 4161 1775 4220 quem
1793 4143 1883 4200 dicum
1900 4135 1939 4209 epi

268 4217 843 4308 hartiniinlocoqffiqjeitup0ff1010;
868 4227 927 4287 alia
936 4230 1032 4289 sancti
1048 4233 1098 4291 Sa·
1152 4249 1279 4308 scopum
1305 4240 1415 4292 sanctae
1443 4234 1578 4307 Rulflnoe,
1617 4233 1807 4294 subscribens
1834 4225 1938 4288 hmani

267 4306 389 4382 turnini,
400 4309 432 4367 in
447 4310 647 4384 Flamelingis.
663 4314 771 4374 nanda
790 4317 923 4376 Arnaldo
942 4324 975 4378 ut
990 4321 1096 4382 reddat
1114 4358 1137 4413 D
1152 4322 1474 4399 oldericusepisoopus
1484 4323 1707 4383 Aurelianensis
1716 4323 1844 4383 Ecclede
1851 4325 1938 4388 allel·

268 4402 372 4456 sancto
385 4399 470 4457 Petro
484 4399 561 4458 duas
582 4401 723 4461 ecclcsiae
747 4421 817 4463 cum
844 4407 986 4466 omuibus
1010 4413 1098 4484 perti·
1150 4411 1283 4469 mundus
1296 4412 1455 4488 episcopus
1467 4411 1626 4471 deliende.
1648 4414 1798 4472 uenustus
1818 4403 1955 4487 sumre*

265 4486 374 4545 nentiis
398 4487 528 4560 illarum,
553 4494 587 4548 ut
604 4491 710 4551 hatres
733 4502 955 4555 commorantes
976 4499 1006 4556 in
1022 4517 1096 4575 prce-
1149 4501 1295 4564 Lunensis
1308 4501 1449 4561 firmant.
1465 4503 1586 4561 Meuius
1599 4504 1735 4562 mensis
1747 4501 1873 4562 firmarit
1891 4477 1954 4558 ltu-i

265 4575 347 4634 dicto
370 4579 553 4637 monasterio
585 4581 720 4641 habeant
745 4584 783 4642 de
820 4585 934 4644 eisdem
961 4589 1096 4649 ecclesiis
1150 4589 1439 4650 dinus'laurincnsis
1453 4590 1591 4650 firmant.
1609 4593 1780 4651 Bernardns
1794 4586 1934 4664 aggerare

264 4666 348 4740 quod
362 4672 477 4727 rectum
491 4673 545 4741 est,
558 4673 587 4728 et
599 4677 722 4746 propter
737 4677 822 4732 tuam
842 4675 977 4735 animam
999 4681 1096 4754 quoti
1148 4680 1287 4739 firmarit.
1306 4681 1457 4740 Deodatus
1480 4681 1642 4757 episcopus
1661 4681 1853 4742 Tholoneusis
1871 4679 1936 4736 irus·

152 4833 157 4840 .
264 4753 311 4812 die
326 4756 494 4831 supplicent
508 4759 626 4818 Domini
649 4760 847 4834 clementiam,
877 4769 920 4837 ut,
945 4783 1015 4826 cunr
1040 4785 1095 4844 per
1146 4770 1197 4827 vit.
1213 4772 1314 4828 Petrus
1326 4771 1487 4845 episcopus
1499 4771 1693 4830 Massiliensis
1706 4771 1840 4831 firmavit

267 4905 1925 4941 Μ

578 5018 860 5112 EPISTOLAE
890 5026 1258 5119 DIVERSORUM
1287 5031 1359 5118 ab
1387 5029 1658 5124 JOANNEM.
1696 5119 1700 5124 .

375 5268 377 5270 ,
509 5265 515 5286 ,
605 5273 611 5288 ,
667 5206 688 5260 l·
739 5277 745 5288 ,
906 5281 912 5292 .
959 5280 964 5292 ⁸
1147 5213 1293 5268 terrarum
1322 5211 1578 5271 excellentissimae
1605 5214 1733 5292 indepto
1757 5231 1838 5292 pape
1859 5213 1923 5269 icet·

259 5263 398 5401 &mig
408 5267 618 5403 {ffliffffi
631 5274 766 5404 fflat}
779 5275 963 5408 {iomm
983 5279 1088 5411 3222·
1141 5302 1321 5374 Wnuruuus,
1349 5301 1446 5359 crucis
1469 5302 1577 5362 Christi
1601 5319 1719 5377 servus,
1751 5307 1848 5365 sedem
1862 5293 1922 5372 judu*

295 5387 415 5472 electoris
443 5389 809 5488 constantinopotiianam
830 5422 1012 5481 Universclis
1037 5384 1089 5482 nc:
1141 5405 1210 5448 “¹¹⁰¹
1226 5391 1370 5492 ⁸P⁰⁸,t⁰¹i⁸
1384 5395 1569 5493 fft⁰⁰¹⁰¹²⁸m
1583 5395 1678 5467 mgni·

270 5529 274 5538 .
293 5501 361 5544 mea
374 5485 433 5543 sibi
440 5487 607 5548 attribuere
613 5491 765 5560 patratur.
1175 5482 1306 5553 ltagrstrr
1317 5486 1452 5553 gentium
1461 5482 1548 5540 dictis
1563 5484 1744 5544 instrreimur
1753 5483 1922 5543 seniorettiil

379 5573 518 5648 (Uenilia
532 5577 611 5635 Acin
624 5576 676 5635 SS·
689 5579 801 5639 Bened.
812 5580 882 5653 thl,
895 5584 968 5656 335).
1139 5569 1370 5645 increpandum.
1390 5570 1474 5630 ldem
1498 5576 1601 5632 umen
1623 5574 1699 5632 alias
1727 5575 1799 5633 dicit
1813 5592 1820 5630 ε
1832 5595 1844 5622 o
1858 5567 1921 5626 fans

271 5645 393 5718 ‚ursis
406 5645 766 5718 netetrsvcrsauanean
783 5653 859 5718 Petri
871 5651 936 5718 sedi
957 5654 990 5724 in
1012 5655 1086 5724 orbe
1140 5674 1210 5727 aum
1223 5658 1381 5743 urbicus,
1395 5676 1451 5728 voe
1463 5677 1513 5726 mc
1527 5647 1921 5738 regnastueecotgiri·
