3996 6186
242 135 288 186 est
721 120 873 176 ouoouvs
894 119 1023 174 cacam
1043 116 1070 170 s.
1092 115 1247 180 aururrur
1266 119 1456 176 vinculus.
1502 156 1509 166 .
1896 127 1940 181 aaa

240 254 309 308 dem
323 254 401 322 regis
417 249 570 322 arripiens,
585 245 753 319 deportavit
768 245 806 299 ad
822 261 856 299 os
872 259 971 308 suurn,
987 245 1066 296 stau·
1085 243 1109 294 Α
1125 255 1235 312 scopus
1250 243 1372 298 nomine
1384 243 1545 309 hortamus,
1576 243 1668 311 struis
1684 248 1712 300 et
1734 244 1895 302 virtutibus
1908 250 1940 302 ni-

237 341 337 413 doque
350 338 452 396 delinit
464 336 611 406 osculum,
624 351 785 405 regemque
801 332 867 387 iecit
880 330 1065 403 resupinum.

239 435 337 502 ltaque
366 444 495 499 magnus
523 426 667 483 excitatur
695 424 783 488 risus,
818 435 1008 492 magnusque
1035 417 1065 473 in

235 517 322 591 plebe
349 517 503 573 tumultus.
534 518 678 571 (aeterum
706 510 828 568 Carolus
851 527 912 568 res,
942 507 1065 578 (luxque

237 608 403 671 hotbertus,
418 606 640 678 comitesqueet
655 619 802 676 proceres.
820 599 963 672 praesules
973 596 1063 652 etab-

233 697 328 768 hates,
341 698 519 768 juraverunt
532 698 719 749 sacramento
745 689 897 746 catholicae
924 685 992 741 iidui
1011 702 1063 758 pa-

235 787 317 842 tricio
332 785 447 843 helleni
460 785 550 841 vitam
566 799 663 848 suam,
679 788 708 838 et
718 779 865 845 membra,
878 782 905 832 et
916 777 1062 832 honorem

234 876 323 933 totius
335 875 428 944 regui,
445 876 567 946 insuper
583 877 694 928 terram
708 868 944 928 derrnrniuatam,
961 869 1063 937 quate-

233 983 291 1023 nus
304 966 403 1039 ipsam
417 969 527 1021 teneret
539 968 567 1020 et
575 963 752 1036 possideret,
764 958 994 1028 haeredibusque
1007 961 1062 1012 tra·

233 1057 325 1123 deret,
346 1059 374 1111 et
386 1071 439 1128 per
454 1052 600 1110 curricula
616 1055 794 1107 cunctorum
819 1061 969 1104 annorum
995 1061 1062 1100 sue-

234 1145 329 1202 cessio
341 1159 485 1217 nepotum
498 1143 529 1198 iu
544 1141 704 1215 progenies
715 1137 927 1211 progenierum
939 1134 1063 1190 haberet

233 1234 426 1290 etexcolcret.
445 1232 502 1296 llis,
519 1235 551 1286 ut
563 1230 676 1286 dictum
691 1233 744 1295 est,
761 1226 894 1298 expletis,
910 1241 961 1280 rex
976 1225 1062 1278 Caro-

233 1324 280 1384 tus
295 1323 335 1379 ad
360 1338 415 1377 sua
433 1319 584 1376 remeavit.
615 1319 770 1374 hotbertus
795 1320 824 1371 et
853 1317 965 1370 Franco
991 1327 1061 1367 eum

234 1412 355 1469 ltollone
372 1409 525 1476 remansit,

440 1547 621 1590 at’OSTttot‘tth
642 1547 677 1586 Ao
696 1543 850 1586 horhusen.

208 1707 211 1718 ⁵
234 1642 327 1709 ltoll0,
343 1639 385 1697 tui
400 1639 481 1696 visus
496 1639 595 1711 capies
611 1653 647 1692 ex
662 1633 787 1708 mystico
805 1649 905 1687 sensu.

235 1731 370 1790 Ecclesiae
386 1729 479 1786 stabis
490 1727 632 1802 praetelso
648 1725 756 1781 vertice
771 1723 891 1778 montis.

233 1825 327 1880 hlonte
343 1817 494 1876 salutilero
505 1815 650 1872 scelerum
665 1813 833 1886 puruahcre
847 1811 940 1883 lepra.

234 1915 316 1968 Nunc
332 1909 478 1977 heminae,
490 1905 707 1976 volucrumque
731 1901 797 1956 luco
815 1906 898 1954 scuta
914 1903 1060 1964 serentes,

235 2004 270 2058 Se
287 1997 421 2055 Ecclesia
433 1997 566 2054 montem
579 1993 758 2050 scandentes
775 1990 854 2045 iovite
870 1987 1005 2062 pialurni.

235 2095 406 2146 Extremum
419 2101 550 2160 quorum
564 2081 664 2156 capies
680 2097 837 2153 nunquam
846 2096 968 2154 quoque
983 2077 1059 2133 visu.

235 2183 385 2236 immunes
400 2175 544 2232 scelerum
555 2171 694 2228 lihahunt
706 2167 833 2244 mystica
849 2183 944 2236 sarira,

234 2269 436 2339 Nidorumquc
452 2265 560 2321 domos
580 2259 689 2318 facient
708 2259 818 2314 rnontis
830 2257 905 2329 juga
918 2257 1005 2313 circa.

234 2357 438 2428 Ecclesiasque
453 2357 566 2409 struent
578 2351 696 2406 diverso
711 2365 835 2404 munere
855 2345 953 2412 fultae,

237 2451 302 2504 Eua
316 2446 405 2512 bone,
418 2443 480 2500 dux
496 2441 553 2514 pie,
570 2438 673 2496 Patrici
689 2453 867 2510 semperque
888 2434 1026 2505 verende,

234 2537 350 2594 Adsunt
361 2531 536 2601 cunctatim,
548 2546 615 2602 quae
627 2544 734 2584 sorano
746 2526 865 2582 unimus
876 2529 943 2580 tuus
951 2524 1061 2580 hausit.

235 2629 325 2684 Serva
340 2624 490 2697 baptismo
505 2620 588 2694 quod
601 2620 665 2690 jam
676 2616 848 2692 promiseris
864 2615 954 2672 almo.

236 2716 348 2788 Linque
361 2731 438 2786 opus
451 2710 608 2770 infandum
622 2710 749 2774 Satanae,
760 2705 834 2780 quin
850 2704 948 2762 toxica
966 2721 1062 2773 sacra,

235 2807 338 2871 Qrtrere
353 2806 445 2858 [teum
457 2815 562 2854 verum
570 2801 638 2854 voto
649 2802 678 2852 et
688 2811 776 2868 prece
787 2791 921 2868 supplice
933 2811 1027 2866 sempr
1038 2810 1063 2860 r,

235 2893 365 2952 Observa
380 2888 592 2946 mandatorum
607 2890 756 2958 praecepta
770 2900 902 2948 suorum,

235 2985 278 3038 lla
292 2981 373 3048 leges
386 2977 509 3052 populo,
526 2976 621 3032 doctis
637 2974 811 3050 sancitaque
823 2974 902 3046 jura.

235 3071 311 3126 Pace
326 3069 427 3126 truens
442 3065 571 3142 populus
585 3065 726 3136 gaudebit
737 3069 870 3136 tempore
882 3068 999 3132 cuncto,

236 3159 357 3232 Suhque
374 3156 542 3214 tuaditione
558 3171 679 3210 morans
703 3169 830 3225 semper,
846 3149 1060 3224 habitansque.

236 3253 456 3320 latronumque
469 3245 570 3301 lurum
584 3241 701 3298 insidiis
716 3239 905 3296 hustrabitur
921 3239 1029 3294 ortuis.

235 3336 369 3394 Ecclesiae
386 3350 522 3390 summus
536 3336 623 3397 tutor,
638 3331 823 3401 inopumque
833 3327 964 3398 juvator,

235 3427 379 3484 Faeihcus
393 3424 478 3490 regui
492 3424 651 3492 protector,
668 3425 695 3472 et
711 3417 877 3480 auxiliator,

237 3513 438 3581 Defensorquc
454 3507 646 3576 gubernator,
663 3504 845 3570 moderator,
863 3507 891 3556 et
906 3505 1020 3556 auctor.

236 3603 380 3670 Perpetuo
397 3596 498 3666 vigeas
512 3593 622 3652 meritis
637 3591 790 3648 vivacibus
810 3607 884 3646 reve.

1122 330 1217 386 mium
1231 346 1403 396 coruscans,
1420 334 1458 388 oh
1473 339 1585 389 metum
1601 333 1643 389 tui
1656 333 1852 392 adventusad
1863 338 1939 391 Fran-

1120 418 1197 476 ciam
1209 425 1252 476 est
1267 421 1450 493 deportatus.
1466 423 1626 492 tiimcgias,
1652 439 1713 495 quo
1742 423 1827 495 prius
1851 441 1938 480 acees-

1120 508 1189 574 sisti,
1208 515 1253 566 est
1266 510 1411 582 templum
1425 511 1518 568 saneti
1548 513 1631 581 Petri,
1662 528 1788 582 regnum
1805 514 1937 570 carlorum

1119 597 1258 668 clavigeri
1272 600 1382 655 meritis
1393 601 1602 664 sutfraruuum.
1620 600 1720 657 Plures
1737 607 1807 658 sunt
1818 603 1931 658 ecclesia

1118 686 1149 742 in
1176 693 1226 743 ta
1253 689 1364 745 ditione
1380 690 1494 762 positae,
1511 690 1564 745 sed
1586 691 1632 745 hie
1653 697 1724 747 sunt
1752 692 1935 763 praecipua..

1117 778 1198 832 Tune
1224 778 1381 834 liutbertus
1402 797 1408 834 :
1440 801 1453 828 «
1467 783 1496 834 tn
1509 779 1640 834 confinio
1656 785 1764 835 nostrae
1796 783 1936 852 potestatis

1117 865 1185 936 quis
1201 872 1322 922 sanctus
1331 855 1480 940 potentior
1490 868 1602 923 meritis
1612 869 1739 925 hahetur
1752 869 1765 923 ¹?
1779 891 1795 918 »ι
1813 871 1934 925 l'renro:

1118 975 1131 1002 v
1150 956 1274 1010 Sanctus
1289 956 1448 1028 ttiouysius
1463 957 1583 1012 natione
1598 960 1726 1023 Graecus,
1741 973 1796 1029 per
1812 965 1935 1014 sanctuni

1118 1044 1241 1099 Paulum
1256 1045 1295 1099 ad
1308 1045 1400 1100 tidem
1413 1044 1591 1100 catholicum
1605 1063 1782 1111 conversus,
1803 1053 1904 1118 postea
1923 1067 1934 1102 a

1116 1131 1203 1188 heato
1218 1133 1367 1190 clemente
1381 1135 1454 1190 Petri
1475 1135 1601 1207 apostoli
1618 1151 1791 1192 successore
1821 1139 1934 1192 Francia

1116 1222 1156 1276 ad
1171 1223 1397 1294 praedicandum
1412 1225 1617 1292 transmissus,
1635 1225 1728 1281 multa
1749 1225 1871 1292 flagella
1896 1242 1934 1298 pa·

1117 1326 1449 1383 ganerumperpessus,
1469 1311 1582 1384 diuque
1609 1313 1795 1381 verberatus,
1823 1314 1862 1370 ad
1885 1315 1934 1368 utti-

1116 1417 1201 1456 mum
1222 1417 1276 1472 pro
1299 1417 1401 1457 amore
1427 1402 1476 1456 Dei
1501 1401 1647 1458 hebetatis
1674 1403 1832 1458 securibus
1853 1403 1931 1476 capite

1116 1489 1230 1561 plexus.
1250 1513 1263 1540 u
1276 1494 1356 1546 Tunc
1372 1491 1528 1546 liethertus
1550 1507 1556 1546 :
1584 1513 1598 1538 «
1611 1496 1783 1564 Antequam
1799 1493 1932 1548 dividauu

1078 1593 1097 1648 Β
1118 1583 1193 1636 terra
1207 1581 1282 1635 meis
1294 1580 1490 1653 principibus,
1508 1584 1566 1636 beo
1579 1585 1609 1636 et
1623 1587 1734 1638 sauctae
1750 1583 1860 1650 itariae,
1880 1599 1931 1637 sau-

1116 1669 1230 1741 etisque
1246 1669 1457 1739 denominatis,
1470 1670 1608 1726 desidero
1622 1677 1739 1743 partem
1768 1672 1856 1728 istius
1865 1679 1931 1727 terre

1116 1758 1197 1822 dare,
1215 1759 1501 1828 utdignenturmihi
1523 1759 1553 1815 in
1576 1759 1721 1815 auxilium
1746 1761 1907 1816 subvenire.
1922 1787 1930 1806 ¹·

1116 1851 1250 1904 Franco:
1266 1869 1279 1898 a
1297 1849 1425 1905 Consilio
1441 1849 1582 1906 divinitus
1597 1849 1742 1922 inspirato
1760 1851 1860 1919 uteris,
1877 1867 1930 1905 cen-

1117 1953 1285 2009 gruumque
1296 1943 1340 1992 est
1355 1937 1406 1994 tihi
1417 1939 1462 1992 his
1479 1943 1591 2010 septem
1606 1939 1724 2004 diebus
1740 1939 1854 2012 quibus
1867 1939 1930 1994 alla·

1117 2024 1152 2080 tis
1168 2025 1339 2081 chrismatis
1354 2031 1381 2081 et
1397 2026 1453 2082 olei
1468 2026 1601 2082 vestibus
1615 2045 1648 2084 es
1676 2028 1813 2094 indutus,
1837 2028 1900 2083 lieri.
1920 2053 1928 2068 =·

1117 2115 1199 2172 Dedit
1214 2115 1315 2188 itaque
1329 2102 1486 2172 [lotherius
1497 2117 1595 2189 prima
1609 2117 1658 2174 die
1670 2117 1837 2190 baptisterii
1849 2123 1898 2174 beo
1908 2125 1928 2171 et

1117 2209 1227 2260 sancte
1254 2205 1349 2262 itariae
1386 2206 1636 2276 Rothomagensis
1670 2206 1804 2264 ecclesiae
1839 2211 1927 2264 terram

1117 2295 1344 2367 premaximum
1360 2295 1513 2350 eauouicis
1528 2294 1559 2350 iu
1584 2301 1768 2367 perpetuum
1794 2296 1928 2369 possiden-

1117 2385 1198 2439 dam.
1214 2384 1351 2440 Secundo
1364 2384 1422 2452 die,
1440 2389 1549 2440 sanetae
1565 2385 1660 2442 Marhr
1677 2387 1877 2456 onacacensis
1891 2401 1926 2439 ec-

1118 2473 1223 2530 clesiae.
1240 2474 1334 2530 Tertio
1347 2474 1406 2542 die,
1436 2479 1547 2530 sauctae
1563 2474 1927 2532 liariteEhroieaceusisec·

1118 2563 1224 2619 etesiae.
1242 2565 1362 2630 Ouart0,
1383 2563 1555 2634 archangeli
1568 2564 1715 2621 Michaelis
1737 2565 1872 2634 eeclesia,
1896 2563 1926 2616 vi

1118 2652 1405 2708 cibusinundatione
1416 2652 1615 2725 procellarum
1626 2653 1717 2709 maris
1729 2654 1924 2724 circumsepta,

1119 2741 1286 2796 secundum
1315 2756 1438 2796 cursum
1458 2740 1538 2797 lunae
1560 2741 1767 2799 incrementati
1790 2739 1924 2816 septenarii

1118 2829 1235 2885 numeri
1249 2828 1456 2900 dispositione.
1470 2830 1589 2896 Quinto,
1603 2831 1781 2888 sanctiPetri
1795 2831 1923 2900 sanctique

1078 2947 1098 3002 C
1120 2917 1254 2974 ‹turiceni
1270 2917 1410 2974 ecclesus.
1430 2921 1529 2990 Sexto,
1545 2923 1650 2974 sancto
1671 2922 1756 2975 Petro
1785 2925 1922 2988 sanctique

1119 3007 1246 3062 aicardo
1259 3005 1618 3063 (temetiueusisecclesire.
1632 3008 1775 3079 Septimo,
1787 3004 1921 3064 brenneval

1120 3112 1189 3152 cum
1202 3095 1344 3152 omnibus
1360 3095 1540 3168 appenditiis
1556 3101 1658 3152 sancto
1686 3098 1818 3170 Dionysio
1842 3095 1916 3149 dedit.
1963 3097 1966 3108 '

1121 3188 1231 3240 Octavo
1247 3184 1295 3239 die
1311 3184 1487 3257 expiationis
1503 3185 1577 3255 ejuS,
1590 3181 1916 3241 vestimentischrismali-

1121 3274 1176 3329 bus
1190 3273 1235 3329 vel
1245 3273 1476 3345 baptismalibus
1484 3273 1616 3337 indutus,
1629 3274 1719 3348 erepit
1730 3274 1817 3330 metiri
1827 3277 1920 3328 terram

1120 3363 1224 3422 verbis
1235 3361 1305 3428 suis,
1323 3361 1482 3418 comitibus
1495 3367 1585 3436 atque
1600 3363 1701 3430 tarent
1715 3364 1854 3420 fidelihus.
1881 3364 1922 3416 tte

1120 3451 1209 3523 nique
1225 3456 1394 3523 praeparato
1407 3467 1520 3522 magno
1536 3452 1715 3524 nuptialium
1728 3454 1816 3524 cultu,
1830 3451 1923 3508 Gutum

1120 3540 1212 3595 tiliam
1245 3540 1323 3609 regis
1358 3555 1482 3598 uxorem
1521 3541 1578 3598 sihi
1614 3541 1708 3611 duxit,
1736 3557 1789 3615 pro
1819 3553 1924 3612 quase

1122 3627 1241 3686 Francis
1257 3627 1448 3685 conciliando
1473 3629 1650 3702 pacificavit.
1679 3629 1857 3688 Securitatem
1870 3639 1925 3680 om·

274 3729 394 3780 hunos
410 3718 527 3777 Domini
546 3718 638 3775 nostri
653 3719 724 3773 tesu
739 3716 843 3774 Christi
861 3715 1066 3773 incarnatione
1120 3717 1210 3774 nibus
1240 3717 1377 3787 genhhus
1402 3718 1434 3774 in
1462 3735 1518 3776 sua
1549 3723 1627 3776 terra
1655 3731 1771 3776 manere
1797 3713 1925 3788 cupienti·

237 3811 467 3880 annuentestmo
485 3807 677 3879 duodecimo,
693 3810 804 3864 Franco
823 3805 1067 3879 archiepiscopus
1121 3807 1179 3864 bus
1210 3807 1286 3864 iecit.
1320 3807 1401 3864 ullane
1424 3813 1535 3866 terram
1572 3808 1633 3864 suis
1655 3807 1791 3866 tidehhus
1812 3802 1925 3862 laniculo

238 3903 385 3964 catholiea
398 3901 457 3956 tide
471 3902 666 3956 sacrosanctae
682 3895 827 3953 trinitatis
837 3895 988 3952 imbutum
999 3895 1066 3952 Rol-
1123 3897 1232 3964 divisit,
1249 3896 1481 3970 universamque
1505 3897 1558 3954 diu
1578 3897 1727 3956 desertam
1749 3893 1925 3957 revediticavit

238 3997 339 4053 lenem
355 3991 524 4054 hereditavit,
553 3987 674 4060 drrxqae
699 3989 880 4044 Francorum
911 3985 1068 4041 liethertus
1124 3991 1213 4058 atquc
1250 3985 1288 4042 de
1324 3987 1385 4042 suis
1423 3986 1567 4044 militibus
1605 3987 1787 4060 advenisque
1810 3984 1924 4058 genibus

239 4085 276 4138 de
301 4083 382 4137 fonte
412 4077 573 4136 Salvatoris
613 4091 682 4132 eum
715 4074 854 4148 suscepit,
895 4087 1068 4145 nomenque
1122 4076 1262 4132 refertam
1303 4076 1452 4132 restruxit.
1482 4079 1553 4133 tura
1577 4081 1606 4133 et
1637 4076 1719 4146 leges
1755 4075 1925 4149 sempiternas

242 4183 332 4225 suum
347 4167 374 4222 ei
385 4165 537 4237 imposuit,
553 4163 731 4237 magnisque
747 4161 924 4218 muneribus
939 4166 966 4218 et
981 4161 1069 4218 donis
1123 4165 1273 4222 voluntate
1301 4165 1472 4238 principum
1494 4166 1636 4224 sanctitas
1663 4170 1692 4223 et
1714 4166 1843 4224 decretas
1864 4157 1925 4234 ptehi

241 4255 405 4313 honorifice
418 4254 532 4309 ditavit.
550 4253 706 4308 hotbertus
718 4256 830 4322 autem,
844 4250 895 4323 qui
923 4256 952 4308 et
974 4251 1104 4348 holle,D
1124 4254 1239 4323 indixit,
1259 4259 1350 4328 atque
1375 4255 1502 4327 pacifica
1529 4255 1755 4312 conversatione
1779 4251 1879 4312 morari
1901 4247 1928 4304 si·

243 4343 366 4401 comites
381 4357 454 4397 suos
468 4347 496 4396 et
511 4340 618 4396 mihies
633 4357 815 4414 omnemque
837 4356 964 4398 manum
988 4355 1069 4396 exer·
1125 4342 1189 4400 md
1209 4343 1314 4413 coegit.
1330 4343 1473 4400 Ecclesiae
1498 4343 1631 4400 funditus
1652 4343 1737 4400 tusas
1752 4345 1856 4413 steterit,
1869 4344 1927 4397 tem·

244 4433 319 4490 citus
332 4431 377 4486 sui
389 4428 534 4504 baptizari
551 4429 629 4498 iecit,
645 4435 735 4501 atque
752 4429 923 4487 Christianae
952 4429 1071 4498 religio·
1125 4431 1175 4505 pla
1189 4431 1355 4504 frequentia
1382 4447 1573 4504 paganorum
1599 4431 1749 4490 destructa
1768 4425 1927 4492 restaurarit,

244 4523 290 4582 nis
303 4521 372 4578 tidei
387 4535 441 4593 per
455 4517 683 4592 praedicationes
692 4518 809 4575 instrui.
820 4520 891 4576 ilino
905 4523 1072 4576 convocato
1126 4536 1229 4576 muros
1245 4519 1396 4576 civitatum
1411 4525 1440 4576 et
1454 4520 1682 4593 propugnacula
1706 4521 1809 4578 reiecit
1838 4525 1863 4576 et
1875 4529 1930 4572 auv-

245 4619 396 4672 Francouc
425 4610 577 4683 episcopo,
613 4625 681 4680 quae
704 4608 836 4665 ecclesiae
871 4609 1072 4670 veneratiores
1126 4608 1280 4665 mentavit.
1322 4609 1477 4664 Britannos
1517 4608 1654 4666 rebelles·
1675 4609 1733 4666 sibi
1768 4605 1927 4681 subjugant

244 4704 275 4760 in
291 4717 346 4758 sua
357 4704 434 4756 terra
447 4698 628 4754 haberentur
640 4695 814 4765 sciscitetur,
830 4701 859 4754 et
878 4712 947 4769 quae
966 4701 1072 4771 poten·
1127 4701 1216 4769 etque
1238 4697 1275 4752 de
1301 4695 1420 4754 cibariis
1447 4697 1600 4754 Britooum
1625 4701 1720 4754 totum
1742 4713 1865 4772 regnum
1887 4689 1929 4747 sibi

246 4793 336 4851 tiores
350 4789 455 4846 merito
470 4791 499 4844 et
513 4786 678 4860 patrocinio
703 4791 874 4842 sanctorum
894 4785 1072 4843 dicerentur.
1127 4800 1306 4842 concessum
1320 4783 1500 4842 sufficienter
1512 4784 1605 4858 pavit.
1618 4787 1751 4858 lienique
1765 4787 1874 4845 interra
1882 4793 1929 4835 suff

246 4885 327 4940 Tunc
351 4883 463 4936 Franco
493 4894 500 4933 ε
529 4901 542 4926 α
557 4875 816 4946 hothomagensis,
836 4879 864 4932 et
895 4876 1074 4945 bajocacen-
1127 4874 1247 4932 ditionis
1275 4874 1422 4942 caunum,
1451 4873 1540 4932 idest
1560 4875 1762 4944 interdictum,
1778 4875 1855 4933 misit
1865 4865 1931 4944 quod

248 4973 309 5039 sis,
347 4974 436 5042 atque
464 4965 686 5024 tibroicacensis
711 4964 835 5022 eeclesia
878 4968 1075 5022 sacrosanctae
1128 4967 1172 5022 est
1207 4963 1380 5038 prohibitio,
1409 4968 1441 5020 ut
1476 4963 1576 5022 nullus
1601 4965 1648 5022 fur
1686 4965 1733 5022 vel
1757 4966 1832 5024 latro
1854 4963 1929 5018 esset·

246 5061 341 5120 hariae
383 5058 486 5115 matris
525 5055 643 5112 Domini
679 5053 772 5110 nostri
805 5057 874 5110 tesu
910 5053 1016 5110 Christi
1047 5059 1075 5112 et
1128 5069 1225 5127 neque
1249 5069 1407 5110 assensum
1431 5052 1520 5110 mala
1550 5053 1713 5112 voluntatis
1742 5055 1770 5113 ei
1799 5051 1930 5128 praeheret.

248 5146 375 5218 Virgmis
409 5149 440 5203 in
465 5147 579 5202 honore
614 5149 660 5200 est
686 5143 842 5200 dedicata.
884 5149 915 5200 tn
941 5143 1074 5217 periculo
1128 5143 1262 5215 Denique
1286 5141 1438 5200 interdixit
1463 5147 1495 5199 ut
1530 5143 1631 5200 nullm
1650 5143 1828 5202 ter-ramenta
1861 5133 1931 5196 aratri

249 5237 341 5292 maris
354 5235 477 5292 ecclesia
492 5239 593 5290 moute
608 5232 716 5307 posita,
733 5231 911 5303 archangeli
925 5230 1074 5290 tlichaelis
1128 5233 1233 5289 domui
1246 5231 1425 5304 deportaret,
1437 5248 1540 5290 verum
1554 5233 1783 5307 incompactam
1797 5235 1888 5289 aratro
1899 5240 1931 5281 re

249 5324 381 5399 paradisi
405 5324 555 5397 praepositi
582 5323 705 5380 nomine
734 5321 930 5395 praetitulata.
970 5325 1003 5378 ln
1028 5337 1075 5376 su·
1127 5321 1286 5393 linqueret,
1308 5321 1931 5395 etaulluspostequum,asinumque,atqve

248 5413 357 5473 hurbio
383 5413 507 5469 civitatis
535 5411 620 5467 istius
657 5415 703 5466 est
727 5411 945 5466 monasterium
980 5408 1075 5466 sancti
1128 5410 1249 5476 hovem,
1266 5425 1303 5466 ae
1317 5410 1462 5482 perderet,
1478 5410 1634 5468 custodem
1644 5411 1788 5478 mitteret;
1805 5409 1888 5478 hujus
1900 5403 1932 5458 in·

250 5504 323 5562 Petri
336 5503 542 5577 apostolorum
556 5501 697 5574 principis
709 5499 830 5556 nomine
845 5501 1073 5556 consecratum:
1130 5498 1242 5556 terdicti
1252 5513 1365 5570 pavore
1376 5499 1502 5571 quidam
1522 5499 1654 5570 agricola
1664 5498 1827 5558 manensin
1841 5499 1933 5558 tenut-

249 5595 280 5652 tn
290 5609 353 5666 quo
364 5591 529 5648 recubabat
542 5590 626 5646 istius
639 5589 721 5646 urbis
735 5587 913 5646 venerahilis
927 5587 1073 5660 archiepi-
1130 5587 1258 5660 petentis
1274 5587 1355 5660 villa,
1364 5588 1455 5648 aratri
1467 5588 1724 5662 uteasfflaeaaapo
1737 5586 1932 5654 &visitante
