3990 6184
207 201 272 264 lull
880 189 1066 268 suntnihil
1086 191 1120 251 lx
1138 192 1247 254 PAPAE.
1865 197 1924 258 iiii

201 329 385 394 cenoman,
398 335 467 398 qua
478 325 523 380 est
533 322 609 396 juris
623 317 693 380 dicti
703 319 856 396 epbcoplt,
868 323 897 378 st
909 337 927 377 a
940 317 1067 394 quar-ll
1087 313 1144 374 sihi
1156 315 1384 393 pcrtinentibus,
1398 321 1497 396 posita
1519 321 1550 379 in
1574 319 1642 380 loco
1655 321 1710 398 qui
1729 327 1875 380 vocabu·
1884 325 1925 382 hi

202 419 233 476 to
255 413 346 475 latere
371 425 472 486 mons,
488 413 516 470 et
539 409 623 482 adra,
651 423 719 486 qnae
742 413 867 468 uocatur
891 405 1028 478 saaca,
1085 405 1173 465 burc.
1189 409 1266 466 later
1280 405 1387 470 adines
1400 409 1440 470 oh
1454 411 1620 471 unolatere
1635 415 1725 480 terra,
1740 409 1777 469 in
1792 427 1863 486 qua
1878 413 1926 470 luit

202 517 296 582 mam
318 503 399 560 unet
415 499 482 578 ipse
502 503 572 558 tuus
597 497 799 575 episcopatus,
823 499 921 574 posita
944 497 1031 570 juxta
1085 495 1196 554 domus
1211 497 1249 555 de
1262 499 1401 558 harada
1423 501 1551 574 conjure
1576 495 1721 574 stephani
1738 501 1926 562 senescalci.

201 591 344 664 buccege,
360 593 389 649 ct
399 587 486 665 iuxta
501 587 599 649 casale
613 585 697 666 quod
710 592 836 647 vocabu
850 587 888 646 de
908 588 1029 646 husius.
1085 584 1125 640 ab
1140 583 1198 642 ulio
1211 584 1303 646 latere
1317 593 1395 646 uera
1408 590 1439 646 in
1451 601 1514 665 qna
1526 587 1583 647 init
1596 587 1709 647 domus
1721 585 1763 647 de
1780 587 1881 658 butio,
1893 589 1927 648 de

236 683 309 741 item
323 681 516 740 concedimus
530 683 559 738 et
573 681 789 738 confirmamus
803 679 888 737 vohis
903 673 1031 735 landum
1084 671 1222 732 &meone
1234 691 1252 733 a
1265 677 1350 734 urdo
1364 675 1455 736 latere
1469 677 1519 736 via
1531 675 1664 754 publiea,
1675 681 1738 736 cta
1755 681 1873 754 quarto
1886 679 1927 736 la-

201 767 233 831 in
245 769 466 846 bagranum
478 761 606 830 uocatur
617 769 793 840 idaurorem,
803 781 873 827 cum
887 765 1031 826 omnihus
1084 763 1146 819 tere
1161 775 1235 821 arus
1248 767 1355 840 major,
1366 771 1395 824 et
1406 769 1456 826 sia
1469 781 1532 843 qua
1545 767 1628 826 ducit
1642 769 1681 827 ad
1698 770 1927 828 monasterium

200 861 313 924 iinlhus
326 857 531 938 limitibusque
546 859 607 918 suis
621 857 729 936 positis
741 859 772 918 in
786 857 932 918 ualterio
946 855 1032 916 stlta
1087 851 1116 909 S.
1129 853 1256 925 cyriaci.

202 947 354 1024 tanciae,
367 946 418 1008 ria
431 943 576 1020 cornelia,
591 947 729 1008 milliario
743 949 784 1008 ah
798 947 872 1006 urbe
893 945 962 1023 plus
975 945 1031 1005 ml-
1122 943 1216 1016 Super
1230 943 1277 1000 his
1299 949 1400 1002 autem
1424 959 1486 1004 non
1508 959 1622 1004 novum
1638 941 1801 1020 amenus,
1818 947 1927 1006 scilicet

202 1055 261 1099 nus
277 1041 319 1112 ti,
336 1041 364 1098 ct
377 1039 455 1098 inter
469 1035 575 1096 affines
590 1039 629 1096 ab
644 1051 706 1096 uno
727 1037 818 1096 latere
835 1037 884 1096 via
896 1051 964 1112 quse
979 1033 1033 1094 du·
1086 1032 1169 1104 qtrod
1183 1035 1386 1092 antecessores
1400 1040 1518 1093 nostros
1529 1038 1731 1096 sacrosanctis
1743 1035 1925 1112 Aihanmd

203 1129 242 1188 cit
255 1125 295 1187 ad
307 1129 440 1189 densam
464 1131 611 1199 sanctam,
626 1125 665 1186 ab
687 1125 746 1186 alio
766 1125 856 1186 latere
876 1141 965 1184 mons
980 1125 1033 1200 qui
1085 1119 1211 1179 ostiensi
1235 1125 1263 1180 ct
1281 1121 1444 1197 portuensi,
1461 1127 1489 1184 et
1512 1123 1577 1184 aliis
1601 1123 1735 1184 ecclesiis
1752 1127 1869 1185 baisse
1881 1143 1926 1186 ca

200 1223 325 1278 vocatur
352 1219 390 1275 de
411 1219 502 1290 ovea,
522 1222 551 1275 et
578 1219 673 1292 Capul
700 1215 878 1292 poncinum,
904 1233 923 1273 a
948 1215 1033 1272 tertio
1087 1211 1269 1281 gnosclmus,
1284 1213 1486 1287 apreseutic
1501 1211 1672 1287 indictione,
1689 1231 1748 1292 per
1762 1217 1926 1290 hujusne

201 1303 292 1366 latere
305 1303 355 1368 vla
365 1321 433 1382 qua
447 1307 544 1382 pergit
556 1301 595 1365 ad
608 1303 748 1374 salim,
764 1311 822 1364 eta
836 1309 944 1382 quarto
959 1305 1032 1362 late-
1087 1305 1154 1358 strae
1177 1301 1349 1376 apostolica
1366 1305 1575 1380 preceptionis
1590 1306 1736 1380 pagiuam
1767 1308 1926 1364 statuimus

202 1411 235 1456 ra
253 1397 339 1472 Juxta
359 1395 460 1472 ipsam
473 1397 554 1454 vlam
569 1396 824 1468 castagnetulum,
839 1399 868 1453 et
882 1409 970 1452 mous
985 1409 1033 1452 ar·
1087 1395 1116 1447 et
1127 1391 1286 1450 statuendo
1300 1406 1354 1467 per
1366 1391 1574 1453 auctoritatem
1593 1395 1809 1470 apostolorum
1825 1397 1927 1472 plinci-

201 1485 313 1556 matus,
333 1489 423 1560 atque
447 1481 580 1542 licarola
603 1483 706 1542 omnia
724 1485 761 1541 de
785 1481 958 1558 supradicto
973 1483 1034 1557 epi·
1087 1479 1134 1555 pis
1157 1479 1382 1554 confirmamus,
1408 1485 1637 1558 etpresbyteri,
1659 1483 1800 1554 diaconi,
1829 1501 1927 1544 mone

204 1571 316 1650 sccplo.
332 1573 406 1632 hem
422 1571 536 1630 fundus
559 1572 612 1650 quui
625 1578 750 1631 vocabar
763 1587 889 1647 campus
903 1569 1031 1644 trojani,
1088 1567 1145 1636 chi,
1161 1569 1368 1639 mansionarii,
1385 1571 1481 1628 clerici
1495 1573 1706 1647 cuiuscunque
1721 1573 1848 1631 ordinis
1865 1573 1925 1637 sint,

204 1664 233 1722 et
244 1663 357 1721 bandus
371 1661 424 1737 qui
444 1665 568 1720 vocatur
581 1659 750 1731 bursicella,
767 1666 796 1719 et
810 1659 922 1718 iundus
937 1659 1069 1732 gradi-13
1087 1655 1135 1713 rel
1149 1653 1313 1728 dignitatis,
1328 1657 1581 1730 sanctimoniales,
1594 1677 1646 1718 seu
1659 1659 1853 1720 diaconissae
1868 1679 1925 1720 orn-

203 1749 254 1822 lia,
276 1753 304 1810 el
319 1749 431 1809 itmdus
445 1751 496 1827 qui
510 1756 637 1809 vocmur
650 1765 739 1810 mons
762 1752 799 1808 de
815 1749 915 1820 sorbo,
931 1750 1034 1807 omnia
1087 1761 1152 1817 nes,
1166 1745 1317 1805 immunes
1333 1747 1392 1805 sint
1407 1747 1534 1806 alaiceli
1549 1749 1677 1819 servitio,
1691 1749 1817 1822 judicio
1832 1755 1861 1808 et
1874 1767 1925 1826 pu-

202 1841 318 1916 integre
339 1855 409 1898 oum
436 1839 498 1898 suis
521 1838 634 1899 finibus
657 1846 685 1898 et
698 1837 915 1916 pertinentibus
929 1839 1033 1914 positis
1088 1835 1166 1895 hilca
1178 1835 1298 1895 datione
1312 1839 1343 1895 in
1358 1839 1473 1897 Galeria
1486 1839 1565 1898 intra
1579 1839 1748 1911 castellum,
1765 1839 1818 1899 vei
1833 1842 1873 1899 de
1886 1841 1923 1899 ic

204 1929 254 1989 vla
274 1929 401 2003 Aurelia,
416 1929 555 1988 milliario
577 1926 616 1987 ab
630 1929 706 1986 urbe
726 1931 820 1988 Roma
843 1929 911 2004 plus
931 1929 1033 1985 minus
1086 1923 1128 1984 ris
1142 1927 1320 1997 habitantes,
1337 1929 1378 1986 ita
1401 1933 1435 1986 ut
1460 1929 1484 1986 si
1508 1930 1680 2004 imperator,
1697 1935 1753 1988 aut
1779 1931 1924 2004 marcha,

205 2019 395 2078 duodecimo.
411 2019 483 2076 lum
507 2033 559 2076 sex
580 2017 613 2077 in
636 2017 786 2090 humum
807 2017 913 2077 unctas
936 2017 1032 2088 tundi,
1087 2015 1150 2074 sive
1164 2015 1249 2074 missi
1267 2031 1382 2087 eorum,
1398 2015 1651 2077 autsuccessora‘s
1665 2021 1765 2077 nostrl
1793 2021 1923 2078 illucve-

204 2107 257 2186 qui
277 2111 403 2168 vocamr
425 2107 583 2178 Atticiano,
603 2111 631 2166 at
660 2109 805 2178 monum,
830 2109 883 2182 qui
908 2111 1032 2164 vocatur
1087 2105 1289 2174 norintnullo
1303 2108 1396 2166 modo
1410 2105 1441 2164 ln
1453 2109 1518 2181 jam
1542 2107 1628 2166 dictis
1643 2109 1790 2184 personis
1804 2127 1861 2184 per
1872 2125 1923 2184 pu-

205 2197 243 2257 de
266 2197 431 2270 llominioo,
455 2211 524 2256 cum
547 2195 688 2256 omnibus
709 2213 815 2254 eorum
837 2195 1032 2272 pertinentiis,
1088 2193 1182 2252 blioos
1196 2195 1403 2253 mimaenalcs
1417 2209 1552 2271 expensa
1571 2193 1741 2269 colligatur,
1755 2213 1855 2272 neque
1869 2199 1922 2256 ali·

204 2285 304 2366 posito
327 2287 376 2346 vla
394 2287 513 2346 Amelia
535 2288 663 2346 miliario
689 2287 728 2345 ab
752 2287 826 2345 urbe
851 2289 947 2346 homa
965 2287 1034 2364 plus
1088 2299 1150 2358 quo
1164 2283 1258 2342 modo
1273 2283 1315 2342 eis
1327 2283 1438 2357 injuria
1450 2285 1607 2358 irrogetur.
1619 2285 1679 2343 Sed
1694 2299 1749 2360 pro
1764 2303 1865 2345 amore
1875 2285 1917 2344 al-

204 2377 306 2436 mhrus
320 2373 541 2448 tertiodecimo;
567 2376 644 2434 inter
659 2375 764 2434 afflues
790 2375 829 2434 ab
848 2389 910 2434 uno
931 2375 1032 2444 latere,
1087 2373 1195 2430 issimi
1205 2375 1288 2448 llei‚a
1299 2375 1387 2447 eujus
1399 2379 1478 2433 sorte
1489 2373 1586 2433 clerici
1600 2379 1829 2452 nuncupantur,
1837 2391 1918 2434 mm-

204 2467 301 2526 ldassa
323 2463 490 2538 magada,
515 2469 543 2524 et
567 2465 732 2526 casandria
760 2466 837 2540 iuris
862 2467 909 2526 SS.
935 2461 1034 2524 Basili·
1088 2467 1220 2536 patenter
1234 2465 1392 2534 honorent,
1406 2463 1562 2522 liceatlllis
1576 2469 1695 2523 tantum
1716 2465 1814 2524 modo
1827 2467 1919 2532 subis,

206 2553 263 2630 dis,
275 2553 412 2630 'tripodis
437 2559 466 2613 et
487 2555 679 2628 ltagdalenae,
695 2571 762 2632 qua
778 2561 822 2614 est
840 2555 974 2631 praedicti
987 2573 1033 2614 ve
1087 2553 1238 2628 vetrisque
1260 2555 1484 2612 successoribus
1503 2553 1652 2628 episcopis
1666 2557 1696 2612 et
1709 2555 1918 2625 sioedomims,

205 2641 257 2704 stri
272 2641 462 2722 episcopll,a
484 2643 618 2703 secundo
632 2642 754 2718 landus,
771 2647 799 2702 et
822 2643 934 2702 fundus
949 2644 1034 2718 Agel-
1088 2657 1141 2700 seu
1156 2643 1371 2702 ministralibus
1396 2645 1516 2716 nostris,
1531 2645 1563 2702 ln
1589 2645 1704 2702 cunctis
1727 2647 1859 2704 reddere
1881 2661 1920 2702 ra-

204 2727 262 2806 lus,
276 2733 329 2810 qui
348 2735 418 2791 sunt
429 2729 467 2791 de
481 2731 589 2790 eodem
604 2737 701 2791 vestro
716 2734 902 2808 episcopatu,
918 2749 935 2790 a
949 2733 1034 2790 tertio
1087 2731 1209 2801 honam,
1226 2737 1254 2790 et
1276 2737 1410 2790 vestrum
1426 2735 1598 2808 exspectare
1615 2731 1780 2806 judicium,
1797 2739 1832 2792 ut
1852 2733 1918 2792 usus

205 2819 296 2880 latere
309 2819 422 2880 landus
436 2821 609 2894 verecundi,
622 2821 676 2896 qui
699 2825 742 2880 est
759 2823 835 2896 juris
860 2822 1035 2880 monasterii
1088 2821 1260 2892 honoretur,
1281 2827 1309 2879 et
1331 2837 1386 2880 vos
1413 2835 1661 2896 successoresque
1682 2823 1790 2896 vestri,
1813 2827 1918 2882 veshu

206 2911 301 2972 sanci
319 2909 486 2970 Martiniad
499 2917 637 2970 sanctum
652 2915 781 2986 Petrum,
797 2915 825 2972 el
839 2929 857 2972 a
871 2911 1034 2988 quantula·
1088 2927 1156 2968 rum
1186 2927 1342 2969 sacrorum
1369 2911 1511 2969 ordinum
1537 2911 1667 2986 secubo,
1695 2917 1727 2968 et
1752 2913 1919 2971 obeamus

205 3001 266 3058 tere
280 2997 355 3058 alias
368 3013 420 3057 sex
433 3000 539 3058 uncias
553 2999 591 3058 de
604 2999 748 3077 praedicto
766 2999 861 3060 tundo
875 3001 1033 3060 Atticiano.
1048 3031 1069 3093 C
1089 3017 1151 3059 non
1179 3001 1409 3072 defraudemini,
1435 3007 1639 3078 maneantque
1668 3001 1728 3059 sub
1747 3001 1877 3076 iudicio,
1895 3007 1920 3058 at

206 3089 339 3166 Itemque
353 3085 463 3148 fundos
477 3093 555 3163 octo,
571 3091 736 3166 Lapmiam.
757 3091 871 3150 Pathin.
888 3089 1033 3162 ltargarit.
1089 3087 1225 3148 districtu
1251 3093 1350 3148 vestro
1383 3091 1550 3148 secundum
1586 3093 1723 3148 urrerem
1751 3089 1850 3166 hujus
1872 3107 1921 3149 no

207 3177 253 3238 sui
268 3195 374 3240 eorum
390 3175 572 3256 medorum,
596 3179 740 3238 casanell.
762 3181 971 3258 casapupulis,
986 3183 1036 3241 Sa·
1090 3179 1141 3236 stri
1165 3177 1320 3253 apostolici
1340 3180 1492 3255 praecepti,
1509 3177 1646 3237 omnhrm
1664 3177 1831 3238 hominum
1854 3193 1921 3238 con-

205 3269 308 3342 vinull,
324 3271 376 3346 quii
399 3271 428 3328 et
452 3267 652 3330 sambuculus
671 3273 807 3344 vocatur,
828 3271 884 3330 sibi
907 3273 1035 3330 invicem
1088 3267 1264 3327 tradictione
1286 3274 1413 3340 remota,
1429 3267 1471 3328 ita
1492 3271 1527 3327 ut
1550 3270 1651 3327 nudus
1676 3283 1793 3342 comes,
1808 3272 1922 3328 mcccc

188 3430 192 3436 .
207 3357 402 3431 coherentes,
417 3361 516 3436 posita
529 3357 636 3418 eadam
649 3360 698 3418 vie
712 3358 831 3418 Aurelia
845 3359 983 3420 milliario
996 3361 1035 3419 ab
1089 3371 1165 3427 mes,
1193 3359 1353 3432 castaldus,
1381 3357 1592 3428 cubicularius,
1619 3357 1761 3434 nudamus
1788 3375 1926 3434 perenm

205 3449 281 3506 urbe
294 3447 390 3506 Rome
403 3443 472 3522 plus
493 3447 593 3506 minus
610 3449 662 3520 12;
684 3447 831 3507 territorio
846 3453 874 3508 S.
889 3447 1034 3519 Basilidis,
1090 3449 1200 3506 audeat
1213 3465 1266 3506 eos
1281 3448 1321 3508 ad
1334 3447 1496 3521 servitium,
1507 3444 1555 3506 vel
1571 3447 1609 3506 ad
1622 3449 1775 3519 angariam
1792 3449 1921 3514 ducere,

206 3535 282 3593 inter
303 3536 410 3594 affines
433 3537 472 3594 ab
488 3553 549 3594 uno
572 3533 664 3594 latere
684 3537 796 3594 fundus
809 3531 979 3608 attichian,
996 3539 1035 3596 ab
1090 3537 1136 3595 vel
1160 3537 1200 3595 ad
1214 3539 1393 3609 districtum,
1410 3539 1473 3596 sive
1501 3539 1541 3596 ad
1565 3535 1696 3614 placihrm
1721 3537 1915 3609 protrahere,

207 3625 263 3682 alio
275 3621 369 3684 latere
383 3625 496 3688 handus
509 3625 663 3697 Casandri,
676 3642 695 3683 a
708 3625 793 3683 tertio
808 3627 899 3684 latere
912 3625 1034 3696 fundus,
1090 3627 1152 3684 sive
1178 3628 1350 3685 mansiones
1376 3641 1480 3685 eorum
1508 3623 1657 3702 hospitari,
1681 3623 1728 3681 rel
1753 3621 1921 3696 invadere,

205 3711 259 3788 qui
272 3711 441 3788 appellatur
452 3711 657 3782 canicorum,
673 3712 721 3770 vel
736 3715 761 3770 si
783 3715 836 3788 qui
857 3714 906 3772 alii
930 3713 1035 3773 affines
1074 3715 1136 3773 uel
1150 3715 1329 3776 defraudare
1341 3721 1514 3792 presumat,
1524 3717 1578 3774 sed
1588 3711 1794 3774 tantummodo
1806 3729 1845 3771 ex
1857 3715 1927 3788 ius-

207 3805 279 3862 sunt
301 3817 357 3860 nee
379 3815 443 3860 uon
469 3799 582 3860 fundus
603 3799 634 3860 in
660 3799 811 3876 integrum
837 3807 890 3878 qui
912 3809 1037 3863 vocatur
1091 3807 1174 3865 sione
1188 3811 1295 3878 vestra,
1312 3811 1340 3866 et
1354 3811 1495 3884 prompta
1516 3808 1667 3866 voluntate
1690 3803 1811 3863 illorum
1829 3820 1927 3878 nego

206 3889 392 3967 iudaeorum,
421 3909 492 3952 cum
519 3891 631 3950 finibus
658 3895 687 3950 et
712 3891 856 3952 limitibus
887 3893 961 3968 suis,
989 3897 1038 3954 vel
1090 3898 1141 3969 tia,
1153 3901 1185 3954 ut
1198 3897 1324 3969 dignum
1337 3899 1390 3970 cst,
1404 3895 1608 3968 moderentur,
1622 3893 1835 3972 disponentem,
1849 3893 1929 3969 judi-

206 3995 277 4040 cum
303 3979 447 4041 omnibus
485 3977 542 4040 sibi
574 3981 805 4058 pertinentibus,
833 3982 937 4060 positis
961 4001 1037 4060 prae-
1090 3992 1203 4061 centur,
1215 3990 1243 4044 et
1254 3985 1412 4055 liniuntur3
1428 4001 1553 4044 necnon
1567 3985 1592 4044 si
1606 3986 1676 4061 quis
1687 3985 1927 4046 Christianorum

206 4069 285 4132 dicto
308 4071 455 4130 territorio
479 4071 565 4130 Silvae
590 4069 741 4130 Candida.
765 4072 909 4132 Praeterea
932 4091 1037 4132 conce·
1089 4075 1202 4134 ibidem
1217 4075 1323 4134 obierit
1343 4075 1458 4151 absque
1472 4075 1592 4134 haerede
1608 4079 1637 4132 et
1650 4077 1844 4144 testamento,
1861 4073 1928 4146 legi

206 4159 317 4229 dimus,
333 4161 362 4218 et
376 4159 594 4222 confirmamus
608 4161 695 4219 vobis
712 4163 810 4220 casale
836 4180 930 4221 unum
944 4164 975 4222 in
990 4164 1035 4221 in·
1089 4165 1147 4223 bus
1161 4165 1321 4223 succedere
1335 4165 1392 4223 sibi
1406 4164 1540 4236 ecclesia,
1552 4165 1614 4240 eui,
1627 4163 1687 4222 ileo
1703 4167 1842 4236 auctore,
1857 4181 1929 4240 prae·

206 4249 335 4318 ugrum,
347 4247 432 4322 quod
445 4255 570 4308 vocatur
589 4251 755 4319 Urbanum,
770 4251 831 4309 sive
846 4249 957 4326 quibus
970 4253 1035 4314 aliis
1091 4256 1203 4326 sidetis,
1220 4259 1249 4314 et
1270 4273 1335 4322 vos,
1355 4261 1384 4314 et
1405 4261 1519 4315 uestros
1542 4273 1734 4314 successores
1761 4255 1929 4332 apostolica

205 4331 361 4394 sooahdis
384 4338 617 4411 nuncupantia
640 4355 700 4412 qua
725 4345 793 4398 sunt
811 4343 906 4412 urnas,
923 4343 1033 4418 campi,
1091 4343 1265 4403 auctoritate
1277 4343 1430 4418 jubemus.
1444 4343 1541 4402 Tertia
1559 4349 1661 4402 autam
1675 4343 1766 4402 reddi
1782 4343 1870 4402 vobis
1886 4360 1931 4399 re

206 4427 304 4502 prata,
324 4441 450 4501 pascua,
465 4423 513 4482 vel
527 4443 597 4483 cum
621 4429 763 4486 omnibus
788 4430 844 4488 sibi
865 4433 1035 4508 pertinenti·
1091 4433 1217 4510 atrisque
1240 4433 1462 4494 successoribus
1485 4451 1504 4492 a
1526 4435 1641 4492 cunctis
1656 4431 1807 4506 ecclesiis,
1822 4431 1874 4491 uel
1888 4449 1932 4490 sa·

206 4513 275 4587 bus,
291 4513 422 4590 positum
444 4513 589 4573 tenilorio
612 4515 809 4589 Subtrinensi,
826 4517 932 4579 afflues
957 4521 1033 4596 ejus,
1090 4519 1260 4579 cerdonibus
1276 4525 1304 4578 at
1318 4521 1432 4580 clericis
1455 4519 1577 4580 aderis
1598 4519 1715 4596 absque
1734 4521 1826 4580 omni
1849 4521 1934 4579 dimi·

208 4601 296 4662 sieuti
310 4603 370 4662 sint
388 4601 621 4664 colluerentur>
635 4603 759 4692 origine.
780 4609 914 4684 tumque
928 4613 1035 4669 confir·
1089 4609 1212 4668 nutione
1241 4624 1409 4668 censemus.
1437 4606 1530 4669 Simili
1557 4607 1650 4668 modo
1676 4609 1887 4668 concedimus
1910 4615 1935 4666 et

206 4709 328 4753 mamus
341 4693 428 4752 vobis
451 4697 480 4752 et
497 4691 630 4752 ecclesiae
645 4695 693 4753 cul
706 4693 870 4772 praesidetis
885 4699 916 4755 tn
936 4699 1035 4774 ipsam
1089 4699 1304 4758 confirmamus
1322 4699 1408 4758 vobis
1429 4703 1556 4774 amena,
1584 4699 1694 4758 domus
1708 4697 1764 4756 ubi
1787 4699 1934 4760 officiales

206 4781 289 4840 viam
315 4783 444 4859 lippiam
476 4783 619 4842 territorio
644 4784 810 4844 velletrano
839 4787 1034 4850 constitutam
1089 4789 1332 4860 commanebant,
1360 4807 1431 4849 curn
1459 4789 1601 4850 omnibus
1630 4789 1692 4847 stris
1724 4791 1933 4864 pertinentiis.

205 4873 345 4945 Massam,
355 4869 491 4931 videlicet
503 4871 656 4934 Urbanam
670 4889 740 4932 cunt
753 4875 896 4951 capuano
910 4881 938 4935 et
950 4879 1037 4938 Gesa—
1089 4881 1189 4956 posita
1202 4881 1232 4937 in
1247 4879 1364 4940 Galaria
1385 4897 1471 4938 secus
1491 4879 1648 4938 ecclesiam
1673 4881 1703 4936 ll.
1720 4879 1848 4939 alcolai
1871 4895 1935 4938 acn-

207 4961 294 5020 riana
307 4978 378 5020 cum
389 4959 491 5020 lundis
506 4962 547 5022 ad
565 4964 704 5023 eamdem
718 4963 850 5025 Massam
863 4967 1035 5043 pertinenti·
1091 4969 1209 5028 sessoris
1222 4969 1337 5041 Christi,
1353 4987 1445 5048 quem
1455 4977 1487 5030 tu
1500 4969 1565 5046 ipse
1577 4967 1760 5028 consecrasti
1779 4975 1862 5029 ante
1875 4969 1936 5028 hcr-

207 5047 277 5122 hus,
306 5065 376 5108 cum
403 5051 486 5108 omni
512 5051 579 5126 jure
606 5052 750 5112 instructo
778 5053 1036 5134 instrumentaque
1090 5057 1641 5136 tumeastelli,quoddeniquedornus
1655 5059 1725 5135 plus
1739 5063 1937 5120 conveniens

207 5135 320 5196 finibus
334 5140 530 5216 terminisque
542 5141 616 5215 suis,
630 5141 733 5220 inqua
745 5149 789 5202 est
804 5145 930 5206 ecclesia
944 5149 971 5208 S.
985 5147 1037 5208 Fe·
1090 5166 1155 5207 esse
1175 5150 1292 5208 videtur
1314 5151 1464 5226 praetiictae
1488 5149 1620 5210 ecclesia
1649 5149 1677 5209 S.
1694 5148 1833 5224 Nicolai‚
1850 5151 1934 5208 vobis

207 5226 283 5302 licis,
310 5227 387 5287 sicut
412 5231 444 5288 in
470 5231 585 5306 scriptis
608 5233 713 5291 vestris
738 5233 877 5307 habetur,
907 5241 935 5296 et
963 5239 1038 5298 sicut
1091 5244 1120 5299 et
1144 5241 1258 5298 clericis
1283 5243 1398 5316 restris,
1427 5258 1607 5318 quanquam
1641 5241 1672 5299 in
1707 5257 1744 5298 ea
1786 5241 1882 5302 laicae
1914 5245 1937 5298 at

208 5317 298 5375 etiarn
319 5319 350 5376 in
365 5318 475 5378 tabulis
488 5318 627 5395 lapideis
642 5339 710 5396 quar
726 5327 794 5382 ante
815 5323 894 5383 iores
906 5325 1036 5386 basilicae
1091 5329 1248 5388 saculares
1262 5347 1399 5406 personae
1425 5335 1570 5390 maneant
1592 5327 1632 5389 ad
1655 5331 1857 5404 patrandam
1878 5329 1937 5388 libi·

208 5407 258 5464 SS.
272 5411 441 5484 martyrum
455 5407 568 5466 llufinae
582 5415 611 5468 et
626 5409 770 5469 Secunda
784 5413 815 5470 in
830 5433 918 5473 mmo
931 5419 1036 5492 posita
1090 5419 1192 5476 dinem
1217 5425 1246 5477 et
1272 5419 1428 5479 saecularia
1454 5421 1598 5491 facinora,
1628 5419 1781 5495 quoniam
1819 5421 1935 5494 justum

208 5493 470 5572 videnttn,legitur
479 5499 1038 5576 integriter;praetereaconcedimuset
1090 5525 1153 5567 non
1176 5513 1220 5566 est
1239 5513 1271 5568 ut
1296 5509 1406 5569 domus
1432 5509 1589 5584 lupanaris
1614 5515 1643 5568 et
1667 5507 1764 5584 turpis
1797 5509 1881 5568 lucri
1895 5525 1935 5564 ec

209 5583 426 5646 confirmamus
454 5589 540 5647 vobis
561 5591 640 5650 inira
662 5592 741 5652 hanc
763 5595 912 5654 civitatem
935 5599 1036 5655 Romae
1070 5599 1186 5662 ‚clasiae
1201 5601 1363 5671 adhereat,
1378 5601 1416 5660 da
1440 5618 1503 5675 qua
1526 5601 1618 5660 edam
1643 5599 1738 5672 domo
1764 5617 1829 5675 per
1851 5603 1938 5660 Bene

210 5673 329 5745 umam,
345 5673 398 5731 ubi
417 5675 488 5733 oiiin
507 5675 561 5734 hut
574 5677 683 5736 domus
697 5683 796 5752 major
810 5700 880 5742 eum
895 5685 1036 5744 omnbus
1090 5687 1203 5746 dictam
1229 5687 1463 5749 oblationarium
1477 5705 1533 5748 vos
1547 5669 1686 5748 investire
1698 5685 1849 5748 iacimus.
1865 5687 1938 5745 item
