3998 6176
76 227 124 280 ur
412 188 414 192 ¹
644 267 650 274 .
840 221 1027 280 aristeae.
1486 247 1490 254 ·
1622 265 1625 268 .
1735 237 1786 292 ut

74 344 275 419 prehensibile
287 349 332 403 est
343 345 478 404 defendit
503 347 646 406 Ecclesia.
674 351 808 416 Quarum
832 362 904 403 vero
921 349 944 404 lt
961 349 990 402 et
1003 347 1103 406 timeo.
1113 352 1220 409 Audito
1232 353 1321 423 igitur
1334 355 1410 414 inter
1423 355 1481 412 alia
1496 355 1577 429 qnod
1592 355 1729 430 proximo
1739 375 1787 414 so·

74 435 223 508 promovit
238 436 415 510 proscriptio
429 436 645 508 refragantium
675 437 849 497 clericorum
877 440 906 492 ct
957 435 1109 495 lemnitate
1124 441 1233 498 Natalis
1247 443 1364 500 bomini
1377 444 1534 501 consilium
1559 444 1715 504 habiturus
1744 446 1784 502 sis

73 527 186 580 extorta
213 523 320 581 timore
349 524 463 595 electio,
486 542 590 584 verum
614 526 803 586 nonelectio.
830 529 905 582 Nam
958 542 1027 582 cum
1042 527 1228 604 principibus
1243 532 1328 603 regni
1339 533 1461 606 depone
1475 536 1697 608 componenda,
1710 551 1784 606 gau-

72 629 140 670 cum
156 611 196 668 sit
211 611 315 670 electio
335 613 424 670 unius
437 615 474 672 de
484 615 621 690 pluribus
628 617 760 674 maxime
771 613 905 689 complu·
957 615 1024 673 deo.
1041 617 1097 674 Sed
1116 619 1219 676 audito
1232 622 1312 695 quod
1329 622 1490 680 Aureliana
1505 623 1608 680 civitas
1622 623 1660 682 sit
1685 625 1784 681 ineen-

72 701 118 759 riti
132 702 308 760 secundum
321 701 450 760 liberam
466 703 577 762 arbitrii
592 706 776 764 voluntatem
803 721 907 778 accep-
958 702 1007 760 dio
1021 711 1147 776 vastata,
1165 709 1325 780 sacrilegiis
1340 709 1507 784 profanata,
1526 716 1554 767 et
1580 712 1705 786 insuper
1732 730 1783 770 ex-

72 793 108 848 tio
133 791 296 865 quomodo
310 791 414 850 electio
439 797 518 851 recte
541 795 600 853 dici
621 797 727 870 possit,
742 796 794 854 ubi
819 797 860 854 sic
887 811 905 851 a
957 795 1228 854 communicatione
1242 799 1397 868 damnata,
1420 817 1474 857 nee
1502 806 1568 874 post
1582 803 1781 873 reconciliata,

71 882 206 956 principe
219 897 299 938 unus
312 881 492 955 obtruditur,
506 888 539 942 ut
550 900 606 941 nec
620 885 708 954 clero,
721 901 776 944 nec
792 885 905 960 populo
958 883 1060 956 miror,
1076 889 1105 942 et
1119 903 1224 960 parce
1242 891 1358 956 Quanto
1380 890 1459 946 eninr
1475 889 1577 946 dolore
1601 895 1690 964 pntas
1718 889 1782 948 afli·

72 986 121 1026 nec
135 970 216 1044 ipsis
231 971 360 1028 summis
375 971 627 1030 sacerdotibusad
641 975 734 1032 alium
749 974 905 1032 deflectere
957 972 1079 1030 ciendos
1091 991 1157 1032 esse
1171 978 1342 1034 sacerdotes
1356 977 1458 1034 fideles
1475 983 1553 1049 tuos,
1570 979 1621 1052 qui
1635 978 1672 1035 ad
1687 979 1783 1036 bono-

71 1057 266 1116 concedatur.
284 1061 323 1116 [le
337 1059 478 1118 violentia
493 1061 671 1134 hujusmodi
692 1062 904 1121 Constantinus
956 1059 1134 1120 rificentiam
1149 1065 1202 1120 lici
1213 1069 1242 1122 et
1257 1069 1339 1124 tuam
1352 1065 1418 1140 ipso
1433 1067 1480 1122 die
1492 1066 1694 1138 congregandi
1703 1071 1782 1136 sunt,

68 1153 224 1219 Angustus
240 1148 332 1208 imam
346 1153 453 1208 contra
465 1168 498 1208 se
512 1155 541 1208 et
550 1156 655 1210 contra
668 1153 743 1210 elios
752 1151 903 1226 principes
957 1148 981 1204 si
996 1149 1026 1206 in
1040 1165 1075 1206 eo
1088 1151 1154 1210 loco
1167 1153 1276 1210 fuerint
1290 1154 1343 1211 ubi
1357 1170 1412 1211 nec
1424 1153 1497 1227 ipsis
1509 1155 1677 1212 sacrificare
1686 1154 1782 1227 liceat,

69 1239 252 1296 sententiam
267 1237 365 1297 dedit:
382 1241 581 1315 Quocunque,
603 1242 709 1316 inquit,
735 1247 841 1299 contra
861 1242 902 1298 le·
956 1252 1011 1293 nec
1024 1238 1079 1296 tibi
1094 1245 1318 1298 sacrosanctam
1329 1241 1539 1298 enelreristiam
1552 1241 1686 1300 absolute
1714 1260 1782 1316 per-

67 1330 287 1398 persumme
308 1330 475 1402 pricipium
491 1331 621 1394 obtecta,
642 1347 702 1388 acu
719 1332 850 1388 cabant.
870 1331 904 1388 Et
956 1325 1054 1400 cipere
1068 1329 1082 1385 ‘l
1095 1328 1179 1386 Absit
1190 1331 1277 1388 hoca
1290 1330 1504 1402 te,charissime
1514 1331 1646 1399 domine,
1662 1337 1694 1387 ut
1706 1337 1737 1388 tu
1752 1331 1782 1388 in

67 1416 508 1486 Rhegienseconeilinm:Sed
521 1435 575 1478 uec
602 1421 663 1489 itte,
684 1419 792 1494 inquit,
818 1419 902 1476 deiu-
955 1419 1039 1473 tanta
1054 1416 1240 1476 solemnitate
1268 1424 1321 1476 aut
1347 1420 1456 1477 divinis
1479 1419 1708 1490 officiiscareas,
1732 1426 1784 1478 aut

67 1521 131 1576 ceps
142 1507 306 1578 epsicopus
320 1508 388 1578 erit,
402 1523 487 1579 queat
503 1523 557 1566 uec
571 1509 671 1566 clerus
694 1523 748 1566 aec
771 1507 902 1578 populus
955 1503 1052 1562 illicite
1068 1506 1113 1563 vel
1127 1507 1259 1578 indigne,
1273 1509 1301 1564 te
1314 1507 1434 1574 sciente,
1453 1509 1592 1582 nsmpari
1606 1509 1759 1584 permittas
1775 1511 1781 1566 i

66 1597 201 1667 propria
215 1597 347 1654 civitatis
362 1597 494 1668 elegerit.
509 1599 583 1654 Ecce
597 1597 650 1654 tibi
665 1597 831 1672 promissas
853 1613 901 1654 ra·
955 1594 1041 1660 Quod
1054 1595 1123 1652 ideo
1139 1600 1166 1652 te
1181 1611 1368 1670 praeruonere
1382 1598 1493 1666 curavi,
1512 1603 1543 1654 ut
1560 1598 1607 1656 vel
1635 1599 1719 1655 illum
1740 1599 1782 1656 lo·

67 1684 163 1742 dones
176 1685 374 1743 exsolvimus.
390 1689 460 1754 Quae
477 1686 502 1744 si
517 1687 608 1759 justa
638 1692 717 1757 sunt,
746 1687 902 1760 displicere
917 1699 936 1754 B
954 1699 1025 1740 cum
1038 1683 1130 1742 facias
1145 1685 1339 1754 reconciliari,
1359 1691 1411 1744 aut
1425 1686 1476 1743 nbi
1490 1688 1596 1744 melius
1612 1687 1648 1746 sit
1673 1688 1781 1746 solem-

67 1790 126 1831 non
139 1773 268 1832 debent.
281 1773 454 1847 adjecimus
470 1775 560 1834 etiam
574 1793 674 1852 panca
687 1781 808 1852 propter
832 1776 901 1834 bre·
954 1773 1079 1831 nitatem
1093 1773 1242 1832 celebrare
1254 1775 1436 1834 memineris.
1453 1776 1545 1832 Velim
1556 1783 1656 1834 antem
1677 1777 1783 1836 suade·

67 1864 190 1922 ntalem
204 1864 338 1938 capitula
352 1864 460 1923 divine
475 1866 561 1938 legis.
581 1869 680 1935 Quam
707 1868 806 1942 primo
832 1867 901 1940 qui·
955 1879 986 1919 re
1002 1863 1063 1932 tibi,
1079 1863 1103 1920 si
1117 1864 1244 1939 possim,
1257 1881 1294 1922 ne
1309 1865 1451 1935 dimittas,
1467 1871 1589 1940 propter
1600 1867 1688 1936 iram,
1714 1883 1782 1940 quus

67 1953 139 2010 dem
152 1953 284 2010 condere
297 1953 401 2025 magni
416 1955 542 2028 consilii,
561 1961 669 2030 postea
696 1955 807 2014 violare
822 1973 902 2014 sum-
952 1952 1098 2024 justitiam
1126 1954 1176 2010 liei
1202 1969 1263 2011 non
1285 1961 1436 2029 operatur,
1464 1956 1538 2029 quin
1561 1957 1703 2030 episcopo
1731 1962 1783 2013 tuo

67 2058 124 2098 mae
153 2041 364 2114 irreverentiae,
387 2059 507 2100 servare
522 2045 668 2102 hacteuus
692 2044 794 2116 gloriae
810 2048 900 2102 unte
955 2047 1091 2113 treugam
1106 2043 1171 2112 des,
1183 2043 1342 2117 polliceare
1353 2044 1509 2117 justitiam,
1524 2045 1649 2118 insuper
1663 2051 1692 2103 et
1712 2062 1783 2102 con·

67 2131 130 2200 fnit,
147 2137 181 2188 ut
200 2132 340 2206 quisquis
363 2133 532 2190 secundum
557 2133 640 2192 illam
666 2135 780 2206 vixerit,
796 2135 902 2208 procul
955 2131 1079 2190 ductum
1091 2132 1238 2207 praebeas,
1255 2133 1280 2190 si
1292 2133 1372 2204 velit,
1386 2133 1426 2190 ad
1435 2134 1673 2192 reconciliandas
1689 2135 1784 2192 Eccle-

66 2221 160 2279 dnbio
188 2219 268 2280 inter
294 2221 399 2280 beatos
426 2227 619 2298 computatus
634 2225 680 2282 sit.
697 2228 819 2298 Propter
845 2225 901 2282 has
956 2221 1015 2278 sias
1029 2239 1110 2280 snas.
1124 2223 1250 2290 Quodsi
1264 2223 1479 2293 detrectaverit,
1496 2223 1559 2298 ipsc
1584 2223 1615 2280 in
1640 2223 1783 2298 periculo,

66 2309 166 2384 itaque
178 2310 313 2368 rationes
321 2326 383 2368 non
394 2311 539 2369 audentes
547 2312 600 2370 tibi
614 2327 724 2370 mantis
734 2313 900 2387 imponere,
955 2315 987 2368 tn
1002 2311 1162 2383 navigabis
1174 2311 1204 2370 iu
1218 2315 1316 2386 portu.
1335 2313 1490 2381 Ceterum,
1517 2311 1589 2386 qnia
1614 2313 1671 2370 tuis
1696 2312 1783 2372 obse-

67 2403 97 2454 ut
110 2403 183 2474 pote
197 2399 342 2474 deinceps
357 2400 518 2458 ordinandi
531 2402 664 2474 potentu
679 2401 809 2471 carituri,
824 2417 902 2475 prra-
955 2401 1033 2475 qniis
1053 2417 1102 2458 mc
1126 2403 1197 2458 tunc
1221 2401 1395 2459 adfuturum
1424 2419 1488 2460 esse
1514 2403 1675 2475 mandasti,
1702 2405 1785 2480 apud

67 2489 252 2546 vastatores
267 2488 342 2561 legis
356 2505 422 2546 esse
437 2490 634 2549 nolunnus.0
660 2491 835 2564 sacrilegam
848 2491 902 2548 im·
957 2492 1098 2548 Sanctum
1114 2487 1307 2548 Maximinum
1322 2491 1467 2566 hospitari
1481 2492 1610 2567 postulo,
1626 2493 1710 2567 qnod
1729 2509 1784 2551 nee

67 2579 211 2652 pietatem
221 2578 230 2634 1
242 2578 274 2636 in
286 2579 355 2654 ipso
367 2578 436 2637 sinu
457 2583 569 2638 sancte
598 2580 702 2638 matris
718 2580 855 2638 Ecclesia
883 2597 902 2638 a
955 2579 1112 2637 monacbis
1127 2577 1250 2654 quidem
1262 2577 1356 2653 ipsius
1369 2578 1427 2636 loct
1437 2579 1499 2636 fore
1525 2577 1676 2650 ingratum
1691 2585 1782 2654 puto:

66 2667 236 2726 fautoribus
253 2667 311 2726 tuis
325 2683 402 2741 pene
414 2670 563 2744 perempti
575 2685 703 2740 sumus;
723 2674 753 2727 et
775 2669 900 2744 quidem
955 2667 1041 2726 ntibi
1056 2667 1291 2726 Natalitianocte
1317 2669 1473 2726 celebratis
1497 2667 1616 2742 vigiliis,
1651 2669 1786 2744 sequenti

66 2758 104 2813 ita
116 2771 227 2814 carum
241 2754 298 2814 fuit
311 2757 445 2814 erasisse
458 2756 553 2828 rivos,
563 2761 595 2815 nt
609 2757 776 2816 subsecutae
790 2757 900 2832 praedae
955 2769 1044 2814 mane
1059 2756 1090 2814 in
1104 2763 1190 2815 tuum
1206 2757 1481 2832 servitinmpossim
1493 2773 1558 2816 esse
1570 2761 1702 2833 paratus.
1715 2757 1784 2814 Vale

67 2841 137 2899 levis
147 2859 218 2900 esse
232 2844 352 2917 jaeirus
364 2845 502 2904 rideatur
517 2864 524 2916 ;
541 2845 594 2904 sed
607 2847 680 2922 quia
692 2847 758 2904 hac
772 2847 900 2904 scanda-
955 2861 1083 2920 semper,
1101 2851 1129 2904 et
1137 2863 1314 2923 prosperare
1329 2845 1360 2904 in
1376 2847 1512 2906 bomine.

68 2933 235 3034 laproptcr
248 2940 276 2992 te
291 2934 379 2994 nobis
392 2935 479 3008 fiunt,
491 2938 557 3009 jam
573 2941 605 2994 ut
616 2936 762 2995 desistant
776 2941 804 2994 te
817 2937 901 3037 apud
1116 2975 1284 3032 EPISTOLA
1301 2977 1403 3032 mm
1419 2975 1500 3046 [oh-m
1514 2977 1625 3048 xxvm]

68 3039 116 3078 eos
129 3023 271 3080 obtinere
285 3029 412 3098 oportet,
427 3025 510 3099 apud
518 3042 596 3100 quos
607 3027 687 3083 hanc
701 3025 901 3100 persequendi
915 3053 936 3111 C
1426 3042 1428 3045 ’

69 3113 240 3172 sacerdotes
250 3115 380 3185 gratim
393 3115 541 3173 invenisti.
558 3115 638 3174 Nosti
650 3117 731 3174 enim
746 3115 821 3191 quid
834 3130 902 3190 por·

68 3203 207 3260 undabit
219 3203 340 3262 homini
353 3221 510 3280 perqugm
538 3205 718 3264 ,candalum
746 3206 836 3264 111111,
861 3209 901 3264 111
1009 3187 1222 3245 &conantum
1237 3189 1366 3258 presule·
1382 3191 1554 3246 Lerrrnsnrco
1571 3191 1730 3245 l'nasenrrs

67 3299 170 3350 cetero
186 3297 303 3366 numm,
318 3294 417 3364 frater,
434 3300 479 3353 est
507 3296 591 3370 quod
616 3300 644 3354 te
656 3295 752 3354 celare
773 3312 835 3354 uon
848 3296 900 3354 de·
1211 3279 1361 3334 0111110111
1375 3279 1523 3334 3111911103·

67 3383 183 3454 bemm,
194 3383 310 3440 videris
323 3386 405 3442 enim
419 3385 507 3442 nobis
519 3385 710 3442 vehementer
724 3401 833 3455 errare,
848 3387 902 3460 qui
991 3379 1080 3448 Quod
1092 3395 1151 3450 me,
1163 3383 1257 3447 Patet,
1268 3377 1401 3439 amicum
1411 3379 1558 3457 appellas,
1571 3383 1722 3452 ttl'aianlef
1733 3381 1784 3439 ad·

68 3473 126 3530 sine
141 3476 286 3548 respectu
299 3471 350 3530 Dei
377 3473 573 3548 presulatum
594 3474 743 3532 violentus
771 3475 899 3534 invadis.
954 3483 1080 3528 nuerem
1095 3470 1120 3526 si
1133 3473 1162 3527 te
1176 3482 1298 3545 quoqne
1313 3469 1468 3528 exhiberes
1481 3470 1623 3528 amicum.
1641 3469 1698 3528 Sed
1713 3486 1782 3528 enm

69 3562 138 3618 Nam
153 3560 180 3617 si
193 3560 261 3618 sola
276 3559 440 3619 damnatur
454 3562 590 3634 ambitio,
603 3561 678 3637 quid
690 3563 728 3620 de
752 3562 901 3620 violantia
956 3563 1020 3618 stne
1031 3577 1100 3618 meo
1113 3559 1238 3618 consilto
1251 3559 1410 3635 episcopos
1425 3555 1595 3618 ordinando
1609 3561 1665 3634 (⁸23)
1687 3559 1783 3632 digni·

69 3650 293 3726 importunitate
308 3651 478 3709 censebitur
492 3653 506 3708 1
521 3655 629 3709 Verum
642 3668 706 3710 noo
719 3651 817 3710 solnm
831 3653 899 3727 hoc,
954 3654 1045 3708 tatem
1059 3661 1146 3706 auam
1159 3648 1296 3706 Ecclesia
1308 3643 1480 3707 carnotensi
1490 3647 1629 3720 derogas,
1652 3663 1782 3724 cumque

70 3740 120 3796 sed
133 3741 249 3814 inipsa
262 3739 372 3798 violata
387 3757 442 3799 nec
456 3746 563 3816 postca
581 3741 772 3800 reconciliata
801 3743 899 3800 Eccle-
954 3740 1107 3797 incudem
1134 3739 1256 3811 negotio
1281 3738 1380 3810 legem
1402 3737 1580 3796 canonicam
1605 3738 1782 3796 multimode

69 3829 287 3887 sismissarum
298 3830 900 3906 solemniacelebrarepraesumis3utrum
955 3828 1058 3898 solvis,
1082 3839 1145 3885 non
1159 3828 1258 3884 solnm
1273 3843 1321 3884 me
1344 3827 1441 3898 laedis,
1460 3827 1512 3884 sed
1542 3841 1648 3884 omnes
1672 3825 1783 3901 pariter

69 3923 169 3974 maren
183 3917 402 3992 imprudenter,
419 3936 459 3977 an
476 3921 615 3978 consulto
630 3921 722 3978 facias
748 3921 824 3990 baec,
849 3922 901 3978 ha·
954 3919 1008 3994 qui
1019 3916 1167 3991 justitam
1182 3917 1294 3988 colunt,
1309 3919 1338 3974 et
1347 3933 1402 3989 ego
1415 3916 1539 3990 quidem
1549 3931 1670 3972 mecum
1683 3915 1782 3972 adhuc

68 4007 178 4063 bemus
192 4007 350 4066 incertum.
364 4009 422 4067 Sed
438 4009 463 4066 si
477 4009 695 4084 imprudenter,
724 4009 901 4068 instruenda
955 4005 1050 4065 multa
1059 4006 1166 4080 patior.
1187 4004 1246 4064 Sed
1259 4005 1307 4062 lex
1317 4005 1383 4079 ipsa
1397 4003 1499 4061 divina
1531 4017 1618 4061 suam
1641 4003 1781 4076 injuriam
1848 4019 1853 4024 ·

69 4095 265 4170 simplieites;
282 4100 392 4156 sivero
407 4099 554 4172 consulto,
569 4100 765 4175 presumptio
776 4104 822 4157 est
846 4116 900 4174 pu·
954 4097 1033 4155 bene
1047 4097 1178 4170 exparte
1190 4095 1331 4163 vindicat,
1347 4110 1426 4169 qna,
1442 4091 1516 4150 dum
1530 4109 1547 4150 a
1563 4097 1590 4150 te
1613 4092 1780 4160 resolutus,

67 4183 189 4242 nienda.
204 4189 279 4244 Nam
296 4188 320 4245 si
335 4192 362 4244 tc
376 4204 507 4246 canonas
528 4188 602 4246 scire
617 4193 744 4261 constat,
758 4192 786 4246 et
798 4193 900 4247 umen
956 4191 1008 4244 tua
1020 4197 1113 4260 opera
1124 4187 1234 4242 cassat.
1251 4184 1311 4241 Hoc
1324 4183 1441 4259 pridem
1456 4181 1487 4240 in
1499 4183 1530 4240 T.
1552 4177 1675 4252 fuctum,
1696 4183 1726 4238 in
1748 4185 1780 4239 G.

68 4273 275 4348 imprudenter
286 4277 499 4336 obsurdescere
514 4283 542 4335 et
555 4277 702 4336 contraire
731 4277 899 4349 unundis,
955 4287 1053 4351 nuper
1067 4273 1191 4342 iterasti,
1206 4273 1259 4348 qui
1274 4273 1316 4330 sic
1328 4287 1347 4330 a
1360 4277 1389 4330 te
1400 4276 1503 4348 pastor
1513 4275 1557 4329 est
1571 4269 1730 4340 institutus,
1750 4276 1784 4329 ut

1212 3080 1292 3152 (Post
1305 3097 1420 3138 annum
1437 3084 1527 3155 1017.)

70 4377 127 4420 non
141 4365 238 4422 modo
250 4367 445 4439 praedatum
461 4367 624 4440 frrgientem
639 4385 700 4426 non
715 4369 897 4444 assequeris,
914 4405 936 4460 D
956 4380 1011 4424 nec
1024 4376 1146 4438 gregem
1161 4359 1217 4421 sibi
1228 4363 1425 4421 commissum
1438 4360 1564 4433 noverit,
1576 4377 1631 4419 nec
1650 4377 1722 4434 grex
1737 4361 1782 4437 ip-

71 4451 120 4508 sed
132 4469 189 4510 nee
204 4453 291 4528 quod
312 4456 546 4532 apprehendisse
570 4455 718 4514 debueras
743 4457 898 4532 presbyte·
956 4465 1023 4512 sum
1039 4449 1170 4529 recipere
1183 4454 1263 4511 velit.
1279 4451 1466 4528 Reprobatus
1481 4453 1583 4526 itaque
1597 4457 1627 4509 ct
1640 4467 1659 4509 a
1672 4451 1782 4508 finibm

69 4539 143 4598 rium
157 4541 290 4600 enuisti.
307 4541 390 4602 Vale.
956 4546 1147 4620 episcopatus
1183 4543 1318 4612 extorris,
1363 4557 1434 4600 cum
1465 4540 1569 4617 palam
1591 4539 1700 4598 intrare
1729 4555 1783 4613 per

242 4667 410 4726 1111311111
427 4667 518 4725 mn
536 4667 618 4738 [oum
633 4669 723 4726 mu·
956 4635 1066 4692 ostium
1076 4649 1141 4692 non
1152 4637 1259 4708 potest,
1270 4637 1304 4690 ut
1319 4632 1469 4705 legitimus
1484 4637 1597 4706 pastor,
1616 4647 1671 4687 nec
1686 4629 1782 4686 aliun-

955 4724 993 4782 de
1008 4723 1134 4780 furtirus
1148 4721 1320 4792 ascendere,
1335 4734 1389 4798 per
1402 4718 1574 4780 violentiam
1588 4719 1666 4791 regis
1676 4718 1782 4774 irrum-

301 4776 399 4847 (ωο
416 4780 484 4833 ¹⁰¹⁶
503 4781 556 4834 '²¹¹¹
576 4775 666 4882 m)
955 4825 1026 4888 pere
1052 4808 1153 4870 nititur
1166 4816 1201 4870 nt
1226 4818 1373 4886 tyrannus
1398 4811 1462 4885 (at).
1481 4809 1539 4868 Nec
1551 4805 1644 4866 miror
1658 4805 1734 4864 adeo
1758 4805 1782 4862 si

71 4877 330 4940 excellentissimo
355 4889 382 4942 θ’
402 4883 497 4942 tham
523 4885 644 4941 mitit)
679 4892 732 4940 ”⁸⁰
770 4887 898 4942 R⁰¹³¹³¹¹T⁰
954 4901 1072 4976 juvenis
1101 4901 1148 4959 ille
1171 4901 1224 4958 tali
1249 4899 1346 4977 potuit
1357 4897 1521 4958 ambitione
1534 4896 1650 4969 tentari,
1665 4895 1714 4953 cni
1736 4894 1783 4952 vel

108 4973 271 5029 framarus
283 4973 511 5031 Camoteesr'um
523 4975 677 5044 epicam
699 4987 820 5030 cursum
849 4975 898 5031 lea
956 4995 1027 5049 11111
1041 4991 1103 5062 1111,
1118 4991 1164 5048 ver
1179 5007 1247 5066 quae
1257 4991 1323 5064 11111
1337 4990 1432 5048 arans
1446 4989 1611 5062 pediseque
1618 4985 1693 5042 solet
1706 5001 1781 5056 esse,

102 5064 181 5120 παῦ’
194 5063 373 5120 mmm
386 5063 427 5121 tlt!
435 5064 628 5122 suetudine
640 5063 741 5133 Mn·
953 5081 1056 5138 locum
1070 5079 1195 5138 forsitan
1209 5079 1343 5138 obtineat
1356 5075 1529 5138 excusandi.
1545 5073 1602 5132 Sed
1614 5079 1656 5144 tn,
1685 5075 1781 5143 Pater,

102 5173 181 5228 inter
195 5165 309 5228 multas
326 5163 540 5229 sollicitudines
566 5186 661 5244 meas,
685 5183 758 5228 cura
769 5169 822 5241 tui,
847 5167 900 5228 do·
954 5185 1016 5226 non
1032 5169 1131 5226 solnm
1157 5167 1315 5226 mirandus
1340 5165 1393 5224 sed
1416 5165 1538 5238 insuper
1561 5162 1780 5234 exhorrendus,

70 5259 296 5332 minc,menon
324 5259 512 5318 mediocriter
539 5258 650 5317 adlicit.
676 5261 750 5317 Cum
776 5259 856 5316 enim
871 5259 899 5316 te
953 5271 1112 5341 quemnec
1127 5253 1422 5330 imprudentiafatlit,
1435 5251 1712 5322 necessustnrbat,
1726 5266 1783 5310 nee

71 5349 234 5420 prudenter
244 5364 334 5420 agere
345 5347 470 5423 accipio,
484 5349 585 5417 loetor;
599 5348 647 5404 sin
662 5353 774 5421 autern,
800 5348 899 5406 tristor
953 5343 1040 5417 urget
1055 5344 1116 5402 nlla
1129 5344 1309 5402 necessitas:
1336 5342 1389 5400 sed
1404 5341 1530 5399 scienter
1542 5345 1570 5398 et
1597 5341 1684 5416 quasi
1711 5357 1782 5399 cnm

104 5477 158 5548 (23)
173 5479 250 5534 Nota
260 5476 291 5534 id
300 5476 377 5549 juris
389 5481 460 5534 tunc
470 5475 562 5534 fuisse
582 5475 780 5547 suffraganeis
793 5478 827 5532 ut
852 5475 898 5533 in-
991 5473 1043 5544 (tt)
1061 5470 1133 5528 ilinc
1145 5474 1229 5543 patet
1243 5468 1397 5552 anregibns
1409 5466 1532 5551 nesab,
1546 5468 1603 5525 etsi
1616 5472 1689 5553 tunc
1711 5472 1782 5524 tem-

72 5551 214 5607 termsem
225 5552 256 5606 et
269 5547 403 5606 faverent
414 5547 653 5606 ordinationibus
667 5561 790 5605 suorum
818 5563 899 5605 com·
954 5544 1036 5619 poris
1050 5541 1159 5625 liberas
1179 5545 1382 5624 permitterent
1404 5539 1577 5622 chabanes,
1603 5539 1781 5620 designatos

72 5618 299 5692 provinciatim
314 5619 535 5696 episeoponrm.
953 5620 984 5746 ἐξ
990 5617 1183 5763 pregulpitratos
1194 5613 1285 5671 fuisse
1294 5625 1457 5688 ¹eprecapes
1471 5626 1535 5667 sinc
1545 5623 1700 5667 concnam
1712 5609 1781 5665 cleri
