3990 6184
143 259 1846 304 Μ

820 469 890 509 ΑΝΤΕ
911 470 1013 511 asold!
1033 466 1179 513 SAECULUMJ

695 640 1295 792 PERINGERUS

792 879 908 964 isses
928 882 1198 940 TEGERNSENStS.

891 1067 1097 1078 ..m-u*—

571 1241 976 1366 euuuonni
1025 1189 1409 1372 suissuia.

237 1467 347 1538 (Edidit
361 1471 392 1526 R.
408 1472 438 1527 P.
457 1469 625 1528 bernardus
641 1475 748 1538 Penius,
764 1475 932 1532 Thesaurus
947 1475 1090 1532 Accedat.
1107 1493 1174 1534 noa.
1192 1481 1223 1549 V,
1239 1496 1257 1547 1,
1275 1484 1336 1553 lii,
1352 1498 1388 1538 ex
1407 1483 1510 1540 codice
1525 1487 1742 1558 tegernsensi.)

537 1781 558 1836 1.
981 1786 1005 1838 Α
1019 1784 1082 1840 dire
1097 1783 1247 1854 dignatur,
1260 1797 1355 1854 usque
1369 1781 1443 1838 dum
1458 1783 1598 1840 audimus
1609 1785 1693 1858 quod
1707 1801 1776 1844 cum
1791 1803 1845 1860 pa-

133 1883 184 1940 Ad
195 1885 365 1942 Diemoaem
379 1888 512 1944 camdem
528 1905 534 1943 :
556 1905 587 1945 se
598 1895 742 1960 paratum
757 1889 871 1946 rasead
892 1890 963 1943 rea-
1017 1888 1050 1928 ⁰0
1063 1869 1243 1928 lelerfimissl
1258 1869 1296 1926 ad
1311 1869 1442 1944 imillia-

167 1957 311 2024 piendam
327 1957 514 2024 Weziliuam,
532 1961 617 2016 ruodo
630 1961 777 2033 quadam,
793 1961 850 2017 siti
863 1975 962 2016 reseres
1405 1977 1452 2033 111,

170 2027 284 2097 ‘mma’
298 2030 446 2085 mmm·
1015 2068 1065 2123 Ad
1078 2067 1115 2123 A.
1131 2066 1435 2136 archipresbyterum.
1452 2069 1548 2138 Rogat
1562 2074 1596 2124 at
1611 2071 1791 2142 Tapiaiaum
1805 2073 1846 2130 aa

168 2133 285 2188 Damno
302 2133 335 2188 D.
351 2133 452 2190 comiti
475 2135 658 2201 venerando,
685 2137 716 2191 P.
735 2137 833 2194 Sancti
849 2135 962 2202 Quirini
1069 2138 1268 2196 restituendas
1282 2138 1412 2194 decimas
1427 2139 1468 2194 ad
1481 2139 1665 2198 aristaeum
1680 2143 1795 2213 adluat.

130 2235 246 2289 servus,
262 2221 420 2294 omenque
439 2223 545 2280 leuues
568 2224 712 2283 devotum
738 2227 902 2299 servitium,
918 2243 961 2282 se·
1051 2240 1093 2306 p„
1109 2235 1228 2292 abbatis
1251 2235 1373 2290 nomina
1395 2234 1549 2305 indignus,
1568 2236 1683 2294 domno
1697 2241 1731 2295 n.
1748 2241 1845 2296 archi-

130 2305 295 2381 dulamque
309 2309 475 2367 orationem
490 2311 521 2366 in
536 2313 661 2370 Christo.
1016 2325 1201 2399 presbytero,
1216 2322 1364 2396 quidquid
1380 2327 1424 2379 est
1435 2323 1587 2380 charitatis
1603 2325 1632 2380 in
1648 2327 1772 2384 Christo.

165 2399 201 2453 Ut
213 2396 302 2454 nobis
315 2399 492 2471 promisistis
514 2401 552 2457 de
574 2401 672 2458 amico
694 2407 796 2475 nostro
812 2403 960 2470 wezilino,
1053 2415 1135 2486 Saepe
1150 2413 1263 2467 dictum
1287 2416 1331 2467 est
1357 2411 1440 2468 vobis
1467 2412 1504 2468 de
1527 2412 1725 2472 decimatione
1751 2414 1845 2472 nostri

128 2485 226 2558 parati
240 2503 346 2543 sumus
360 2488 512 2561 suscipere
528 2488 567 2546 ad
590 2489 724 2561 Egilinga
737 2494 847 2547 statuto
861 2492 919 2558 die,
930 2491 961 2548 id
1015 2500 1190 2557 monasterii
1213 2499 1253 2556 ad
1278 2500 1470 2572 Ezinhusum,
1485 2517 1578 2574 quum
1593 2504 1754 2574 Tagininus
1780 2503 1845 2562 tulit

129 2577 174 2630 est
193 2575 457 2650 sexiaferia‚q11ae
479 2592 560 2633 nunc
580 2582 624 2634 esi
644 2579 791 2651 proxima·
809 2580 894 2646 Quod
913 2580 961 2637 ille
1014 2589 1103 2646 nobis
1119 2605 1172 2662 per
1187 2589 1265 2645 duos
1279 2605 1386 2645 annos.
1404 2593 1459 2646 islo
1474 2606 1556 2647 anno
1570 2591 1731 2664 abnegavit
1749 2610 1782 2652 se
1797 2609 1845 2652 co·

129 2662 201 2720 dicit
213 2663 291 2721 duos
303 2681 399 2739 equos
413 2665 470 2722 sibi
485 2666 617 2722 redditos
630 2683 696 2724 esse
711 2685 766 2742 pro
780 2685 835 2725 suo
851 2684 922 2741 uno,
933 2675 962 2727 et
1014 2694 1080 2735 ram
1103 2677 1191 2734 nobis
1213 2682 1375 2750 nostroque
1398 2677 1556 2749 advocato,
1571 2685 1603 2737 ut
1616 2680 1758 2756 deinceps
1776 2697 1845 2739 eam

129 2752 186 2808 hoc
207 2769 263 2809 nos
288 2753 477 2822 confitemur,
504 2755 558 2811 sed
583 2761 707 2829 uterque
731 2761 792 2813 tam
814 2758 962 2831 pretiosus
1015 2767 1073 2824 sibi
1095 2782 1156 2824 nou
1182 2770 1348 2839 usurparet.
1367 2767 1423 2822 Sed
1438 2766 1538 2824 ieiellit
1551 2783 1617 2837 nos,
1634 2773 1662 2826 et
1675 2769 1768 2828 habet
1779 2771 1844 2843 jam

129 2845 192 2898 erat
206 2845 239 2898 ut
259 2857 341 2898 suus.
359 2842 416 2900 Sed
431 2843 469 2899 de
493 2843 549 2900 illis
572 2849 716 2912 tacemus,
732 2845 856 2920 aliisque
870 2848 961 2904 rebus
1014 2872 1095 2913 nunc
1110 2855 1229 2913 tertium
1244 2869 1360 2911 annum
1380 2853 1523 2912 ablatam.
1540 2857 1686 2923 Quocirca
1699 2873 1844 2930 rogamus

129 2946 221 3004 supra
233 2930 360 2987 modum
374 2930 657 2989 &irrationabiliter
670 2933 739 2990 hinc
752 2934 821 2992 inde
836 2936 960 2994 disirflss·
1014 2946 1156 3019 pietatem
1170 2949 1298 3002 vestram
1321 2950 1354 3001 ut
1369 2946 1425 3002 boc
1440 2946 1603 3016 corrigatis,
1620 2947 1696 3005 sicut
1709 2948 1790 3006 scitis
1804 2948 1846 3006 illi

128 3018 165 3074 tis
190 3018 221 3074 in
247 3017 388 3086 denariis
403 3018 435 3075 in
458 3020 603 3089 vestibus,
619 3021 647 3078 in
668 3021 769 3078 bubus
792 3028 821 3079 ei
841 3023 959 3096 wihus,
1014 3041 1118 3092 eontra
1135 3037 1227 3091 licum
1242 3050 1310 3090 esse
1330 3035 1542 3105 necessarium,
1559 3035 1708 3111 nobisque
1723 3038 1793 3096 utile
1805 3038 1846 3096 ad

128 3108 284 3184 multoque
299 3125 394 3180 grano
408 3126 477 3166 crim
492 3110 663 3182 multigenis
676 3113 810 3170 victimis.
822 3114 897 3171 Nihil
909 3115 960 3172 ho·
978 3133 999 3187 g
1014 3124 1211 3181 ministerium
1225 3139 1405 3197 pauperum.
1421 3123 1530 3181 valete.

128 3214 197 3255 rum
212 3197 387 3270 repetimus,
402 3197 455 3255 sad
468 3197 617 3256 damnum
631 3199 823 3270 sustinemus,
835 3208 865 3259 et
877 3219 962 3276 roga·
1409 3232 1453 3286 lv,

127 3302 197 3342 ¹⁰⁰⁸
211 3301 265 3342 Μ
281 3301 337 3360 pm
362 3301 465 3343 “mm
493 3287 543 3344 ⁰⁰5
562 3293 592 3344 et
606 3293 701 3345 ΜΠ
716 3289 829 3355 Quirini
844 3297 878 3347 ¹¹1
897 3292 961 3349 hm
1034 3320 1083 3376 Ad
1096 3321 1131 3376 R.
1147 3319 1338 3377 abbatissam.
1351 3319 1415 3376 Cur
1424 3320 1552 3389 petitum
1569 3321 1679 3378 citrum
1694 3324 1827 3380 nondum

128 3375 231 3431 omnia
258 3375 386 3432 tractetis
413 3376 580 3433 secundum
605 3385 738 3435 vestram
764 3377 960 3452 nobilitatem,
1363 3391 1500 3448 moad?

127 3467 322 3538 nostramque
337 3463 554 3537 necessitatem,
568 3469 596 3521 et
616 3465 748 3538 jubeatis
771 3467 860 3524 nobis
876 3469 961 3526 reddi
1050 3484 1091 3550 p,‚
1104 3480 1150 3537 sui
1165 3479 1303 3537 vocabuli
1317 3479 1441 3536 minime
1452 3479 1572 3550 dignus,
1584 3481 1744 3539 abbatissae
1755 3482 1846 3541 ΜΟ.

128 3551 202 3609 alios
214 3568 405 3627 aquasquas
420 3568 513 3626 supra
523 3553 588 3611 illos
601 3554 679 3611 duos
692 3554 761 3612 hinc
774 3555 868 3614 habet
879 3557 962 3615 abla—
1015 3572 1104 3629 mim„
1112 3571 1276 3645 perdjgm
1284 3569 1471 3627 sedulitatem
1482 3570 1625 3629 orationis
1633 3570 1843 3636 dovofissimae,

126 3643 185 3699 ¹⁰⁸·
202 3645 326 3716 lnssupssl
346 3641 447 3710 essm,
471 3646 634 3716 P0sl‘luam
655 3643 703 3700 ille
723 3645 794 3701 him
815 3644 958 3715 disoesssib
1050 3658 1137 3725 Quod
1146 3658 1232 3716 vobis
1247 3659 1348 3717 adhuc
1361 3676 1424 3718 non
1435 3660 1575 3718 dedimus
1585 3661 1706 3735 vinum,
1718 3667 1751 3721 ut
1759 3677 1846 3734 roga·

129 3735 198 3788 sunt
211 3731 320 3788 nostris
335 3730 456 3788 tumulis
478 3736 536 3788 tras
552 3731 622 3805 equi
637 3731 716 3788 furto
731 3733 850 3805 sublati,
866 3751 959 3809 quam
1015 3747 1441 3820 stis‚n0nfujt0u1pan03qoe
1455 3749 1631 3818 temtans,
1641 3751 1695 3808 sed
1708 3751 1846 3809 nondum

128 3819 331 3893 suspicionem
345 3819 459 3876 habant
479 3819 509 3876 in
532 3819 615 3876 illum
635 3825 664 3877 et
688 3821 847 3880 Pezilinum
869 3841 959 3881 suum
1014 3835 1136 3908 aliquod
1150 3843 1352 3911 praeparatum
1368 3837 1543 3894 habuimus,
1560 3842 1643 3894 Nunc
1658 3839 1738 3895 enim
1751 3841 1847 3914 quoq.

128 3909 303 3967 consocium
316 3909 442 3984 quidam
463 3925 500 3966 ex
513 3909 631 3980 nostris,
647 3913 676 3967 et
689 3910 779 3968 eliam
795 3911 959 3985 provincia·
1013 3922 1062 3979 die
1076 3923 1241 3980 insistimus
1252 3923 1349 3981 eidam
1364 3924 1459 3996 operi,
1468 3929 1497 3980 et
1510 3940 1581 3981 cum
1593 3925 1650 3982 hoe
1661 3926 1844 3997 perficimus,

126 3999 169 4056 les
192 3999 300 4056 clerici.
321 4000 401 4066 Quos
425 4013 520 4072 equos
544 3999 634 4056 etiam
658 4000 789 4072 petimus
816 4005 849 4056 ut
871 4002 959 4058 nobis
1014 4013 1114 4069 sigum
1137 4019 1205 4086 post
1219 4014 1329 4070 festum
1346 4015 1373 4071 s,
1392 4013 1517 4071 gndmae
1531 4013 1845 4090 miffimusvobqugr

127 4086 306 4162 Pifflcipissiis
320 4086 455 4157 reddere,
473 4092 524 4144 assi
542 4086 635 4158 digno
658 4088 772 4160 judiciO
793 4104 904 4158 negare
926 4106 959 4146 ⁵0
1013 4101 1135 4158 nuntios
1148 4105 1277 4157 nostros.
1291 4099 1319 4156 Si
1332 4100 1456 4174 aliquod
1471 4101 1654 4174 adjutorium
1669 4102 1756 4160 nobis
1768 4103 1846 4163 iace·

127 4193 187 4234 ¹¹0ss
204 4177 315 4234 habere
329 4176 376 4233 iel
390 4177 503 4234 *011010-
1012 4207 1044 4248 re
1059 4189 1146 4247 vultis
1160 4189 1199 4246 ad
1214 4193 1350 4246 nostrum
1372 4190 1485 4248 victum
1508 4191 1649 4248 frumenti
1663 4192 1711 4250 vel
1724 4192 1844 4253 alterim

524 4285 557 4341 ll.
1014 4278 1109 4351 grani,
1123 4277 1211 4336 valde
1226 4292 1332 4335 sumus
1345 4278 1516 4336 necessarii.
1531 4279 1639 4339 valete.

126 4394 176 4450 Ad
196 4395 227 4448 V.
243 4394 435 4464 abbatissam,
451 4393 535 4463 apud
557 4407 647 4466 qaam
668 4409 699 4451 se
720 4400 854 4462 accusat,
879 4395 960 4466 qaod
1410 4390 1442 4447 V.

160 4465 268 4536 destitit
292 4481 384 4548 equos·
404 4479 465 4521 '²⁰⁷²
478 4465 602 4532 mitem,
617 4470 645 4521 el
664 4465 726 4521 ⁰²²⁰st
742 4465 878 4550 tuffdssm
892 4482 958 4522 mv·
978 4486 999 4543 c
1013 4478 1062 4534 Ad
1075 4477 1251 4536 Heinrtcum
1265 4493 1373 4549 regem.
1393 4479 1430 4536 Ut
1442 4493 1472 4536 se
1484 4479 1522 4536 ab
1535 4469 1657 4551 irijariis
1667 4485 1695 4536 et
1701 4495 1843 4550 persecu·

161 4537 291 4593 aracaio
304 4542 405 4593 mrttzt.
1170 4551 1249 4606 tione
1263 4551 1413 4607 mamona
1427 4550 1541 4607 samius
1556 4551 1685 4607 elideret.

162 4642 386 4700 venerabilibus
400 4641 431 4699 in
446 4642 561 4706 Christo
583 4641 767 4700 dominabus
781 4645 813 4700 V.
828 4642 959 4700 abbatis·
1049 4645 1162 4704 seniori
1178 4662 1233 4702 suo
1248 4649 1292 4714 ll.,
1309 4635 1455 4720 exercitus
1479 4643 1634 4702 Christiani
1657 4645 1774 4703 ductori
1786 4661 1843 4705 no·

126 4750 178 4800 sss,
194 4748 229 4789 ac
252 4734 283 4790 B.
300 4730 405 4789 Christi
431 4732 567 4802 agnellae,
590 4733 631 4801 P.,
657 4731 805 4806 quidquid
827 4733 958 4790 tantillus
1011 4735 1168 4805 bilissimo,
1193 4739 1234 4803 P..
1256 4735 1375 4792 abbatis
1398 4732 1545 4791 vocabulo
1571 4732 1695 4791 minime
1720 4735 1841 4808 dignus,

126 4825 188 4879 mm
202 4819 301 4892 dignis
315 4821 463 4895 personis.
687 4840 697 4846 ·
1012 4841 1081 4882 cum
1112 4824 1344 4896 congregatione
1377 4823 1433 4880 sibi
1465 4823 1638 4893 commissa,
1668 4824 1842 4883 sedularum

161 4915 225 4968 Non
240 4910 394 4969 modicum
409 4911 547 4968 dolemus
561 4910 645 4985 quod
664 4910 738 4968 nihil
762 4911 911 4968 habemus
926 4921 959 4970 ut
1010 4931 1136 4989 precum
1148 4911 1343 4970 devotissima
1357 4911 1470 4970 munia.

125 5000 288 5076 petitionis,
303 5001 366 5058 imo
379 5001 469 5058 vestri
494 5001 635 5074 praeeepti
660 5000 845 5059 voluntatem
861 5001 957 5059 iacere
1048 5002 1110 5060 Sub
1120 5016 1213 5058 manu
1221 5005 1327 5058 vestras
1335 4999 1516 5058 detensionis
1526 5001 1566 5058 ob
1578 5001 1784 5076 elemosynam
1792 5019 1841 5060 ve-

125 5090 298 5164 possimus,·
319 5090 393 5164 quia
409 5089 509 5147 nullus
524 5105 620 5162 equus
644 5089 674 5146 in
694 5094 797 5147 nostra
819 5089 958 5148 inventus
1012 5091 1064 5146 stri
1077 5089 1223 5146 hactenus
1234 5089 1321 5146 valde
1334 5089 1459 5164 pacifice
1473 5090 1601 5148 viximus
1614 5111 1621 5161 ;
1636 5091 1689 5148 sed
1698 5091 1751 5166 qui
1760 5106 1842 5150 nunc

125 5184 171 5236 est
185 5183 340 5254 potestate,
349 5179 474 5254 quando
488 5177 577 5236 nobis
591 5179 773 5236 commissus
787 5184 832 5237 est
845 5179 900 5237 iste
915 5179 957 5236 lo·
1010 5194 1066 5236 nos
1076 5183 1181 5237 contra
1188 5194 1243 5235 vos
1255 5181 1410 5252 Deumque
1420 5179 1612 5251 insectantur,
1623 5181 1734 5239 diutius
1745 5180 1841 5239 celare

125 5285 189 5339 cus,
203 5269 260 5327 nisi
274 5269 441 5328 admodum
456 5267 555 5343 pauci,
571 5271 600 5326 et
613 5267 672 5341 ipsi
685 5269 856 5327 nutabundi
870 5275 899 5327 et
911 5286 956 5326 se·
1011 5283 1072 5324 non
1082 5271 1394 5341 possumusliomnus
1404 5271 1507 5327 Dicmo
1518 5269 1842 5328 comesiuimicabiliter

126 5359 281 5433 gnipedes.
297 5359 409 5417 Iudicia
421 5363 522 5417 umen
536 5357 663 5416 tacimus
674 5357 721 5414 his
733 5359 834 5431 parvis
846 5375 956 5416 manu·
1010 5355 1200 5430 persequitur
1211 5373 1279 5415 nos.
1293 5357 1389 5416 Habet
1401 5357 1490 5416 nobis
1500 5358 1630 5434 denique
1644 5364 1778 5418 nostram
1787 5375 1841 5418 na-

127 5449 228 5519 sculis,
243 5455 359 5524 quanto
382 5449 522 5508 citissime
536 5464 712 5524 possumus,
728 5448 812 5521 quod
826 5453 956 5506 vestram
1010 5447 1069 5503 vim
1081 5446 1225 5516 ablutam,
1234 5463 1295 5520 qua
1305 5447 1466 5504 debuimus
1478 5447 1620 5505 iratribus
1633 5447 1743 5506 nostris
1752 5448 1841 5508 vecti·

124 5541 311 5599 voluntatem
332 5541 503 5615 implemus.
522 5539 670 5598 sedulitas
691 5537 834 5595 orationis
849 5543 956 5594 nostres
1010 5553 1078 5594 aare
1094 5537 1210 5609 vinum,
1222 5542 1251 5593 et
1262 5537 1739 5612 leguminaaliaqueneccssaris.
1753 5539 1841 5598 Plura

125 5629 285 5689 comitatur
298 5629 352 5688 iter
365 5633 507 5700 vestrum,
523 5632 672 5704 quantum
685 5643 742 5685 nos
764 5627 841 5684 Deus
863 5641 955 5685 exau·
1009 5627 1100 5685 odam
1122 5625 1195 5684 retia
1208 5625 1301 5684 habet
1314 5625 1402 5684 nobis
1420 5626 1505 5696 tulta,
1520 5627 1717 5705 victimasque
1731 5632 1761 5688 ot
1773 5645 1840 5702 gra·
