3984 6182
167 179 221 238 tlt
764 164 922 227 nonnum
941 161 1044 222 REGIS
1064 163 1288 226 FRANCORUM.
1538 161 1540 166 ’
1835 166 1893 220 m
1947 157 1948 190 ¹

168 301 393 361 consecraretur
409 293 532 366 sanguis
544 293 662 352 Domini
677 294 770 352 nostri
783 295 854 350 lesu
880 288 996 347 Christi.
1018 289 1074 345 ha
1089 289 1202 348 cunctis
1217 294 1246 346 et
1258 305 1376 362 semper
1391 289 1582 348 mutuante
1594 291 1694 346 autem
1709 287 1819 363 primo
1828 301 1894 362 pm·

168 393 309 452 iunxerat
323 404 354 444 se
369 389 452 442 tanto
476 385 609 459 pontifici
621 403 673 442 rex
687 389 786 442 mente
807 380 924 441 humili.
948 377 1001 452 qui
1053 376 1130 435 fecta
1143 377 1350 437 benedictione
1363 378 1502 447 mirabili,
1517 384 1603 454 pater
1623 378 1831 436 laetuslaetus
1858 375 1895 434 de

169 493 301 555 superno
320 480 417 533 tactus
429 490 532 532 amore
558 475 627 532 fecit
640 475 671 531 in
684 475 751 549 ipso
780 475 885 530 sancto
909 467 1001 525 calice
1053 465 1124 536 tilio,
1140 467 1310 526 exsultabat
1328 467 1439 540 gaudio
1464 467 1623 526 immenso.
1643 467 1827 524 Admonita
1842 481 1895 540 pa·

167 573 310 644 patenam
323 561 597 622 adconficiendum
611 563 685 621 inea
700 579 809 637 corpus
823 559 1001 629 Redemplo·
1054 554 1105 612 tris
1119 556 1214 614 eodie
1229 556 1296 614 talis
1312 557 1391 615 facta
1405 558 1492 615 estin
1506 557 1567 614 filio
1581 557 1686 615 bono:
1704 579 1719 608 e
1733 555 1825 624 iside,
1843 555 1894 626 fili,
1952 606 1953 690 1

166 652 338 714 rismundi.
354 651 517 709 utessetei
537 652 632 710 crucis
649 650 839 724 signaculum
862 647 892 704 in
916 644 1000 703 auxi·
1055 659 1173 720 semper
1188 646 1228 702 sis
1242 662 1359 704 memor
1370 645 1639 721 liciquitchodie
1652 645 1840 746 participem
1850 645 1897 702 sui
1953 704 1954 770 1

166 744 242 802 lium
258 747 287 800 et
302 715 409 800 sancta
420 740 524 814 passio
538 756 611 799 vera
629 740 738 797 anima
769 737 927 810 carnisque
953 751 1001 792 re·
1054 734 1123 791 fecit
1136 735 1232 807 regni,
1247 739 1280 792 ut
1293 735 1440 809 equitatu
1455 734 1658 808 etjustitiaein
1672 734 1792 792 semitis
1811 731 1895 792 dele·

167 831 312 906 demptio.
329 829 528 888 Nihilominus
542 830 732 887 etdomnum
745 825 1002 898 odolricumepis-
1054 824 1151 881 cteris.
1164 825 1259 894 Quod,
1271 841 1383 898 quaeso,
1392 825 1533 883 attribuat
1543 823 1699 883 mibllleus
1708 830 1741 882 ut
1755 814 1895 892 videam,
1954 802 1955 886 i

168 935 281 996 copurn
295 919 327 975 in
340 917 518 976 sacerdotali
529 918 707 975 vestimento
720 917 761 973 sic
785 913 952 978 honoravit,
970 917 1004 970 ut
1055 916 1083 970 at
1097 913 1149 970 tibi
1165 917 1198 970 ut
1210 913 1302 971 facias
1312 914 1400 987 juxta
1414 913 1481 987 elus
1493 911 1690 983 voluntalem,
1705 929 1779 988 quae
1793 914 1895 970 omni-
1955 900 1956 966 i

169 1014 273 1067 astans
286 1008 317 1065 in
332 1007 479 1064 sacrificio
490 1007 609 1064 Domini
637 1006 847 1064 circumtectus
866 1020 903 1060 ex
919 1001 1002 1059 omni
1053 1001 1113 1058 bus
1129 1000 1370 1060 desiderantibus
1382 1019 1449 1060 eam
1461 1018 1580 1076 semper
1590 1003 1685 1060 adest.
1701 1025 1715 1054 a
1730 1001 1816 1059 lnter
1831 1002 1896 1060 base
1956 996 1957 1070 i

169 1101 255 1173 parte
271 1111 346 1153 auro
374 1099 403 1153 et
430 1110 565 1168 purpura
590 1094 750 1151 videretur.
780 1092 937 1150 Urceolum
966 1106 1003 1148 ex
1055 1089 1160 1148 festiva
1174 1090 1320 1149 solemnia
1330 1091 1455 1166 quidam
1472 1091 1658 1164 clericorum,
1670 1107 1789 1148 vesano
1802 1092 1896 1149 corde
1957 1092 1958 1158 l

169 1183 311 1245 onichino
326 1183 451 1254 factum,
466 1183 549 1256 quod
565 1185 793 1256 comparaverat
817 1197 870 1236 rex
893 1177 1003 1235 ditissi-
1058 1180 1217 1237 meditatus
1231 1179 1534 1254 perversa,accelerat
1543 1179 1684 1255 perficere
1694 1195 1742 1238 ea.
1752 1181 1895 1255 Speciem
1958 1192 1959 1262 l

169 1289 238 1332 mus
252 1272 348 1347 pretio
363 1288 399 1328 nx
413 1271 569 1339 librarum,
585 1271 692 1328 ilerum
702 1269 761 1344 ipsi
772 1272 882 1325 sanctae
902 1267 1003 1326 Crucis
1056 1269 1135 1325 cervi
1150 1285 1186 1326 ex
1201 1273 1324 1342 argento
1340 1285 1423 1326 mero
1436 1269 1507 1326 facti
1526 1269 1570 1326 vir
1585 1269 1768 1326 lleihabens
1784 1269 1818 1327 in
1834 1272 1894 1328 tbe·
1959 1290 1960 1352 t

169 1363 236 1420 loco
251 1359 376 1418 contulit
390 1359 482 1417 simul
493 1360 630 1416 eumalio
645 1363 787 1430 argenteo
796 1361 825 1414 el
834 1355 1000 1430 manipulo.
1056 1357 1152 1415 saunis
1167 1359 1230 1415 suis
1243 1375 1279 1415 eo
1305 1358 1510 1416 delectabatur
1524 1357 1711 1416 solemnibus
1725 1357 1822 1416 festis.
1838 1362 1894 1416 Aa·
1960 1431 1961 1434 Ἴ

170 1450 255 1511 Dedit
269 1450 360 1506 etiam
375 1454 404 1506 et
427 1447 518 1522 pallia
532 1448 588 1505 tria
602 1449 732 1522 pretiosa
745 1447 778 1503 in
790 1449 899 1504 ornatu
913 1444 1003 1502 eccle
1057 1448 1176 1518 ceperat
1189 1444 1247 1502 hoc
1260 1461 1371 1502 munus
1387 1461 1405 1502 a
1420 1445 1497 1503 duce
1512 1449 1755 1503 Narmannorum
1768 1441 1894 1504 Richar-

170 1539 221 1596 siee
249 1555 304 1612 pro
319 1554 374 1596 sua
401 1551 587 1610 suorumque
614 1535 746 1593 filiorum
769 1535 873 1602 salute,
888 1539 916 1591 et
944 1533 1003 1591 alia
1056 1532 1229 1590 doadusus
1244 1509 1654 1608 humanosquodiienignus
1668 1534 1894 1606 ore,benignus

170 1582 266 1685 muita
280 1644 347 1703 qua
363 1641 425 1682 non
437 1629 564 1698 possunt
579 1624 674 1682 littera
696 1623 793 1680 notari
806 1639 862 1680 nec
875 1638 1003 1680 numero
1017 1643 1038 1699 p
1056 1621 1156 1690 corde,
1172 1621 1304 1694 benigno
1318 1638 1380 1680 noa
1395 1623 1507 1680 distulit
1516 1623 1649 1681 conferre
1665 1625 1812 1681 DeoErat
1823 1625 1893 1682 huic
1962 1584 1963 1676 i

170 1713 397 1790 comprehendi.
413 1716 591 1772 Sanctorum
599 1712 679 1770 enim
695 1729 822 1786 corpora
837 1715 1004 1785 martyrum
1056 1715 1235 1768 ornamento
1250 1711 1411 1784 adjunctus
1427 1712 1560 1786 scyphus
1575 1728 1714 1782 corneus,
1734 1729 1801 1787 quo
1815 1713 1894 1770 defe-
1963 1682 1964 1760 i

170 1806 370 1881 pretiosorum
382 1803 532 1862 saviniani
549 1808 577 1860 et
590 1802 826 1875 Potentiani3‚=qui
841 1801 923 1876 passi
934 1805 1005 1860 sunt
1056 1799 1179 1857 rebatur
1188 1799 1294 1858 vinum
1318 1801 1358 1858 ad
1373 1799 1585 1858 celebrandum
1606 1801 1800 1859 sacrificium.
1828 1805 1892 1859 llaec

171 1895 316 1952 acerrime
326 1893 357 1949 in
372 1892 538 1949 senonensi
561 1891 646 1960 urbe,
659 1908 744 1960 auro,
760 1881 905 1963 'argentm
921 1907 1004 1962 gem·
1057 1888 1206 1963 aspiciens
1220 1889 1346 1963 quidam
1361 1889 1521 1964 pestiferat
1534 1907 1667 1965 nequam
1690 1890 1830 1964 clericus,
1844 1908 1891 1948 ar⁸

170 1982 228 2038 mis
243 1981 284 2038 ita
298 1979 413 2038 vestivit
427 1983 461 2036 ut
471 1980 503 2036 in
516 1980 563 2036 bis
578 1979 773 2036 delectaretur
800 1981 900 2037 omnis
914 1995 1003 2036 mun·
1057 1979 1136 2053 ripit,
1151 1979 1255 2051 caligis
1275 1980 1419 2052 recondit,
1448 1981 1507 2038 buc
1531 1980 1661 2056 illucque
1685 1974 1803 2039 radetis
1829 1987 1891 2038 non

170 2070 239 2140 dus,
255 2084 334 2144 quos
345 2069 376 2124 in
391 2069 475 2125 terris
489 2085 542 2126 rex
570 2068 831 2138 honorificaverat,
857 2069 946 2126 laude
961 2067 1004 2123 di-
1057 2066 1171 2126 invenit
1197 2068 1245 2124 cui
1273 2085 1309 2126 ea
1328 2063 1497 2126 venditione
1525 2070 1738 2142 contribueret,
1754 2071 1803 2130 vel
1815 2087 1891 2147 quo-

171 2159 247 2232 gnis.
262 2161 406 2216 Praeoerea
420 2157 498 2216 Patri
513 2158 670 2215 Benedicta
685 2164 715 2215 et
728 2157 801 2226 suis,
818 2159 865 2215 cui
885 2173 1004 2231 semper
1058 2156 1150 2214 morlo
1164 2153 1245 2214 illam
1263 2158 1394 2232 speciem
1414 2159 1493 2216 cervi
1519 2159 1671 2218 desbuere
1682 2165 1797 2234 posset.
1823 2165 1890 2220 Cre·

170 2250 238 2307 totis
251 2250 420 2307 adheserat
433 2248 615 2322 praecordiis,
640 2263 696 2322 pro
712 2247 809 2305 suain
823 2253 885 2305 tota
896 2245 1004 2304 mundi
1057 2240 1193 2303 dandum
1205 2251 1250 2304 ast
1262 2248 1376 2305 cunctis
1404 2264 1439 2305 ee
1454 2248 1496 2321 pii
1515 2249 1595 2320 regis
1622 2254 1741 2308 servata
1765 2251 1889 2322 meritis,
1969 2268 1970 2282 ¹

168 2337 326 2395 latitudine
340 2337 511 2395 admirabili
523 2336 794 2409 vita,piscatoriam
808 2335 936 2407 ligeritti
948 2336 1004 2392 flu·
1057 2335 1181 2410 quitoto
1197 2337 1285 2393 corde
1301 2341 1364 2394 erat
1378 2340 1437 2395 Deo
1451 2337 1557 2395 tidelis.
1575 2342 1650 2396 Nam
1668 2339 1756 2398 tertia
1767 2339 1891 2399 sabbati

169 2427 260 2484 minis
283 2424 518 2496 benignissimus
541 2425 685 2496 attribuit,
706 2425 818 2498 scripto
830 2423 962 2482 firmavit
975 2429 1005 2482 et
1057 2423 1088 2482 in
1103 2426 1232 2483 oratorio
1247 2426 1350 2484 ‘l'urris
1364 2426 1461 2485 Caroli
1479 2427 1654 2503 colloquens
1668 2441 1740 2486 cum
1755 2431 1889 2503 quodam

169 2530 208 2573 ex
222 2515 270 2572 his
284 2515 326 2572 nil
339 2515 422 2572 aliud
431 2531 525 2590 quam
540 2514 761 2572 intercessionis
771 2513 850 2571 illius
863 2513 1004 2588 quesivit
1057 2513 1256 2571 familiaritate
1269 2515 1401 2588 perfecta
1426 2515 1483 2572 sibi
1496 2517 1669 2588 conjuncto,
1693 2526 1764 2576 ecee
1779 2517 1828 2576 fur
1841 2535 1888 2576 ve·

170 2603 429 2676 suffragiasedet
442 2603 866 2678 praeceptumdeimmunitate
878 2603 1005 2662 floriaci
1057 2603 1142 2660 niens
1156 2608 1225 2660 ante
1239 2601 1331 2661 altare
1347 2619 1378 2661 se
1394 2595 1529 2674 collocat,
1545 2622 1649 2680 preces
1667 2607 1791 2665 inutiles
1806 2625 1889 2683 spar-

168 2693 238 2762 loci,
255 2709 308 2750 seu
320 2693 359 2750 de
373 2693 419 2750 his
434 2710 502 2768 qum
517 2693 692 2752 monasterii
705 2698 880 2768 competunt
893 2693 1004 2752 utilita-
1057 2691 1099 2765 git
1113 2697 1142 2750 et
1154 2691 1247 2764 longa
1260 2695 1439 2768 protrahens
1455 2694 1594 2769 suspiria,
1606 2696 1779 2770 facistergio
1791 2698 1889 2754 altaris

170 2781 261 2852 tibus,
279 2781 453 2840 auctoritate
478 2783 561 2855 regia
574 2783 706 2840 firmarit
729 2787 759 2840 et
772 2783 867 2856 sigillo
895 2799 950 2841 suo
972 2789 1006 2842 ut
1056 2781 1173 2856 prolixo
1188 2783 1293 2857 operit,
1308 2783 1397 2841 simul
1411 2801 1481 2841 cum
1497 2785 1624 2859 scypho,
1649 2790 1678 2842 et
1691 2786 1735 2844 slc
1748 2802 1890 2846 verecun=

168 2871 270 2928 bonus
289 2875 318 2927 et
329 2870 450 2943 sapiens
464 2870 627 2943 insignivit.
643 2872 676 2928 ln
691 2873 875 2930 ornamentis
890 2873 1003 2948 quippe
1056 2869 1114 2927 dus
1125 2870 1208 2939 abiit,
1224 2872 1360 2928 nesciens
1374 2871 1465 2928 miser
1478 2886 1609 2946 quorum
1621 2865 1701 2931 oculi
1716 2887 1891 2950 supereum

169 2957 379 3015 ecclesiasb'cis
395 2959 512 3015 Patrem
540 2958 732 3016 Benedictum
755 2960 919 3026 honorans,
941 2978 1003 3036 quo
1018 2995 1039 3053 c
1055 2964 1142 3016 erunt
1154 2959 1255 3017 delixi.
1272 2963 1397 3018 cessans
1405 2977 1458 3018 rex
1468 2961 1642 3037 acolloquio
1655 2965 1787 3022 vaditad
1800 2967 1891 3023 altare

170 3062 207 3105 eo
220 3061 323 3103 amore
351 3045 486 3103 dilexedt
513 3047 754 3106 manifestissime
774 3051 898 3124 aperuit.
929 3054 1003 3108 Nam
1056 3049 1133 3124 pede
1148 3048 1207 3106 levi
1217 3066 1287 3107 cum
1301 3051 1399 3108 amico
1413 3067 1495 3123 vero,
1512 3057 1541 3109 et
1555 3069 1611 3110 sua
1630 3053 1783 3128 accipiens
1795 3056 1892 3113 reddit

172 3133 266 3192 altare
282 3139 393 3191 sanctae
406 3134 457 3191 Dei
471 3135 621 3208 genitricis
635 3137 730 3194 uaris
744 3138 836 3213 pallio
854 3137 1006 3213 pretiosis·
1057 3138 1143 3196 lctus
1157 3138 1306 3213 ministro,
1320 3139 1517 3198 interminans
1542 3141 1623 3198 socio
1650 3155 1700 3212 ne,
1714 3142 1792 3201 dum
1807 3135 1891 3202 cdvi·

171 3221 249 3279 simo
262 3227 332 3297 post
343 3222 457 3295 ignem,
472 3225 525 3299 qui
540 3224 594 3282 fuit
608 3225 759 3285 immensa
786 3227 881 3286 nostri
909 3229 1005 3286 sancti
1057 3232 1148 3297 veret,
1164 3245 1274 3287 nomen
1285 3230 1351 3302 ejus
1365 3223 1474 3288 soerulo
1489 3229 1687 3289 innotesceret
1696 3237 1725 3289 et
1734 3239 1817 3292 tanto
1827 3233 1890 3292 vire

103 3368 106 3372 ,
169 3309 229 3367 loci
242 3309 409 3382 calamitas,
426 3313 580 3387 cooperuit
593 3318 622 3371 et
634 3315 877 3388 thymiamaterio
893 3333 1005 3390 usque-
1056 3319 1272 3378 verecundiam
1286 3319 1405 3378 faceret.

170 3413 294 3472 queque
309 3399 382 3457 satis
394 3400 535 3470 mirabili,
547 3417 621 3459 auro
636 3409 665 3460 et
677 3405 803 3476 gemmis
817 3404 894 3462 bene
909 3406 1004 3463 elave-
1092 3410 1200 3466 Verum
1215 3410 1425 3485 qutacppcnit
1450 3421 1481 3470 se
1495 3407 1606 3472 trustra
1632 3401 1888 3491 narrationique

170 3489 202 3544 to
215 3486 247 3542 in
257 3485 390 3556 sublimi,
405 3487 487 3546 bunc
501 3495 640 3548 sanctum
662 3491 854 3550 devotissime
866 3494 1004 3552 nobilita·
1057 3497 1199 3556 rumdam
1213 3505 1362 3573 perversae
1372 3503 1480 3560 mentis
1497 3503 1633 3576 intentio,
1646 3505 1693 3580 qui
1708 3521 1795 3562 omne
1823 3506 1883 3564 bo·

170 3573 224 3630 vit.
237 3575 307 3632 Erat
320 3575 402 3632 enim
416 3579 445 3633 et
457 3577 515 3634 hoc
537 3578 665 3652 adplene
680 3581 862 3638 conveniens
876 3582 1004 3657 thymia·
1058 3602 1133 3644 num
1146 3588 1231 3662 quod
1244 3589 1303 3664 ipsi
1317 3597 1472 3665 nequeunt
1486 3595 1606 3668 assequi
1632 3595 1696 3653 aliis
1707 3595 1839 3654 invidere
1853 3599 1885 3654 et

170 3663 332 3720 materiam
348 3662 501 3721 thuribulo
512 3681 605 3722 aureo
620 3683 638 3724 a
661 3668 805 3726 (laualluo
829 3669 938 3728 abbate
951 3671 1006 3728 mi-
1057 3675 1250 3748 malignitatis
1264 3679 1419 3748 calcaneo,
1432 3688 1521 3756 prout
1529 3689 1667 3757 possunt,
1681 3701 1816 3759 premere
1824 3703 1892 3744 non

170 3749 313 3808 rabilium
336 3751 447 3809 factore
461 3757 590 3826 patrato,
615 3756 702 3828 cujus
726 3773 804 3832 opus
826 3759 1006 3832 splendescit
1058 3765 1248 3839 erubescunt,
1274 3769 1397 3843 quique,
1412 3772 1436 3827 si
1451 3772 1523 3846 quid
1551 3789 1691 3832 excessus
1715 3776 1894 3834 humanitus

170 3855 233 3914 pra
245 3839 390 3898 omnibus
404 3857 474 3914 que
487 3842 620 3902 vidimus
629 3845 687 3919 ipsi
699 3846 752 3919 qui
762 3848 826 3905 brec
835 3848 1004 3921 scribimus,
1058 3855 1228 3914 admissum
1242 3864 1298 3928 est,
1314 3875 1350 3916 eo
1364 3866 1473 3918 cuncta
1485 3862 1558 3920 bont
1582 3863 1679 3939 operis
1701 3865 1894 3926 succedentia

170 3927 203 3984 in
217 3927 350 3986 Floriaco
363 3928 441 3987 loco.
464 3931 678 3991 Monasterium
704 3935 731 3992 S.
748 3935 880 3994 Cassiani
893 3937 1007 3996 confes-
1059 3946 1196 4018 germina
1222 3943 1330 4006 canino
1344 3948 1432 4008 dente
1458 3951 1609 4012 oblatrant
1632 3955 1786 4025 suffocari,
1813 3954 1894 4016 hune

172 4016 249 4073 soris
266 4017 378 4076 summi
393 4017 424 4076 in
439 4020 542 4080 lledua
556 4021 683 4088 civitate.
694 4039 762 4098 quae
775 4029 804 4082 et
814 4027 1005 4099 Augustodu·
1059 4035 1285 4095 sanctisslmum
1296 4037 1394 4096 virum
1409 4039 1540 4100 lacerare
1552 4058 1613 4100 non
1626 4044 1872 4118 pertimescentes
1885 4056 1893 4101 t

171 4119 242 4174 mu,
257 4105 351 4164 nimia
362 4108 496 4166 dirutum
509 4117 658 4171 vetustate
672 4129 690 4171 n
702 4129 782 4172 novo
808 4115 963 4176 aedificavit
978 4110 1007 4176 c't
1059 4129 1134 4196 Non,
1148 4127 1298 4202 inquiunt,
1315 4129 1378 4186 hec
1399 4147 1466 4204 quae
1483 4132 1600 4206 prolata
1620 4129 1691 4192 sunt
1709 4135 1795 4194 bona
1806 4133 1845 4195 de
1858 4145 1892 4194 eo

172 4189 315 4250 inconst
325 4195 479 4254 ministros
488 4199 639 4258 collocans
648 4201 815 4279 abbatiam,
823 4206 900 4262 sicut
908 4207 1004 4281 prius,
1059 4229 1152 4288 opera
1164 4215 1204 4272 ad
1230 4216 1358 4274 salutem
1382 4217 1459 4276 illius
1486 4219 1661 4294 provenient
1683 4223 1807 4294 animae,
1823 4241 1895 4302 quofi

173 4281 350 4352 construxit,
368 4284 507 4359 prebens
529 4296 668 4364 sumptus
682 4293 728 4349 bis
739 4294 793 4367 qui
819 4295 932 4354 ibidem
945 4299 1007 4355 Deo
1059 4301 1144 4362 niam
1161 4319 1224 4374 non
1243 4303 1397 4364 exhorruit
1421 4310 1537 4368 facinus
1559 4313 1760 4386 copulationis
1775 4314 1892 4382 illicitat,

172 4367 366 4428 dfflrvirffll
382 4371 443 4428 Hoc
458 4372 486 4430 ei
499 4375 643 4452 studium,
656 4379 721 4437 hec
735 4381 800 4453 ejus
815 4399 934 4457 semper·
952 4384 1007 4442 fuit
1060 4393 1134 4451 dum
1149 4399 1346 4454 commatrem
1367 4402 1396 4454 et
1410 4397 1467 4456 eibi
1481 4395 1750 4474 consanguinitatis
1774 4401 1893 4462 vinculo

172 4456 206 4515 in
219 4460 373 4532 01'01'0130i
386 4460 536 4521 munias·
1060 4493 1172 4540 nexam
1184 4482 1270 4541 duxit
1283 4501 1418 4544 uxorem.
1446 4490 1580 4556 Quorum
1604 4491 1895 4552 irrationabilitatem

1061 4567 1159 4645 placet
1171 4571 1299 4630 evidenti
1320 4580 1431 4633 sancus
1457 4578 1615 4653 Scriptura
1641 4579 1754 4640 indicio
1769 4583 1895 4641 convin-

209 4634 324 4696 l‘alatio
337 4641 515 4715 compendii
526 4643 675 4704 damnum
691 4648 800 4707 accidit
812 4651 876 4722 regi
888 4652 1008 4713 tutuno
1062 4677 1138 4719 cere.
1154 4661 1222 4734 Sed,
1237 4677 1275 4720 ne
1303 4663 1377 4722 forte
1402 4665 1547 4741 loquendi
1565 4670 1753 4743 proclament
1778 4675 1894 4733 aditum

174 4723 280 4783 nobili.
296 4729 431 4788 instabat
443 4733 514 4789 tunc
526 4733 591 4791 dics
600 4738 797 4812 nenorosus,
812 4757 874 4814 quo
882 4742 1008 4816 Spiritus
1062 4749 1118 4807 sibi
1130 4751 1298 4825 intercludi,
1315 4753 1387 4812 dent
1400 4755 1488 4813 nobis
1501 4758 1634 4833 aliquem
1649 4761 1713 4820 sine
1726 4763 1895 4839 prolapsio

175 4817 299 4872 sanctus
314 4817 434 4891 replens
449 4821 568 4880 animm
577 4826 705 4884 mundat
715 4827 849 4886 fidelium
863 4831 966 4902 corda,
975 4839 1009 4892 ut
1061 4855 1099 4897 ne
1111 4839 1229 4899 dedicti.
1246 4842 1316 4907 Quis
1326 4859 1397 4902 vero
1412 4851 1531 4905 castum
1546 4863 1579 4904 se
1591 4849 1702 4908 babere
1716 4869 1769 4910 cor
1783 4853 1895 4926 gloria·

171 4900 397 4977 pleceaatPatri
410 4911 438 4966 et
453 4909 533 4981 lilio,
549 4913 792 4990 quibusaaqualis
800 4920 926 4996 Spiritus
941 4939 1007 4980 san·
1060 4929 1249 4987 bituricum
1262 4947 1317 4989 nec
1343 4933 1432 4990 unius
1460 4935 1519 4994 ‹liei
1542 4937 1641 4997 inians
1668 4943 1804 5000 mundus
1828 4959 1895 5002 esse

173 4989 213 5049 cti
221 4994 330 5066 portio.
342 4996 449 5056 volens
464 4998 515 5058 illo
527 5001 575 5060 die
588 5007 673 5078 pater
684 5022 735 5064 rex
751 5008 897 5082 gloriosus
911 5009 1007 5072 filium
1062 5019 1219 5093 Scriptura
1234 5021 1404 5080 testimonio
1417 5027 1659 5100 comprobetur?
1683 5031 1841 5105 Siquidem
1854 5030 1895 5090 ob

173 5088 572 5166 suumstatucreinregem,
587 5096 710 5154 nomine
724 5099 893 5174 Hugonem,
934 5107 1008 5161 stre·
1061 5106 1199 5165 inertiam
1214 5108 1426 5186 desipientium
1451 5117 1713 5192 comprimendam
1726 5119 1793 5179 hoec
1812 5119 1895 5179 dixe·

172 5169 326 5230 naiasima
337 5174 499 5236 nobilitatis
513 5182 669 5253 juvenem,
685 5200 740 5259 pro
753 5187 1008 5265 immensapetrrs
1059 5196 1127 5264 rim,
1143 5212 1205 5255 non
1216 5203 1250 5256 ut
1262 5200 1318 5258 viri
1332 5201 1409 5260 ultro
1423 5204 1723 5283 poenitentisculpam
1731 5207 1893 5269 occultem.

173 5259 204 5312 at
215 5255 268 5314 lilii
282 5259 427 5335 bonitate,
443 5283 512 5341 quse
527 5275 591 5330 erat
613 5273 768 5347 divulgata
781 5280 843 5335 toto
858 5283 1007 5340 terrarum
1061 5284 1141 5342 Sicut
1154 5287 1235 5345 enim
1250 5294 1372 5347 sanctus
1383 5293 1487 5364 David,
1497 5293 1565 5366 lege
1584 5295 1796 5368 prohibibitus,
1810 5295 1896 5356 betha

171 5343 257 5415 orbe,
270 5349 310 5406 ad
320 5349 492 5414 faciendum
502 5374 573 5417 eum
581 5361 743 5423 festinabat
752 5367 852 5424 omnis
860 5370 1005 5445 mundus,
1060 5371 1150 5430 sabee
1163 5383 1269 5434 contra
1281 5377 1326 5435 fas
1354 5381 1525 5454 concupivit
1550 5387 1579 5440 et
1590 5385 1700 5458 rapuit,
1722 5387 1764 5444 ita
1782 5393 1812 5446 et
1826 5388 1894 5460 iste,

171 5433 246 5508 quia
258 5436 464 5500 delectabatur
479 5445 509 5505 in
525 5448 644 5509 talibus.
676 5454 739 5512 Fuit
750 5456 829 5513 enirn
843 5456 892 5515 hic
905 5458 1005 5516 bonus
1059 5467 1163 5522 contra
1177 5482 1269 5524 secrae
1281 5467 1350 5526 fidei
1362 5469 1433 5541 jura
1447 5487 1551 5544 agens,
1566 5474 1724 5547 prefatam
1734 5477 1895 5536 mulierem

168 5521 289 5595 iuvenis
304 5529 559 5593 excellentissimas
573 5541 741 5616 probitatis,
752 5561 859 5604 omnes
873 5547 1005 5622 comple·
1059 5552 1171 5611 nelarie
1187 5556 1244 5613 sibi
1262 5558 1562 5632 copulavituxorem.
1593 5564 1636 5621 llli
1660 5582 1722 5624 non
1735 5567 1835 5626 solum
1848 5585 1896 5626 sa-

171 5615 264 5685 cuns,
278 5631 386 5678 omnes
399 5619 537 5696 diligens,
552 5629 670 5688 nullum
684 5633 864 5708 despiciens,
875 5634 1000 5702 dilectus
1058 5639 1095 5704 tis
1108 5643 1162 5701 luit
1174 5644 1205 5701 in
1221 5645 1378 5706 mulierem
1399 5664 1554 5725 peccasse,
1581 5653 1636 5712 sed
1646 5655 1751 5718 motu
1771 5657 1830 5716 viri
1843 5659 1892 5716 in·
