3998 6176
116 149 167 203 313
474 141 476 146 ’
706 147 913 208 reseratus
932 141 1070 205 CONTRA
1088 145 1239 204 JUDAEOS.
1774 147 1827 203 3ι4

116 271 166 324 εει
179 271 335 326 creatum:
351 267 477 343 proinde
489 269 571 342 quod
592 274 645 344 est,
675 273 700 330 si
722 277 857 331 creatura
880 288 943 330 non
958 275 981 330 Α
999 269 1195 343 periculosius
1210 270 1269 328 lere
1284 271 1322 326 de
1334 271 1381 326 his
1394 269 1478 346 quod
1496 267 1666 326 Trinitatem
1687 284 1830 341 persone·

115 360 166 423 est,
183 357 304 413 &sator
316 361 369 413 εει.
387 359 462 414 Cum
486 372 558 430 ergo
585 359 718 418 Christus
745 362 779 418 sit
807 363 857 418 Dei
879 362 947 418 bra·
999 376 1067 416 rum
1079 360 1109 416 in
1122 359 1234 415 unitate
1249 359 1410 416 divinitatis
1422 375 1483 415 non
1498 363 1674 430 agnoscunt,
1695 362 1724 414 et
1743 357 1827 431 quod

114 444 228 513 chium,
243 446 325 519 quod
342 450 478 503 creatura
493 463 555 505 non
570 453 624 518 est,
641 449 705 508 sine
719 451 814 509 dubio
829 453 948 510 Creator
1001 447 1148 505 Christum
1162 451 1256 504 ileum
1271 463 1336 504 esse
1361 451 1482 518 negant,
1512 447 1559 502 vel
1582 445 1665 520 quod
1690 446 1827 502 nondum

112 539 166 590 εει.
190 537 265 592 ltem
276 535 356 592 lilius
371 535 598 609 naturalique
608 555 735 598 numero
750 541 849 598 differt
863 559 880 598 a
895 545 946 598 Pa·
999 538 1116 594 venisse
1131 538 1242 595 dicunt.
1257 537 1308 604 Qui
1323 541 1423 594 tamen
1440 536 1477 592 de
1491 536 1548 594 hoc
1564 536 1668 593 ultinm
1693 536 1755 594 sive
1773 541 1828 593 ter·
1917 525 1922 538 '

112 629 153 680 tre
168 639 227 680 suo
237 624 383 698 quomam
397 625 470 682 alter
483 631 537 699 est,
550 629 679 686 naturali
689 635 791 696 tamen
801 629 946 687 definitio·
1000 627 1041 683 tio
1056 643 1107 684 eos
1119 627 1334 685 rationabiliter
1348 626 1545 698 convinceret,
1572 629 1644 699 puto
1668 625 1752 700 quod
1766 641 1827 682 non

110 729 147 768 ne
161 713 242 770 Patri
257 729 313 770 suo
328 729 421 770 unum
437 714 577 789 idemque
591 722 688 774 estat
696 719 828 776 Christus
840 719 890 776 llei
900 719 946 775 Fi·
998 716 1222 790 habeatpostea
1239 715 1365 773 multum
1378 715 1517 772 laborare
1532 714 1569 772 de
1584 715 1706 771 certeris.
1723 715 1829 772 Proba·

109 800 166 856 lius
181 801 329 859 naturalis
339 807 392 868 est,
410 803 544 860 Christus
558 804 736 876 igitnridem
756 807 839 880 quod
851 810 945 877 Pater,
1000 809 1030 862 to
1040 805 1120 862 enim
1135 805 1206 879 quia
1220 806 1302 862 venit
1316 803 1460 871 Christus,
1476 803 1540 878 ipse
1560 805 1667 878 poterit
1688 804 1828 877 deinceps

109 888 138 944 id
153 893 201 947 est
216 891 295 946 lteus
308 893 360 947 est.
378 890 481 966 Liquet
507 891 597 962 igitur
625 895 773 952 Christum
799 896 872 969 quia
896 897 946 953 Dei
998 894 1137 951 intimare
1152 894 1295 968 quaerenti
1309 893 1422 962 ludeo,
1437 892 1512 968 quid
1527 893 1636 950 sendra
1655 893 1692 948 de
1716 893 1828 949 caeteris

108 979 272 1036 brachium
287 983 332 1036 est
344 979 505 1038 hominum
521 997 595 1050 esse,
606 987 635 1041 ει
648 984 721 1058 quia
734 986 783 1042 ltei
805 985 890 1042 lilius
903 989 946 1042 est
999 982 1045 1040 vel
1057 983 1130 1056 quid
1144 983 1240 1040 iacere
1252 983 1369 1040 debeat.
1385 985 1451 1040 tam
1466 997 1537 1054 ergo
1550 981 1738 1056 incipiamus.

110 1083 177 1124 esse
210 1071 316 1125 ileum.
342 1071 448 1127 Praeter
468 1071 533 1127 haec
560 1072 689 1146 denique
715 1078 784 1131 sunt
806 1075 946 1132 subcinia
1036 1072 1184 1130 Christum
1211 1072 1328 1128 venisse
1355 1071 1465 1144 prohat
1500 1071 1623 1144 impleta
1659 1069 1828 1144 prophetia,
1869 1103 1872 1111 ι

108 1156 255 1230 quasdam
270 1158 307 1214 de
323 1159 429 1216 christi
444 1159 598 1218 divinitate
613 1163 654 1220 sic
666 1169 780 1236 apertu,
802 1169 834 1221 ut
854 1165 885 1221 in
897 1181 946 1222 eo·
999 1176 1094 1233 quarn
1108 1161 1267 1234 scripserat
1281 1163 1394 1233 Moyses
1409 1159 1440 1215 in
1455 1160 1519 1216 hese
1533 1159 1627 1216 verba
1642 1175 1649 1214 :
1664 1160 1731 1215 Non
1745 1159 1829 1230 cuse-

109 1263 177 1302 rum
195 1251 323 1305 tractatu
338 1264 400 1305 non
417 1249 456 1306 sit
471 1265 548 1323 opus
564 1253 606 1307 uti
617 1253 852 1312 ratiocinatione.
869 1256 946 1321 Quo·
1000 1256 1085 1307 retur
1093 1256 1242 1320 sceptrum
1258 1251 1294 1308 cte
1307 1250 1388 1306 Judu
1404 1254 1431 1305 et
1442 1249 1507 1306 dun
1518 1250 1554 1305 de
1566 1249 1679 1319 femore
1693 1251 1768 1319 ejus,
1779 1247 1829 1304 do-

108 1335 191 1392 niam
210 1336 364 1393 evidenter
378 1337 463 1394 illum
477 1338 545 1411 ipso
561 1340 683 1398 nomine
706 1343 866 1400 Dominum
885 1343 945 1400 cla·
1000 1341 1163 1397 rtecvenict
1174 1341 1227 1412 qui
1238 1339 1400 1396 mittendus
1414 1344 1466 1406 εει,
1485 1343 1512 1395 et
1526 1339 1588 1408 ipse
1602 1338 1657 1394 erit
1679 1342 1830 1406 exspecta-

108 1429 195 1482 mant
211 1441 283 1482 eum
298 1425 439 1483 laudibus
457 1429 515 1484 lteo
531 1428 791 1503 dignis,quamvis
805 1447 866 1489 non
882 1433 946 1489 sine
1000 1431 1040 1485 tio
1050 1431 1194 1500 gentium.
1209 1431 1272 1484 Non
1288 1427 1425 1484 ostentm
1440 1426 1573 1483 ablatum
1585 1425 1719 1496 regimen
1733 1423 1828 1480 tribus

109 1516 400 1572 commemoratione
414 1515 609 1575 humanitatis
625 1519 768 1593 ejusque
780 1521 814 1578 fit
824 1526 857 1578 ut
868 1526 945 1580 Dens
998 1517 1075 1574 luda
1089 1517 1127 1573 de
1141 1533 1236 1574 manu
1250 1518 1295 1573 sui
1311 1516 1427 1588 generis
1441 1521 1468 1572 et
1481 1513 1696 1588 transpositum
1716 1513 1747 1569 in
1766 1528 1829 1570 ma·

108 1621 211 1672 verus,
224 1607 255 1661 et
270 1605 363 1661 homo
379 1606 467 1662 simul
482 1623 547 1665 esse
560 1609 706 1666 credatur.
733 1613 772 1667 lte
787 1611 899 1685 quibus
913 1611 944 1668 il·
964 1625 1056 1686 gnus
1069 1623 1177 1679 regum
1189 1606 1424 1678 alienigenarum
1435 1620 1531 1678 usque
1546 1604 1585 1660 ad
1596 1603 1759 1660 adventum
1775 1605 1829 1659 lto-

107 1691 160 1749 ltld
172 1691 352 1749 Davidicum
369 1694 478 1756 :Sedes
494 1701 557 1764 tua,
574 1698 663 1766 Deus,
688 1699 719 1754 in
733 1701 876 1756 secutum
890 1716 945 1756 sse-
999 1697 1072 1754 mini
1100 1695 1193 1754 nostri
1220 1699 1289 1752 lesu
1315 1695 1442 1763 Christi,
1477 1710 1569 1766 quem
1595 1708 1651 1750 nos
1690 1691 1828 1748 catholici

108 1783 222 1853 enitet
235 1787 344 1840 εεειεεε
357 1783 452 1855 (Ρεαι.
466 1802 544 1854 xnrv,
560 1787 599 1860 t).
615 1789 649 1843 Et
663 1787 736 1844 illud
753 1790 835 1846 lsaire
853 1791 946 1846 :Pcr-
999 1785 1155 1845 Christiani
1170 1785 1377 1858 suscepimus;
1404 1789 1450 1840 est
1472 1787 1572 1840 autem
1591 1798 1628 1838 ex
1642 1787 1713 1838 tunc
1725 1795 1828 1837 revera

109 1874 202 1928 unlus
216 1878 307 1931 notus
327 1879 369 1930 est
394 1875 489 1944 nobis,
511 1877 594 1944 filius
614 1877 704 1935 deltis
729 1885 772 1936 est
798 1880 892 1948 ncta,
917 1887 945 1937 et
999 1876 1133 1934 ablatum
1163 1879 1315 1949 sceptrum
1344 1873 1382 1930 de
1408 1873 1494 1941 tuda,
1517 1875 1546 1929 et
1568 1871 1781 1944 transpositum
1797 1870 1827 1926 in

110 1963 269 2018 uocoth
289 1977 397 2020 nomen
421 1966 486 2035 ejus
509 1965 716 2036 admirabilis,
734 1969 943 2039 consiliarius,
998 1983 1108 2024 manus
1133 1972 1290 2022 extraneas
1317 1963 1454 2035 ejusdem
1487 1961 1606 2018 Domini
1633 1959 1727 2016 nostri
1759 1962 1829 2015 lesu

107 2052 190 2108 Deus
203 2052 305 2122 fortis,
320 2054 415 2110 Pater
428 2054 529 2124 futuri
542 2057 655 2129 sacnti,
678 2059 824 2129 Princeps
832 2062 919 2129 puris
934 2077 945 2117 :
1000 2054 1116 2113 Christi.
1133 2057 1174 2110 Ex
1188 2057 1259 2111 tunc
1274 2053 1363 2124 igitur
1378 2050 1551 2109 auctoritate
1574 2048 1750 2124 prophetica
1777 2063 1829 2120 pa-

108 2141 369 2212 muttiplr'cobitur
379 2146 444 2213 ejus
459 2145 617 2215 imperium
632 2153 659 2204 et
670 2149 757 2217 ports
772 2165 832 2205 non
845 2151 903 2205 erit
909 2152 945 2221 fi·
1000 2149 1039 2201 tet
1053 2144 1170 2200 venisse
1182 2142 1266 2198 illum
1280 2141 1333 2215 qui
1351 2141 1513 2197 mittendus
1528 2143 1600 2207 erat,
1626 2137 1658 2194 id
1683 2141 1728 2193 est
1750 2135 1829 2194 Chri·

108 2231 154 2286 urs
170 2230 243 2302 (Iso.
260 2247 300 2300 rx,
315 2231 353 2302 t).
374 2231 427 2288 Ubi
453 2231 483 2288 in
509 2233 556 2289 his
578 2235 677 2291 verbis
704 2237 784 2292 isaie
809 2239 945 2295 cavenda
999 2238 1088 2290 stum.
1106 2235 1177 2289 Ecce
1192 2230 1429 2306 propositionem
1443 2235 1578 2284 nostram
1597 2226 1746 2284 succincte
1758 2227 1831 2281 εοε-Δ

107 2325 153 2374 εει
167 2317 248 2374 laisa
260 2318 433 2376 tudaeorum
448 2320 661 2395 interpretatio,
684 2340 746 2397 qua
770 2325 944 2384 vaticinium
998 2324 1160 2390 clusimus;
1177 2338 1257 2378 nnnc
1271 2321 1309 2378 ad
1321 2318 1573 2395 approbationem
1593 2317 1687 2392 ipsius
1711 2315 1828 2374 histori-

106 2406 190 2464 istud
202 2407 245 2464 ad
259 2407 387 2465 lizeohiae
406 2423 517 2466 nomen
534 2411 945 2488 inllecterelahorant,quan-
999 2429 1066 2470 cam
1081 2415 1235 2469 veritatem
1248 2411 1377 2467 breviter
1398 2409 1590 2479 attingamus.
1618 2411 1829 2464 Demonstran-

108 2497 148 2554 do
160 2513 235 2552 curn
251 2496 424 2554 Christianis
437 2497 623 2572 simplicibus
648 2501 828 2558 altercantur
844 2520 850 2558 :
866 2502 944 2560 falsa
998 2505 1043 2558 tes
1057 2502 1162 2576 quales
1176 2502 1348 2558 ludaeorum
1363 2500 1494 2573 populus
1508 2499 1546 2555 de
1568 2513 1675 2568 genere
1695 2513 1750 2553 suo
1768 2511 1829 2552 rec·

108 2590 200 2656 certe,
216 2585 361 2658 quianon
374 2587 502 2644 babetur
517 2590 663 2662 scriptum
686 2590 716 2646 in
741 2591 894 2658 ltebrnico,
916 2595 945 2648 ει
999 2597 1077 2648 ιοεεε
1099 2590 1248 2660 habuerit,
1264 2589 1389 2662 quando
1402 2588 1543 2656 amiserit,
1558 2591 1587 2643 ει
1600 2585 1756 2659 quomodo
1771 2584 1828 2640 sibi

107 2673 269 2731 vocabitur
280 2689 390 2732 nomen
404 2677 469 2748 ejus
484 2679 631 2746 Ezechias,
645 2679 945 2753 quodinterpretatur
999 2679 1109 2736 ablatio
1124 2678 1276 2750 regiminis
1290 2683 1319 2734 et
1337 2677 1483 2734 adventus
1494 2674 1604 2732 llessies
1626 2671 1829 2730 concurrerint

105 2765 201 2836 [ortes
215 2765 347 2832 Domini,
362 2766 414 2822 sed
428 2767 586 2824 vocabitur
604 2785 717 2826 nomen
739 2771 804 2842 eius
818 2770 943 2842 Elgiber,
998 2769 1027 2826 in
1043 2768 1150 2826 diebus
1165 2767 1298 2824 llerodis.
1316 2767 1406 2837 lgitur
1418 2771 1487 2839 post
1499 2768 1630 2837 Moysen,
1640 2762 1692 2835 qui
1703 2761 1830 2835 propbe-

106 2855 193 2929 quod
206 2856 418 2930 interpretatur
443 2860 522 2915 Deus
548 2860 648 2930 sortis,
673 2861 757 2934 quod
778 2878 900 2934 nomen,
914 2861 943 2918 id
999 2858 1072 2915 dem
1087 2859 1166 2914 hanc
1181 2855 1313 2931 protulit,
1342 2861 1369 2912 et
1393 2859 1494 2912 iesum
1520 2867 1722 2910 successorem
1752 2851 1828 2923 ejus,

106 2950 154 3000 est
170 2945 224 3012 et,
242 2944 297 3000 soli
312 2948 371 3002 [teo
387 2947 537 3019 convenit,
552 2952 581 3004 et
593 2964 654 3006 non
672 2951 810 3019 Ezechiae,
827 2951 875 3007 cui
889 2967 945 3008 nec
960 2987 980 3042 C
998 2953 1127 3005 rectores
1141 2947 1247 3003 habuit
1259 2945 1389 3020 populus
1401 2944 1543 3001 iudaicus
1566 2941 1604 2998 de
1628 2957 1735 3016 genere
1762 2956 1827 3003 suo,

106 3039 219 3091 cetera
233 3050 302 3107 quac
314 3040 480 3109 sequuntur
503 3039 662 3094 convenire
690 3045 827 3113 possunt.
854 3043 944 3097 esere-
999 3039 1051 3111 qui
1061 3037 1177 3109 judices
1194 3036 1333 3109 appellati
1359 3039 1437 3103 sunt,
1454 3050 1550 3106 usque
1575 3033 1613 3090 acl
1635 3039 1754 3106 tempus
1776 3032 1829 3088 Sa-

106 3140 176 3180 rum
191 3123 225 3180 in
239 3124 370 3181 rabcino
385 3124 488 3193 David,
505 3126 594 3183 simul
609 3144 680 3184 curn
695 3128 848 3186 divinitate
865 3131 945 3187 Chri·
1000 3127 1107 3183 maelis
1120 3126 1284 3200 propheta.
1302 3124 1412 3181 Deinde
1431 3123 1483 3196 qui
1495 3138 1580 3193 reges
1593 3121 1732 3194 appellati
1749 3123 1829 3186 sunt,

108 3213 156 3282 sti,
173 3211 336 3283 diligenter
348 3214 531 3272 attendenda
545 3219 590 3272 εει
607 3216 758 3274 distinctio
782 3219 887 3282 Patris,
904 3219 946 3275 Pi·
1000 3215 1134 3272 similiter
1148 3214 1185 3270 de
1201 3229 1309 3284 genere
1325 3229 1389 3281 suo,
1405 3213 1535 3278 Saulem,
1563 3209 1656 3266 David
1680 3213 1709 3265 et
1728 3207 1830 3281 plures

106 3301 137 3359 lii
150 3307 182 3358 et
196 3301 324 3375 Spiritus
339 3303 445 3360 seced.
462 3305 536 3360 Cum
552 3305 633 3361 enirn
647 3305 771 3363 dicitur:
783 3307 870 3364 Sedes
880 3313 944 3380 tue,
1000 3306 1197 3378 otiosusque
1216 3304 1256 3361 ad
1282 3301 1575 3372 transmigrationem
1602 3297 1773 3371 Babylonis.
1797 3301 1830 3354 ln

108 3395 199 3462 Deua,
216 3394 248 3448 tn
268 3395 412 3450 secutum
426 3395 530 3450 saculi
545 3412 552 3450 :
567 3397 656 3467 uirgo
669 3396 843 3454 directionis
858 3382 953 3469 virgo¹
999 3397 1064 3470 ipsa
1079 3411 1201 3469 quoque
1215 3391 1477 3462 transmigratione
1492 3406 1553 3447 non
1565 3388 1725 3446 defuerunt
1738 3386 1778 3443 tlh
1792 3385 1830 3442 de

109 3483 196 3552 regni
209 3483 265 3538 tui.
282 3483 424 3539 Dttcurstr'
437 3484 591 3553 justitium
605 3489 632 3540 et
647 3485 738 3541 odisti
756 3486 944 3558 iniquitatem
999 3499 1107 3554 genere
1122 3499 1177 3539 suo
1192 3485 1320 3539 rectores
1348 3487 1376 3539 et
1399 3480 1602 3539 consolatores
1621 3481 1680 3534 Deo
1696 3475 1786 3550 pleni,
1802 3479 1831 3531 et

109 3571 204 3642 (Psct.
221 3587 298 3640 xciv,
312 3577 340 3638 7,
355 3572 394 3644 8),
410 3571 449 3627 ad
463 3571 568 3628 Filium
583 3572 701 3630 Domini
711 3573 853 3648 loquitur.
869 3577 944 3632 Cum
999 3573 1071 3646 ipsis
1084 3571 1207 3641 regibus
1221 3569 1453 3638 excellentiores,
1475 3569 1550 3626 sicut
1572 3566 1714 3626 ieremias
1735 3569 1765 3621 et
1778 3567 1833 3622 lla·

109 3660 178 3718 dicit
194 3677 201 3714 :
218 3661 384 3730 Propterea
395 3663 484 3718 nunti
495 3667 524 3719 te
536 3663 624 3731 Deus,
652 3664 731 3720 Deus
756 3668 824 3721 tuus
843 3665 944 3737 (thid,
1000 3661 1059 3717 niel
1074 3659 1238 3735 prophetoe.
1268 3661 1335 3715 Post
1349 3658 1478 3714 reditum
1494 3658 1531 3714 de
1547 3656 1697 3730 Babylone
1712 3654 1833 3711 luerunt

110 3751 146 3822 8),
161 3749 201 3805 de
216 3751 278 3806 lteo
296 3753 379 3806 Patre
405 3749 545 3824 loquitur.
575 3754 649 3809 Cum
677 3768 749 3809 vero
777 3753 943 3825 subjungit,
999 3750 1232 3807 illisimilitertle
1248 3763 1356 3819 genere
1371 3764 1426 3804 suc
1448 3747 1526 3804 hene
1548 3746 1736 3818 disciplinata
1758 3742 1833 3814 regi·

111 3841 173 3897 oteo
188 3841 426 3913 taediantis),
456 3841 597 3914 Spiritum
621 3847 760 3899 sanctum
786 3843 944 3914 significat,
1002 3841 1085 3896 mina
1113 3838 1301 3912 pontificum,
1327 3852 1423 3909 usque
1449 3836 1487 3892 ad
1515 3833 1674 3890 aristobuli
1702 3839 1831 3904 tempus,

113 3928 309 3985 nihilominus
325 3933 430 4001 Deum,
445 3934 477 3987 ut
488 3930 554 3987 loco
574 3947 629 3988 suo
641 3932 907 3990 demonstrabitur.
1002 3929 1054 4002 qui
1079 3927 1212 4000 pontifex
1237 3925 1352 3982 tudaici
1375 3925 1480 3998 populi
1505 3922 1639 3979 similiter
1664 3921 1701 3976 de
1724 3934 1833 3990 genere

149 4017 196 4072 lll.
224 4019 329 4087 llagna
356 4017 505 4074 dissensio
528 4023 572 4076 est
595 4021 671 4076 inter
693 4019 772 4077 filios
787 4022 946 4078 hominum
1003 4023 1164 4074 suoetrex
1178 4015 1301 4073 ultimus
1316 4013 1380 4070 luit.
1409 4016 1490 4068 llnne
1512 4015 1612 4068 autem
1627 4007 1833 4065 aristobulum

111 4121 182 4162 cum
196 4105 234 4162 de
250 4106 353 4162 multis
366 4107 441 4178 aliis,
457 4113 520 4164 tum
536 4108 627 4165 etiam
651 4108 689 4164 de
709 4107 895 4166 confessione
913 4109 947 4166 fi·
1001 4110 1175 4180 expugnata
1189 4103 1393 4176 llierosolymn
1412 4099 1543 4157 vinctum
1566 4115 1636 4156 cum
1656 4097 1758 4154 liberis
1779 4099 1834 4153 lto-

111 4195 167 4252 dei.
186 4195 274 4261 uuod
291 4195 395 4253 ridens
414 4197 574 4272 Apostolus
590 4197 730 4255 dicebat:
753 4199 815 4254 Nos
837 4199 947 4269 pradi—
1002 4212 1086 4252 mam
1107 4194 1187 4251 misit
1210 4191 1367 4265 Pompeius
1392 4193 1596 4247 Romanorum
1618 4188 1690 4256 dux,
1707 4187 1833 4244 llircano

111 4300 215 4341 cumas
230 4283 386 4342 Christum
401 4287 592 4357 crucifiuum,
607 4286 720 4344 rudeis
732 4286 850 4359 quidem
865 4303 947 4346 scun-
1003 4284 1085 4341 iratri
1096 4285 1162 4355 ejus
1177 4280 1386 4356 pontificatum
1405 4279 1587 4352 relinquens.
1614 4279 1740 4335 Omnem
1763 4290 1834 4333 vero

111 4373 229 4444 dotum,
242 4375 381 4444 gentibus
396 4383 495 4433 autem
508 4378 680 4447 stultitiam,
701 4379 773 4447 ipsa
787 4383 886 4434 nutem
900 4393 948 4434 uo·
1002 4373 1174 4430 iudeorum
1186 4375 1305 4443 gentem
1317 4369 1440 4426 ulbmus
1450 4366 1584 4442 pontifex
1603 4383 1656 4440 per
1668 4365 1835 4437 legitimam

113 4467 188 4522 entis
201 4464 318 4520 rudeis
333 4470 423 4538 utque
439 4467 550 4523 Graecis
564 4467 769 4524 Detuirtutem
784 4474 813 4524 et
826 4469 882 4525 Dei
899 4484 948 4526 so·
1005 4461 1225 4518 successionem
1250 4459 1366 4531 generis
1393 4458 1454 4515 luit.
1497 4456 1626 4514 llerodes
1654 4454 1770 4528 primus
1797 4467 1835 4508 ex

111 4555 260 4623 pr'ente'cm
275 4554 305 4622 (l
313 4554 381 4611 Cor.
399 4571 417 4622 r,
433 4559 477 4622 23,
493 4555 549 4628 nt).
566 4559 631 4612 Non
641 4555 739 4613 solum
760 4562 861 4614 autom
876 4559 950 4614 Gen·
1005 4551 1103 4608 abeno
1125 4565 1232 4622 genere
1254 4564 1304 4605 rex
1319 4547 1491 4605 Judaeorum
1503 4545 1600 4602 iactus
1621 4547 1666 4600 est
1679 4557 1733 4617 per
1747 4554 1834 4595 sena-

114 4641 178 4698 tiles
194 4647 225 4698 ει
238 4642 345 4711 Judaei,
361 4643 413 4700 sed
424 4649 452 4701 et
465 4644 523 4717 ipsi
544 4643 666 4718 quidem
681 4645 734 4718 qui
757 4663 788 4702 se
810 4645 949 4704 Christia-
1004 4638 1233 4708 tusconsultnm,
1247 4638 1414 4711 imperante
1433 4642 1575 4706 augusto.
1607 4633 1671 4699 Quo
1699 4635 1835 4700 tempore

114 4746 169 4787 nos
181 4729 330 4805 appellari
343 4732 458 4804 volunt,
475 4732 600 4790 nimiam
615 4734 729 4791 habent
743 4735 819 4791 inter
838 4751 869 4791 se
896 4733 950 4791 dil·
1006 4729 1138 4787 Christus
1152 4726 1320 4784 secundum
1334 4724 1498 4798 prophetiae
1511 4722 1603 4778 fidem
1613 4719 1644 4776 in
1664 4714 1835 4774 Bethlehem

114 4821 283 4878 larentiam.
301 4823 375 4878 Cum
388 4821 438 4879 alii
452 4839 557 4880 eorum
571 4823 707 4881 catholici
723 4824 792 4892 sint,
802 4823 952 4880 aliihaere·
1005 4823 1094 4874 natus
1109 4820 1161 4873 est.
1178 4819 1326 4872 llactmms
1336 4827 1418 4883 ergo,
1433 4810 1530 4878 idest,
1543 4823 1639 4882 usque
1656 4805 1695 4862 ad
1707 4815 1836 4873 regnum

116 4911 165 4967 tici
180 4909 285 4968 multis
301 4911 409 4968 modis.
436 4915 497 4985 Ego
515 4929 587 4970 vero
602 4913 766 4978 Fulbertus,
794 4913 846 4986 qui
869 4929 951 4987 pono
1007 4905 1128 4962 llerodis
1154 4909 1182 4961 et
1196 4919 1257 4960 non
1282 4907 1397 4976 postea,
1426 4903 1553 4956 rectores
1579 4895 1685 4952 habuit
1705 4892 1836 4962 legitime

114 4999 197 5066 talia,
214 4999 285 5056 lieet
299 5005 439 5074 peccator
450 5005 479 5058 et
490 5001 632 5072 indignus
647 5002 817 5076 episcopus,
838 5006 949 5070 tamem
1006 4994 1137 5069 populus
1160 4993 1302 5050 iudaicus
1316 4992 1353 5047 de
1369 5004 1476 5060 genere
1496 5001 1550 5041 suo
1567 5002 1573 5039 :
1589 4999 1683 5054 regno
1703 4996 1836 5054 namque

112 5089 187 5161 quia
202 5087 320 5146 vclflde
334 5089 516 5148 catholicum
540 5106 678 5148 maesse
703 5090 951 5164 desiderentque
1005 5085 1180 5141 ludaeorum
1208 5081 1346 5154 disrupto
1372 5085 1461 5151 atque
1487 5076 1613 5141 mutata,
1635 5071 1837 5130 sacerdotium

114 5175 269 5248 profiteor,
284 5178 380 5248 gratia
396 5178 446 5235 llei
461 5180 529 5236 volo
543 5178 619 5248 aliis,
644 5179 755 5253 quihus
779 5183 894 5252 potera,
913 5179 951 5234 de
1006 5189 1128 5248 quoque
1152 5172 1323 5243 disruptum
1347 5174 1436 5240 atque
1458 5168 1606 5221 mutatum
1630 5167 1683 5219 est.
1707 5159 1837 5218 llcrodes

117 5281 186 5322 mea
199 5265 262 5322 fide
277 5271 371 5323 etsuc
385 5283 484 5324 errore
497 5267 631 5341 aliquam
651 5267 873 5342 portiunculam
888 5267 953 5324 red·
1006 5261 1087 5318 enim
1113 5263 1274 5332 postquam
1303 5271 1431 5328 regnum
1460 5253 1633 5310 ludaeorum
1655 5267 1674 5308 a
1693 5249 1836 5308 Romanis

116 5354 186 5410 dere
200 5354 327 5412 rationis
342 5356 407 5426 ejus
424 5372 492 5429 quae
505 5356 536 5412 in
552 5373 600 5413 me
615 5357 686 5414 satis
699 5361 744 5414 εει
768 5361 797 5412 ει
820 5355 950 5428 copiose.
1007 5348 1132 5422 accepit,
1146 5348 1270 5421 antiquo
1282 5347 1360 5418 jure,
1376 5346 1498 5410 honest,
1512 5358 1566 5418 per
1581 5342 1744 5413 legitimam
1771 5355 1838 5396 suc·

117 5445 148 5500 Et
162 5444 298 5517 primum
314 5444 439 5518 quidem
453 5445 574 5503 iudaeis.
591 5447 627 5503 Hi
641 5461 713 5517 ergo
727 5445 815 5502 nobis
829 5460 953 5501 consen·
1008 5439 1178 5498 cessionem
1202 5436 1318 5507 generis
1344 5450 1405 5491 non
1444 5432 1642 5490 constituebat
1670 5427 1836 5504 pontificos,

117 5531 168 5588 tire
181 5532 290 5589 dicunt
303 5531 334 5589 in
349 5533 408 5588 hoo
438 5547 445 5588 r
473 5551 568 5591 unum
591 5535 685 5591 Deum
701 5533 953 5590 confitemurom·
1010 5529 1062 5586 sed
1077 5526 1246 5603 promiscue
1269 5525 1441 5599 quibusque
1462 5519 1646 5593 ignobilibus
1672 5515 1838 5575 sacerdotia

114 5621 202 5678 mum
216 5621 389 5678 Creatorem
404 5633 411 5689 t
427 5617 606 5682 dimembrat
615 5625 717 5680 autem
727 5622 764 5680 de
776 5621 888 5690 multis,
898 5618 952 5676 scd
1010 5613 1253 5691 promittebat-ad
1261 5618 1390 5686 tempus.
1404 5615 1493 5670 Sacra
1501 5623 1623 5682 quoque
1634 5611 1716 5663 veste
1727 5618 1839 5658 summ*
