3984 6182
94 160 144 215 ns
442 141 444 145 ’
574 162 619 216 nr
638 159 822 218 armenus
841 157 870 214 s.
890 151 1102 212 nmanmnu
1127 153 1218 210 unm
1236 155 1319 210 ouo.
1748 165 1802 220 scs

91 281 177 355 lium,
192 285 317 354 portans
331 299 450 340 mecum
465 283 496 340 in
509 282 609 339 libello
625 269 679 340 suo
695 289 833 340 sanctum
854 283 919 336 Em·
937 274 1102 336 amelacta
1115 280 1143 333 et
1154 276 1290 334 interitus
1306 281 1397 350 puteo
1412 277 1517 348 ejecta,
1527 283 1692 354 renatabat,
1707 287 1802 344 nemi-

91 386 306 439 merammum,
322 373 374 447 qui
400 390 488 430 snum
514 372 676 430 mavoluit
699 390 764 430 esse
789 386 919 428 servum.
975 380 1012 421 ne
1034 365 1171 438 ducente,
1186 369 1281 425 immo
1306 366 1433 424 ltomiuo
1460 373 1590 438 regente.
1612 370 1690 428 Tum
1713 393 1802 434 cursu

92 459 134 516 lbi
159 459 331 516 simulando
357 477 405 517 me
431 461 504 516 scire
529 461 613 535 quod
639 461 752 534 nescio,
767 457 920 530 lleginfre-
974 461 1150 528 prosperato
1174 458 1258 514 tertia
1285 457 1333 514 die
1356 457 1529 514 advehebar
1547 459 1708 516 Pannoniis
1728 466 1799 524 solo.

92 548 176 616 dum,
194 549 508 623 parthenopolitanum
519 550 709 621 magistrum,
722 548 859 624 pauculis
871 548 922 604 be·
975 545 1039 608 Qua
1057 561 1105 601 me
1120 547 1294 604 Anastasius
1309 546 1555 620 archiepiscopus
1569 549 1626 620 (43)
1640 551 1742 606 ceteris
1758 570 1805 608 su·

93 635 205 693 neliciis
220 636 325 709 paravi
348 637 422 694 mihi
435 638 577 695 amicum.
596 641 680 696 Hunc
695 640 769 695 dum
784 637 920 696 audirem
976 633 1070 706 saepit
1081 633 1242 693 humanius
1257 641 1286 693 et
1298 635 1407 694 affatur
1419 635 1605 693 familiarius.
1620 641 1646 692 ts
1658 653 1728 694 cum
1738 639 1807 698 bea-

94 725 262 798 frequenter
275 725 428 798 disputare
442 728 599 801 sapienter,
612 729 748 785 mirabar
761 729 826 798 ejus
841 727 920 797 inge·
975 721 996 778 ti
1012 725 1226 781 Emmerammi
1239 733 1370 784 veterem
1383 725 1468 782 illum
1487 730 1516 782 et
1530 725 1673 784 viciatum
1696 727 1808 799 legeret

94 813 196 882 nium;
222 831 258 870 ex
283 830 344 888 quo
370 820 400 872 et
422 816 487 890 ipse
513 818 637 888 agnovit
656 834 758 874 meum
775 815 919 873 studium.
975 811 1097 883 librum,
1113 813 1270 871 materiam
1284 815 1424 888 probavit
1438 817 1448 852 ⁷
1463 833 1532 874 cum
1553 818 1725 888 sententiis;
1752 820 1806 878 sad

94 907 172 960 inter
184 903 344 961 familiares
359 909 459 962 autem
472 906 807 964 consermociniatioues
821 905 922 962 stilum
974 901 1084 957 harum
1106 901 1212 960 seriem
1227 920 1296 960 cum
1310 909 1390 960 veste
1404 906 1594 978 reprehendit
1612 907 1744 981 pendere
1759 925 1805 968 ra·

94 993 159 1064 ejus
174 1009 354 1064 agnoscens,
369 999 397 1051 et
417 996 608 1069 propositum
630 995 725 1052 fixum
753 994 855 1051 animo
879 995 921 1048 te·
977 989 1073 1046 tionis.
1088 990 1177 1064 Apud
1200 1007 1291 1066 quem
1315 1008 1367 1050 sex
1387 993 1574 1052 ebdomadas
1588 1013 1727 1068 manens,
1744 1015 1806 1056 me·

94 1096 179 1150 nens,
193 1081 343 1154 postulavi
358 1083 398 1140 ab
413 1099 459 1153 eo,
474 1100 536 1159 quo
560 1099 616 1158 pro
641 1084 766 1157 pignore
785 1079 921 1139 amicitie
974 1079 1080 1136 morioe
1106 1081 1289 1138 sanctissimi
1302 1083 1422 1155 patroni
1440 1084 1620 1158 antiphonas
1633 1087 1803 1161 aliquantas

94 1186 206 1226 novum
232 1178 359 1243 patrono
383 1176 486 1228 nostro
512 1171 623 1228 librum
649 1174 751 1228 minus
770 1169 923 1244 pigritaret
975 1185 1046 1226 cum
1060 1170 1258 1245 responsoriis
1276 1173 1433 1245 composui
1448 1173 1532 1246 (144),
1546 1192 1608 1232 non
1632 1180 1695 1234 tam
1714 1177 1804 1237 fretus

96 1259 212 1316 cudere.
228 1261 315 1326 Quod
330 1277 400 1317 cum
426 1261 473 1317 ille
497 1265 666 1332 rennueret,
680 1260 770 1335 quasi
784 1276 845 1315 suae
859 1273 921 1314 non
975 1258 1107 1330 ingenio,
1123 1277 1217 1334 quam
1244 1261 1345 1319 dedito
1368 1263 1509 1320 laudibus
1537 1265 1666 1322 martiris
1692 1269 1803 1326 animo.

96 1353 172 1404 esset
184 1349 400 1422 possibilitatis,
416 1354 513 1421 elego
528 1365 713 1424 opponerem
726 1348 862 1406 debitum
874 1363 922 1404 ca·
976 1349 1036 1406 Has
1051 1347 1183 1421 prefatus
1198 1349 1358 1423 episcopus
1371 1351 1538 1408 monachos
1553 1357 1581 1408 et
1599 1352 1721 1411 clericos
1736 1372 1806 1413 suos

95 1436 197 1508 ritatis,
219 1437 283 1511 ipse
309 1454 381 1494 vero
407 1439 516 1510 majori
545 1439 737 1496 excusatione
761 1437 869 1494 nostris
891 1435 922 1491 id
977 1436 1044 1493 feeit
1057 1435 1182 1504 discere,
1199 1442 1227 1494 et
1240 1438 1272 1494 in
1294 1439 1421 1496 ecclesia
1447 1440 1494 1496 die
1517 1440 1614 1514 ipsius
1640 1443 1731 1500 natali
1753 1460 1807 1517 pu·

95 1525 200 1582 melius
226 1531 372 1584 assereret
394 1529 564 1597 convenire,
580 1532 609 1585 et
633 1544 649 1584 e
669 1526 817 1585 contrario
832 1524 922 1582 refer·
976 1525 1051 1581 hlice
1076 1525 1243 1596 celebrare;
1271 1528 1438 1586 secandum
1461 1531 1471 1565 ⁸
1495 1531 1605 1603 quodl
1631 1533 1806 1606 scriptum⁸

95 1631 168 1684 rem,
183 1631 259 1688 pene
279 1633 345 1672 esse
371 1617 507 1674 naturale
532 1617 611 1673 cives
633 1617 749 1674 civibus
769 1615 920 1673 invidere:
942 1618 1023 1690 gest
1038 1616 1068 1670 ⁸:
1093 1616 1270 1672 ΙίεοειίαηιΒ
1290 1620 1412 1675 veterat
1431 1620 1490 1675 del
1510 1622 1585 1677 ore⁸
1602 1627 1698 1678 vestro
1714 1624 1735 1695 ⁸,
1756 1622 1807 1680 de·

94 1705 216 1761 tandem
226 1705 333 1773 victus,
344 1705 489 1763 voluntati
504 1707 690 1778 meae,immo
704 1708 794 1764 beato
807 1709 923 1762 Emma·
976 1719 1094 1778 ponens
1111 1707 1239 1761 veterem
1254 1705 1332 1762 illius
1344 1711 1477 1776 cautum,
1491 1705 1583 1781 quem
1600 1711 1692 1767 nostri
1707 1712 1807 1784 potius

93 1810 213 1851 ramma
238 1794 374 1852 animum
393 1796 564 1854 substravit.
582 1799 617 1854 ut
630 1801 730 1854 autem
746 1795 924 1854 acceleraret
977 1796 1099 1849 cantant
1113 1809 1150 1848 ex
1164 1793 1348 1866 antiquitatis
1364 1811 1421 1851 usu
1436 1812 1529 1869 quam
1548 1797 1609 1853 ullo
1623 1799 1806 1856 auctoritatis

93 1899 143 1940 me
155 1887 291 1954 rogante,
305 1884 459 1957 respondit
475 1901 581 1942 serena
598 1885 704 1954 fronte,
722 1901 842 1942 summa
860 1883 924 1940 dili·
977 1897 1062 1939 ausu.
1079 1881 1128 1938 His
1142 1882 1183 1939 ita
1194 1883 1335 1956 equidem
1350 1885 1440 1954 gestis
1455 1885 1486 1942 in
1501 1888 1664 1957 Pannonia,
1681 1893 1710 1945 et
1728 1889 1807 1960 lega·

95 1973 195 2042 gentia
209 1972 240 2028 in
254 1972 366 2029 laribus
380 1973 583 2046 probandum,
598 1976 680 2047 quod
697 1979 780 2031 extra
794 1973 922 2048 parietes
976 1971 1065 2038 tione,
1081 1987 1137 2044 pro
1157 1987 1219 2046 qua
1244 1972 1374 2030 directus
1400 1989 1495 2046 eram,
1515 1981 1645 2046 peracta,
1666 1977 1806 2034 Noricum

94 2060 258 2118 multorum
273 2063 366 2118 oculis
380 2063 455 2120 foret
470 2064 715 2136 presentandum.
733 2067 802 2132 liae,
815 2069 849 2120 ut
860 2062 923 2136 opi·
975 2061 1089 2134 repetii,
1105 2066 1134 2118 et
1147 2062 1178 2118 in
1192 2077 1228 2118 ea
1241 2063 1374 2120 revisens
1393 2063 1598 2136 llatishonam,
1610 2066 1682 2124 satis
1696 2067 1807 2126 karita·

90 2165 157 2216 nor,
172 2150 330 2206 occasione
341 2151 436 2208 tribus
451 2153 537 2208 annis
552 2168 630 2226 opus
643 2153 717 2210 mihi
732 2153 922 2210 carissimum
977 2150 1035 2206 tive
1051 2150 1237 2224 suscipiebar
1248 2168 1266 2208 a
1278 2151 1430 2225 fratribus,
1446 2153 1557 2227 quibus
1581 2159 1609 2211 et
1634 2156 1692 2212 hoc
1704 2156 1807 2228 digne-

88 2238 236 2294 remansit
249 2237 466 2311 imperfectum,
482 2240 557 2296 dum
582 2241 769 2316 temporibus
795 2239 922 2298 Heinrici
976 2245 1024 2295 tur
1035 2239 1160 2297 reddere
1176 2241 1330 2298 hominus.
1348 2241 1399 2298 ilic
1414 2258 1485 2298 cum
1507 2243 1545 2299 de
1564 2248 1668 2300 sancto
1691 2247 1807 2302 Emma-

87 2327 295 2398 augustissimi
307 2328 495 2401 imperatoris
508 2335 586 2388 esset
600 2337 743 2404 coeptum.
760 2336 922 2403 Regressus
976 2344 1096 2385 rammo
1110 2327 1197 2385 dulce
1211 2329 1364 2386 clarumve
1382 2329 1530 2402 quiddam
1556 2334 1608 2386 aut
1629 2331 1733 2389 audire
1756 2337 1810 2390 aut

87 2431 162 2487 ergo
176 2415 216 2472 ad
230 2418 446 2475 monasterium
461 2435 477 2475 e
491 2419 632 2487 Saxonia,
648 2421 782 2477 ferebam
802 2437 922 2477 mecum
977 2417 1078 2474 videre
1108 2434 1229 2474 summo
1257 2418 1406 2475 desiderio
1434 2418 1632 2492 quaeritarem,
1653 2436 1707 2494 per
1730 2439 1808 2480 som·

85 2501 253 2558 beatissimi
279 2505 408 2561 martiris
423 2523 563 2580 ymnum,
577 2525 669 2581 quem
684 2509 758 2564 mihi
773 2524 829 2582 pro
844 2523 925 2564 arra·
977 2522 1052 2562 num
1076 2506 1223 2563 visionem
1247 2508 1350 2580 accepi
1376 2506 1475 2564 talem.
1497 2511 1602 2565 Beatus
1622 2512 1806 2569 Emmeram-

85 2589 171 2646 bone
185 2590 251 2647 libri
266 2592 367 2649 saltim
382 2594 427 2650 vel
449 2596 629 2652 versiculum
643 2597 778 2670 poscenti
791 2597 923 2669 prelatus
978 2610 1047 2650 mus
1071 2593 1163 2668 pallio
1184 2594 1271 2650 viridi
1285 2595 1372 2668 quasi
1386 2595 1511 2656 velatus.
1532 2596 1700 2655 meridiana
1723 2605 1808 2673 parte

85 2686 234 2750 magister
275 2687 370 2738 met-ro
418 2686 587 2758 composuit
626 2687 764 2758 saphico.
797 2689 924 2742 hemum
978 2686 1047 2740 ante
1062 2683 1140 2740 iores
1154 2682 1284 2740 ecclesias
1299 2684 1458 2742 videbatur
1471 2685 1545 2742 mihi
1563 2687 1664 2758 jacere
1678 2687 1710 2744 iu
1732 2688 1808 2746 lecto

86 2771 295 2827 Chouonrado
319 2771 497 2845 imperante,
523 2779 551 2830 et
571 2775 766 2832 nihilominus
787 2774 924 2831 Heinrico
977 2772 1055 2829 bene
1079 2788 1115 2829 ac
1138 2772 1278 2830 decenter
1293 2779 1408 2831 ornato.
1426 2776 1523 2842 Quam
1544 2781 1577 2834 ut
1600 2775 1705 2834 fratres
1719 2777 1810 2835 eccle

84 2859 154 2915 filio
180 2860 245 2932 ejus
272 2865 429 2934 regnante,
455 2861 630 2920 Gehehardo
658 2869 760 2921 autem
790 2863 924 2921 secundo
979 2861 1056 2918 siam
1082 2862 1192 2919 intrare
1218 2863 1349 2920 volentes
1369 2863 1516 2935 viderunt,
1532 2865 1638 2924 timore
1664 2867 1809 2940 perterriti

85 2948 341 3006 llatisbonensem
365 2949 522 3008 ecclesiam
541 2957 672 3022 regente,
686 2953 718 3009 in
733 2953 864 3010 adventu
878 2968 925 3008 ve·
943 2955 1173 3047 Crecesserunt.
1197 2955 1258 3023 Ego
1284 2959 1385 3010 autem
1414 2955 1496 3012 solus
1520 2954 1649 3024 relictus,
1667 2957 1745 3015 adeo
1768 2957 1810 3014 fui

86 3043 163 3104 stro,
181 3037 344 3110 saepissime
369 3042 490 3110 optatus
514 3043 604 3114 atque
623 3040 675 3097 diu
689 3045 862 3114 expectatus
877 3057 925 3098 ve-
979 3041 1126 3106 curiosus,
1142 3045 1174 3096 ut
1186 3040 1226 3096 ad
1242 3041 1353 3112 gradus
1366 3043 1451 3114 juxta
1473 3048 1531 3100 tres
1553 3061 1640 3102 arcus
1654 3045 1739 3104 flexis
1762 3062 1810 3117 ge-

85 3128 137 3183 nit
161 3125 289 3183 libellus.
325 3129 415 3199 Cujus
448 3129 626 3186 universitas
650 3130 739 3188 beato
766 3131 925 3206 deputetur
979 3130 1068 3187 nibus
1080 3130 1112 3186 in
1127 3146 1197 3187 eum
1208 3131 1515 3202 intenderem,donec
1524 3134 1639 3190 vultum
1649 3135 1809 3206 detegeret,

86 3221 328 3289 Emmerammo,
351 3218 477 3276 materia
504 3218 612 3288 Cirino,
636 3221 789 3277 renovatio
815 3222 923 3293 llegin-
978 3235 1015 3275 ac
1029 3221 1039 3254 ⁸
1055 3219 1160 3276 Latino
1185 3235 1323 3276 sermone
1346 3220 1476 3276 diceret:
1501 3222 1566 3276 Tibi
1578 3224 1752 3279 conceditur
1767 3225 1810 3280 vi-

85 3305 188 3374 fredo,
216 3305 331 3362 exactio
357 3307 508 3380 peccatori
536 3307 677 3378 arnaldo,
701 3325 775 3366 usus
802 3310 924 3367 oculum
978 3309 1048 3366 dere
1060 3310 1169 3380 faciem
1182 3325 1288 3375 meam,
1305 3310 1420 3382 quirin
1435 3310 1575 3366 laudidus
1590 3313 1661 3368 meis
1683 3313 1809 3368 sudasti.

84 3394 212 3452 invidiae
224 3395 235 3430 ⁸
249 3410 311 3451 uon
324 3395 517 3469 habentibus,
533 3397 601 3454 vitae
615 3398 765 3472 premium
781 3399 924 3456 omnibus
979 3398 1070 3468 Cujus
1094 3413 1164 3454 cum
1188 3397 1323 3454 viderem
1350 3397 1436 3454 valde
1459 3397 1621 3455 candidam
1636 3403 1665 3456 et
1679 3398 1811 3472 splendi-

85 3482 230 3556 ejusdem
255 3486 315 3540 Deo
339 3484 438 3542 dilecti
452 3486 581 3542 martiris
596 3488 775 3544 memoriam
790 3489 924 3545 excolen-
978 3486 1051 3542 dam
1066 3485 1183 3557 faciem,
1194 3486 1364 3544 nullatenus
1377 3487 1476 3544 dicere
1491 3493 1627 3560 possunt,
1639 3504 1733 3562 quam
1749 3505 1812 3546 ma-

85 3573 182 3631 tibus.
199 3576 254 3629 Pro
279 3575 365 3645 cujus
387 3575 468 3632 cultu
487 3592 556 3633 mea
568 3577 750 3634 exhibitione
766 3578 886 3634 modico
900 3580 922 3646 ⁸,
978 3591 1073 3646 gnum
1089 3575 1172 3632 cordi
1186 3591 1254 3632 meo
1278 3575 1366 3633 fuerit
1378 3578 1389 3613 ⁸
1401 3576 1542 3649 jubilum.
1561 3580 1620 3634 lloc
1634 3583 1752 3635 tantum
1767 3583 1812 3635 ta-

85 3662 195 3720 debito
209 3663 254 3718 sni
267 3679 444 3736 permagno,
458 3665 532 3738 quid
547 3666 620 3722 mihi
635 3667 777 3724 acciderit
788 3667 837 3724 vel
849 3683 925 3741 qua·
978 3665 1053 3720 citus
1069 3680 1189 3721 mecum
1203 3665 1401 3738 reputabam:
1423 3687 1436 3715 (ι
1448 3666 1591 3722 Fortassis
1610 3665 1641 3722 in
1656 3666 1704 3723 die
1716 3667 1814 3724 novis·

85 3753 131 3808 lis
165 3751 329 3809 consolatio
367 3754 517 3822 evenerit,
543 3755 649 3828 paucis
689 3754 816 3813 edicam.
857 3760 926 3813 Erat
979 3753 1056 3810 simo
1070 3770 1126 3827 pro
1148 3771 1197 3811 me
1224 3755 1358 3812 dicturus
1384 3760 1428 3811 est
1453 3757 1589 3812 Christo:
1615 3757 1750 3825 Domine,
1773 3757 1813 3813 da

85 3841 235 3916 quaedam
262 3841 433 3910 necessitas,
453 3858 509 3916 pro
538 3844 647 3916 quain
667 3845 854 3902 Pannoniam
875 3861 925 3901 me
978 3839 1054 3897 mini
1067 3839 1147 3898 hunc
1159 3849 1357 3912 peccatorem.
1374 3865 1388 3892 ιι
1406 3847 1437 3898 ln
1453 3858 1515 3915 quo
1529 3847 1599 3897 tunc
1611 3847 1812 3914 experrectus,

86 3931 242 3988 direxerat
252 3947 338 3989 mens
350 3931 457 3988 abbas.
476 3934 611 4006 Cumque
626 3933 809 4006 periclitarer
825 3934 925 4007 sepius
979 3933 1008 3986 et
1022 3929 1133 3998 adhuc,
1149 3935 1181 3986 ut
1196 3947 1301 3988 verum
1314 3931 1560 4002 fatear,nequam
1575 3944 1610 3984 80
1626 3944 1688 3985 110ss
1702 3933 1812 3998 tectus,

87 4021 123 4076 in
148 4019 305 4092 profundis
333 4020 460 4076 Danubii
478 4020 666 4091 decursibus,
682 4021 766 4094 apud
784 4021 925 4092 rogicam
978 4034 1017 4075 ne
1038 4018 1181 4089 jucundas
1206 4018 1329 4074 visionis
1350 4017 1461 4087 gaudia
1488 4016 1668 4089 prepediant
1689 4021 1814 4090 peccata

87 4111 149 4182 (42)
165 4108 312 4178 caribdin,
328 4109 380 4166 ubi
406 4125 471 4166 esse
486 4109 603 4167 videtur
621 4112 725 4168 mortis
743 4110 924 4184 hospicium,
977 4121 1055 4173 maa,
1072 4105 1155 4179 apud
1168 4122 1250 4175 eum,
1265 4105 1351 4176 cujus
1366 4104 1471 4160 melior
1491 4109 1640 4180 estsuper
1657 4105 1733 4163 vitas
1760 4105 1815 4162 mi-

88 4198 263 4256 maximum
288 4198 464 4272 experiebar
485 4199 661 4272 periculum.
677 4200 721 4256 lbi
744 4199 825 4256 enim
849 4216 924 4256 nau·
980 4195 1151 4264 sericordia,
1161 4195 1295 4268 optinere
1311 4195 1400 4267 cupio
1412 4210 1500 4268 prece
1517 4199 1617 4253 vestra
1628 4213 1747 4254 necnon
1761 4213 1814 4270 pa-

89 4293 131 4344 affl
167 4287 298 4358 majores
336 4287 511 4361 arripientes
545 4303 660 4361 remos,
689 4289 777 4363 quasi
813 4288 925 4346 viribus
981 4289 1061 4341 trum
1075 4289 1104 4341 et
1115 4285 1241 4340 fratrum
1256 4284 1390 4340 oratione
1401 4284 1553 4342 continua.
1566 4289 1606 4342 lle
1619 4291 1716 4344 cetero
1729 4286 1813 4360 quod

91 4377 160 4434 suis
185 4376 287 4433 navim
316 4377 446 4434 evecturi
468 4379 478 4412 ⁸
506 4377 543 4434 de
568 4378 699 4451 abrupto
724 4378 867 4448 fluminis,
895 4379 926 4434 in
947 4345 1081 4443 Dinstat,
1096 4372 1222 4446 epistola
1237 4373 1461 4431 conclusionem
1474 4374 1624 4447 postulat;
1640 4376 1670 4432 in
1684 4391 1745 4450 qua
1759 4391 1813 4432 vos

91 4467 212 4522 tantam
237 4480 344 4521 venere
368 4465 618 4538 desperationem,
647 4471 679 4522 ut
705 4471 788 4524 muto
821 4483 852 4523 se
880 4468 925 4522 in·
980 4463 1119 4534 ignorare
1133 4461 1214 4530 nolo,
1226 4462 1310 4536 quod
1322 4462 1487 4537 antiquus⁰
1503 4465 1602 4538 operis
1615 4465 1707 4536 hujus
1719 4463 1813 4535 scrip-

93 4557 212 4610 tuentes
236 4570 272 4611 ac
286 4569 342 4610 nec
360 4554 479 4611 muttire
494 4555 636 4623 valentes,
653 4571 706 4629 pre
721 4555 827 4613 timore
845 4572 926 4613 mor·
981 4557 1028 4610 tor
1041 4550 1153 4608 librum
1180 4567 1270 4608 suum
1294 4551 1361 4609 finit
1386 4553 1416 4608 in
1443 4568 1488 4624 co,
1506 4552 1591 4626 qnod
1608 4549 1754 4608 volumini
1775 4547 1813 4604 de

92 4642 134 4700 tis
159 4642 276 4715 penitus
300 4642 495 4714 irriguissent.
516 4646 596 4702 Tunc
623 4645 775 4703 osculatus
795 4645 927 4703 crucicu·
982 4641 1134 4699 miraculis
1158 4641 1323 4699 beatissimi
1343 4642 1482 4713 martiris,
1500 4641 1583 4697 boc⁸
1607 4643 1635 4694 et
1658 4640 1668 4673 ⁸
1688 4635 1814 4694 anterio

90 4733 168 4800 lam,
185 4747 278 4806 quam
305 4732 398 4788 habui
413 4748 449 4789 ex
465 4733 629 4792 cervicibus
652 4734 844 4809 pendentem,
860 4734 927 4792 reli·
981 4731 1064 4788 ribus
1091 4731 1185 4789 tribus
1208 4731 1363 4802 diligentia
1389 4746 1458 4788 mea
1484 4727 1669 4787 enucleatius
1697 4724 1812 4800 positis,

92 4821 185 4896 quias
198 4821 329 4878 martiris
342 4821 380 4878 de
395 4823 536 4880 cambota
550 4825 762 4896 continentem,
777 4824 929 4895 cogitatio
981 4838 1037 4896 pro
1050 4821 1181 4895 capitulo
1195 4821 1301 4879 datum
1312 4824 1357 4878 est
1367 4823 1485 4894 quarto.
1498 4820 1570 4886 Quae
1580 4832 1651 4874 vero
1661 4818 1811 4872 secuntur.

91 4927 150 4969 nes
173 4911 348 4983 hujusmodi
361 4911 441 4969 intra
460 4929 509 4970 me
523 4913 642 4972 volvere
666 4915 761 4989 coepi:
786 4915 927 4985 Putasne,
981 4911 1155 4968 auctoritate
1174 4915 1274 4966 vestra
1288 4913 1392 4966 contra
1407 4908 1531 4966 aemulos
1555 4903 1763 4962 defendendus
1778 4903 1812 4969 ¹⁰,

92 4999 154 5056 late
169 5003 259 5056 notus
272 5004 418 5074 patronus
427 5001 517 5058 hodie
528 5002 601 5058 mihi
616 4993 671 5060 'erit
680 5019 733 5077 per
743 5003 870 5061 salutem
878 5001 928 5059 bic
980 5001 1088 5058 humili
1102 4999 1242 5072 asscripsi
1258 4998 1336 5068 stilo,
1353 5015 1413 5055 uno
1424 5001 1435 5035 ⁸
1448 5001 1566 5056 tantum
1579 4998 1589 5031 ⁸
1604 4995 1709 5052 ordine
1724 4996 1813 5069 ⁸pre-

93 5089 320 5163 experiendus?
334 5092 400 5148 llox
412 5091 498 5148 navis
513 5105 568 5148 cau
582 5091 684 5166 aliquo
699 5092 854 5150 minitante
870 5097 926 5148 tre-
980 5095 1101 5166 postero
1117 5092 1127 5126 ⁸
1149 5089 1215 5146 ob⁸
1239 5087 1464 5146 simihtudinam
1479 5087 1490 5123 ¹
1505 5085 1546 5143 rei
1563 5087 1573 5121 ⁸
1596 5085 1770 5159 interposito
1790 5084 1813 5153 ⁸,

782 5219 903 5275 VAlllAE
929 5215 1130 5274 taurianas.

170 5327 200 5385 p.
215 5328 242 5370 c.
257 5329 282 5371 a.
297 5317 454 5370 etvester.
471 5329 494 5370 e.
509 5312 670 5372 corneliis
686 5315 814 5371 marist.
854 5311 1066 5386 ⁸perreddl.
1106 5309 1318 5384 ο(ιιιῑίφιιιιι.
1359 5312 1382 5347 ¹⁰
1398 5316 1595 5370 usecorm.

900 5437 1017 5496 NOTAE.

146 5538 181 5592 m
212 5535 393 5609 hpgeudl‘o
394 5551 425 5592 n
984 5540 1047 5595 Act
1065 5537 1187 5607 Vll
1157 5536 1337 5665 pttsqqse

147 5609 181 5665 la
214 5551 423 5679 singonensis
437 5607 533 5682 quiet
546 5606 720 5677 aurursus
744 5604 927 5665 allabillam
1017 5609 1126 5678 (tttv.
1144 5606 1274 5664 ActaSS
1338 5609 1381 5679 pt.
1399 5606 1442 5676 Vt,
1458 5623 1491 5680 p,
1506 5606 1567 5665 512
1645 5658 1652 5671 ,
