4044 6184
145 188 201 242 ror
380 213 382 218 ·
806 186 911 244 artsr.
933 184 978 242 aa
997 184 1025 240 S.
1046 179 1219 246 raanan.
1753 135 1756 148 Ι
1813 199 1861 248 ιιι

144 310 266 380 sopiens
279 307 479 380 mactabitur.
496 327 511 361 r
525 311 599 368 Tum
614 309 656 368 illi
672 327 678 366 :
705 315 736 368 tn
751 313 809 370 hac
822 316 900 370 terra
915 325 976 366 non
992 313 1014 366 a
1032 307 1138 382 inquit,
1156 313 1256 368 flomra
1272 311 1331 369 ridi
1343 313 1407 384 jam
1419 313 1490 370 olim
1502 313 1665 386 quemdam
1674 314 1860 389 precipuum

146 401 304 470 reputatur
314 397 745 471 sapiens,nisimullumlnerit
761 397 978 473 eloquens.Sed
1031 398 1171 454 comitem
1179 399 1372 467 almannum,
1385 401 1472 474 cnjus
1482 401 1618 471 linguam
1628 401 1791 473 intelligere
1801 418 1863 460 non

146 486 185 544 de
196 491 302 545 sancto
311 487 440 546 Martiale
455 487 542 544 valde
555 504 662 544 sumus
672 487 770 547 tristes
783 507 789 558 ;
803 505 874 546 nam
889 486 978 544 valde
1031 491 1177 559 poteram,
1193 489 1251 546 nisi
1266 489 1296 546 in
1313 490 1436 563 psalmis
1451 495 1480 548 et
1501 489 1611 548 litaniis
1632 493 1660 548 ct
1674 491 1862 562 lectionibus,

147 575 289 648 placebat
303 575 391 634 nobis
405 593 477 634 eum
490 576 647 650 predicari
659 577 851 652 apostolnm;
867 576 977 634 amodo
1033 576 1118 648 ctrjus
1137 578 1282 652 capellani
1304 585 1372 636 ante
1396 595 1466 637 eum
1492 579 1625 654 quotidie
1648 579 1727 639 circa
1755 583 1863 640 horam

147 682 221 722 vero
234 666 444 724 revertendum
460 666 548 724 nobis
564 671 607 722 est
621 667 661 724 ad
672 667 792 726 solitum
807 685 906 724 nsum.
920 665 978 738 ipsi
1031 667 1147 722 tertiam
1169 667 1288 724 litanias
1303 674 1478 726 sanctorum
1500 668 1650 738 dicebant,
1675 673 1704 728 et
1729 671 1862 744 quotidie

148 755 231 812 enim
247 755 473 812 lemovicenses
488 756 773 829 nronacbi,quiante
789 773 898 831 corpus
913 755 978 827 ejus
1031 753 1097 810 illos
1121 757 1283 816 audiebam
1306 758 1466 816 Martialem
1488 759 1683 831 prorrrmtiarc
1707 759 1863 818 inordina

148 848 259 911 astant,
275 847 344 917 post
363 857 425 900 non
440 843 551 900 mirltos
565 843 629 900 dias
643 849 828 902 revertentur
838 844 877 901 ad
886 843 980 918 pristi-
1033 845 1246 917 apostolorum.
1261 871 1274 898 a
1290 851 1364 904 Tum
1380 847 1569 918 salgionius:
1585 869 1600 898 t·
1616 851 1649 905 Et
1662 849 1863 921 ego,quand0

149 950 226 992 num
242 949 368 1003 morem,
393 939 422 990 et
436 949 497 992 non
521 934 673 992 vocabunt
688 950 757 992 eum
771 935 849 992 ultra
862 938 979 1008 aposlo—
1033 939 1137 990 erratas
1164 935 1194 992 in
1220 937 1459 1010 llierosolymam
1484 937 1662 994 intravimus
1687 953 1781 1006 mare,
1801 937 1862 996 vidi

148 1023 225 1090 lum,
239 1023 292 1080 sed
312 1022 528 1089 confessorem,
546 1023 623 1080 sicut
644 1024 819 1081 Benedictus
839 1023 977 1091 affirmat,
1033 1024 1757 1096 quomrlarntoaunemmonachum,fortissimum
1766 1043 1865 1100 gram-

149 1117 177 1168 et
192 1113 248 1168 erit
261 1113 318 1170 hoe
331 1127 445 1183 magna
460 1112 568 1170 derisio
590 1128 693 1170 coram
719 1113 802 1171 omni
827 1112 947 1170 sarcrrlo.
965 1133 979 1162 ι
1035 1113 1189 1186 malicum,
1204 1131 1240 1171 ex
1256 1115 1370 1174 civitate
1390 1115 1499 1182 Remis,
1523 1116 1622 1188 quiin
1645 1115 1865 1174 uerisimiliter

149 1201 267 1267 onibus
280 1217 347 1272 ego.
362 1220 378 1255 ‹
391 1204 459 1258 Haec
480 1207 524 1258 est
542 1201 617 1258 visio
628 1217 706 1269 mea,
716 1218 809 1276 quam
824 1203 881 1260 hac
895 1206 980 1258 nocte
1034 1203 1167 1274 quotidie
1183 1204 1343 1262 Martialem
1359 1204 1615 1278 pronuntiabatin
1628 1205 1732 1262 ordine
1747 1209 1866 1278 aposto·

149 1289 361 1348 exhorrebam.
377 1293 442 1348 Duo
456 1289 552 1364 parvi,
570 1290 623 1347 sed
633 1290 721 1348 valde
733 1290 815 1348 fetidi
828 1294 981 1365 serpentes
1035 1290 1144 1348 lorum.
1162 1316 1175 1341 ι
1193 1296 1225 1350 Et
1239 1293 1421 1350 Gauzbcrtus
1432 1293 1473 1350 ait
1485 1310 1491 1348 :
1502 1315 1516 1343 ι
1533 1296 1593 1364 Ego
1607 1293 1664 1352 nisi
1675 1309 1730 1368 per
1743 1297 1867 1352 memet·

149 1384 236 1436 erant
248 1379 347 1438 colore
361 1383 446 1448 tetro,
461 1379 658 1436 ascendentes
675 1380 712 1437 de
724 1379 802 1438 vallo
821 1381 980 1454 inaquoso,
1035 1379 1136 1452 ipsum
1151 1381 1190 1438 ab
1205 1387 1346 1439 extranea
1361 1388 1447 1453 gente
1460 1388 1488 1439 et
1508 1382 1640 1440 barbara
1658 1383 1763 1453 lingna
1778 1382 1864 1440 andi-

150 1469 206 1526 sed
225 1468 353 1526 humido
371 1468 448 1524 inter
477 1485 508 1525 se
533 1468 673 1525 ludentes
689 1473 718 1527 el
736 1469 931 1537 luxuriantes,
954 1473 983 1524 et
1036 1487 1111 1543 rem,
1127 1487 1188 1528 non
1201 1472 1353 1528 crederem
1368 1489 1438 1530 cum
1452 1488 1517 1529 esse
1532 1471 1720 1547 apostolnm;
1737 1478 1767 1529 tn
1782 1487 1864 1540 vero,

149 1573 276 1630 corpore
299 1557 417 1614 immoti
431 1557 462 1614 in
476 1556 633 1630 superficie
647 1557 727 1614 valli.
752 1558 833 1624 Quos
857 1556 982 1630 quidam
1037 1560 1098 1633 qui,
1116 1565 1147 1618 nt
1173 1561 1247 1617 dicis
1271 1561 1443 1634 exerrrplum
1468 1561 1555 1618 simili
1584 1561 1675 1618 modo
1700 1561 1740 1619 ab
1761 1559 1865 1620 alienis

147 1645 292 1704 monachi
307 1645 491 1704 admirantes
506 1644 679 1702 stridentes
695 1645 874 1719 spectabant
888 1645 983 1702 liben-
1000 1669 1019 1722 ρ
1038 1649 1159 1720 audisti,
1172 1667 1224 1706 eur
1236 1650 1425 1706 atlvorsarius
1437 1653 1489 1708 os?
1500 1649 1575 1716 buia
1588 1649 1864 1724 nunquaminqnit,

149 1741 215 1802 ter;
240 1751 347 1792 verum
368 1751 425 1804 ego
447 1751 502 1808 pro
526 1735 617 1794 latore
632 1734 767 1806 maligno
785 1735 885 1809 potius
899 1751 985 1792 exse·
1038 1739 1181 1796 hactenns
1197 1739 1263 1795 talis
1277 1739 1465 1796 corisuetudo
1477 1737 1532 1796 luit
1543 1738 1619 1796 inter
1633 1753 1700 1809 nos,
1716 1743 1745 1798 et
1759 1755 1865 1796 omnes

149 1841 241 1882 crans
265 1841 358 1898 quam
384 1825 503 1894 lugiens
522 1824 663 1882 ridebam
683 1841 735 1882 eos
759 1825 788 1880 in
815 1823 983 1882 cavernulis
1038 1825 1169 1901 episcopi
1183 1832 1214 1884 et
1228 1827 1353 1884 abbates
1369 1827 1462 1884 nostri
1474 1830 1674 1899 suntpropter
1688 1827 1746 1884 hoc
1759 1827 1865 1897 tristes,

149 1915 214 1970 suis
227 1913 419 1981 reabscondi,
431 1913 517 1986 quasi
528 1912 672 1983 fugiendo
687 1912 829 1969 velocius.
840 1912 983 1970 Videbam
1039 1920 1067 1970 at
1082 1916 1185 1973 volant
1198 1916 1311 1972 mittere
1327 1915 1469 1988 epistolas
1485 1931 1572 1988 papa
1586 1917 1734 1985 Romano,
1745 1921 1777 1972 ut
1787 1915 1867 1974 lianc

149 2005 223 2060 item
244 2003 273 2059 in
289 2003 461 2060 summitate
476 2002 581 2058 fossati
604 2002 701 2075 ipsius
726 2004 843 2058 tertium
865 2018 985 2076 serpen·
1039 2021 1148 2061 novam
1168 2006 1436 2079 praesumptionem
1451 2004 1513 2060 fieri
1533 2003 1700 2078 prohibeat.
1718 2028 1732 2056 ι
1753 2007 1787 2062 Et
1811 2020 1867 2075 ego

149 2099 212 2150 tam
236 2092 408 2166 turpissime
428 2091 586 2160 variatum,
616 2106 678 2147 non
701 2091 769 2165 plus
795 2107 857 2148 uno
882 2091 984 2148 cubito
1038 2095 1200 2169 respondi:
1225 2117 1238 2144 ι
1256 2096 1284 2152 Si
1304 2111 1395 2169 papa,
1413 2094 1595 2168 subripiente
1611 2093 1734 2152 consilio
1748 2093 1867 2152 invido·
1888 2139 1900 2162 ,

148 2182 289 2253 longum,
306 2179 842 2248 inflatumnimioveneno,medium
856 2179 894 2235 de
910 2180 984 2236 lora·
1038 2201 1117 2255 rum,
1141 2185 1360 2258 hocprohihct,
1389 2188 1490 2240 tamen
1519 2183 1641 2240 obedire
1669 2187 1786 2258 oportet
1807 2185 1867 2240 lleo

148 2271 234 2328 mine
258 2272 337 2328 exire
364 2270 528 2342 torpidum;
556 2275 585 2326 et
608 2275 797 2327 amoventem
821 2284 982 2337 venenum,
1039 2273 1135 2344 magis
1150 2289 1242 2346 quam
1271 2290 1358 2347 papea
1381 2275 1528 2329 Romano.
1553 2271 1629 2328 Nulli
1643 2271 1753 2329 etenim
1778 2287 1867 2347 papea

149 2361 206 2436 qui
221 2361 384 2418 exhalabat
398 2360 615 2416 exsecrandum
632 2360 755 2417 fetorem
774 2379 780 2429 ;
806 2376 908 2433 quem,
932 2360 985 2433 qni
1039 2362 1109 2419 data
1129 2367 1174 2418 cst
1197 2367 1328 2434 potestas
1350 2361 1396 2418 rel
1410 2360 1587 2419 absolvendi
1601 2361 1648 2418 vel
1663 2359 1868 2418 excommuni-

150 2451 397 2516 circnmstabant,
408 2448 549 2506 dicebant
563 2465 628 2504 esse
643 2454 770 2506 matrem
781 2449 911 2506 duorum
927 2465 985 2506 ser·
1039 2451 1126 2508 candi
1141 2457 1260 2508 sanctos
1276 2451 1428 2524 apostolos
1443 2451 1503 2518 llei,
1517 2450 1564 2506 vel
1576 2449 1757 2524 prohibendi
1771 2450 1868 2508 Eccle-

149 2540 301 2616 pentium.
319 2541 414 2607 Quem
426 2555 444 2595 a
457 2537 545 2609 longe
560 2538 671 2594 clausis
685 2537 810 2594 naribus
824 2538 899 2594 meis
910 2538 985 2594 dum
1039 2541 1113 2597 siam
1130 2541 1178 2596 llei
1195 2557 1213 2596 a
1229 2541 1304 2596 liene
1327 2539 1463 2597 iaciendo
1478 2544 1507 2596 et
1531 2543 1609 2596 recte
1624 2539 1787 2613 loquendo.
1804 2563 1818 2591 ι
1834 2542 1868 2598 ar

151 2629 314 2703 empissem
330 2632 474 2700 spectare,
499 2627 547 2684 ille
571 2626 652 2684 velut
671 2626 772 2684 visum
795 2643 898 2685 meum
917 2642 984 2683 aru·
1038 2630 1085 2686 ille
1102 2647 1108 2684 :
1127 2651 1140 2678 ι
1158 2631 1215 2686 Cur
1230 2629 1285 2684 hoc
1299 2628 1445 2685 inchoasti
1462 2627 1525 2684 sine
1536 2627 1654 2684 boantis
1670 2630 1747 2685 sua‘l
1763 2651 1777 2680 ι
1792 2631 1867 2687 Τιιιιι

151 2719 292 2786 bessem,
312 2716 459 2791 paulatim
472 2721 638 2773 retrorsum
651 2731 770 2789 repens,
794 2715 825 2772 in
838 2715 984 2772 toramine
1039 2735 1113 2791 ego:
1132 2741 1146 2768 ι
1162 2721 1194 2775 at
1209 2723 1251 2784 ιιι,
1267 2717 1404 2792 inquam,
1418 2734 1471 2774 our
1485 2717 1606 2774 allectus
1621 2733 1653 2774 es
1667 2718 1705 2775 de
1719 2717 1866 2775 canonico

152 2825 211 2864 sno
223 2806 348 2864 delituit.
366 2805 495 2862 intellexi
508 2805 585 2862 dnos
602 2809 754 2879 serpentes
770 2806 985 2862 dnosessevos
1039 2809 1206 2866 monachus
1231 2807 1294 2863 sine
1320 2807 1437 2864 licentia
1454 2807 1539 2863 suat
1559 2806 1701 2881 Nunqnid
1714 2822 1776 2864 non
1797 2809 1868 2865 ante

151 2897 389 2973 pseudofratres,
423 2896 543 2953 tertium
570 2911 640 2952 vero
666 2896 820 2954 doctorem
849 2901 984 2954 vestrum
1037 2897 1175 2956 Martialis
1187 2897 1241 2954 fuit
1255 2896 1408 2970 apostolus
1423 2913 1516 2970 quam
1538 2896 1569 2953 in
1581 2897 1657 2954 urhe
1681 2900 1776 2956 Roma
1788 2899 1868 2954 esset

153 2987 401 3060 longobardum,
430 3003 522 3060 quem
548 2986 625 3043 ultra
649 3001 843 3060 nequaqnam
867 2985 984 3042 vocabo
1000 3023 1021 3078 C
1039 2986 1147 3060 aliquis
1160 3003 1240 3060 papa
1255 2986 1452 3042 constitutus?
1468 2985 1608 3060 Nunquid
1621 3001 1683 3044 non
1695 2984 1868 3045 aimiricum

153 3078 359 3142 benedictum,
388 3076 441 3134 sed
466 3076 588 3132 nomine
611 3075 704 3147 digno
730 3074 860 3133 censebo
879 3075 984 3134 Belito-
1039 3081 1122 3133 Petro
1138 3092 1255 3132 romam
1277 3075 1382 3132 venit?
1409 3078 1511 3132 Nonne
1525 3075 1557 3132 in
1571 3074 1756 3134 Hierusalem
1779 3075 1868 3134 inita

153 3168 252 3234 nium,
268 3167 327 3224 hoc
349 3171 402 3234 est,
423 3165 513 3222 Belial
536 3181 656 3234 sonum,
680 3165 752 3240 quia
766 3181 820 3239 per
843 3182 895 3223 eos
921 3166 985 3238 ejus
1039 3167 1153 3223 Christo
1169 3164 1322 3238 apostolus
1337 3164 1525 3232 constitutus,
1541 3165 1609 3222 etin
1626 3164 1697 3223 Sion
1711 3181 1766 3239 par
1781 3164 1870 3239 Spiri-

154 3256 299 3313 diabolus
319 3260 415 3312 sonat.
442 3258 492 3311 Est
518 3253 667 3327 siquidem
690 3254 847 3327 proprium
869 3255 986 3312 Satanae
1041 3258 1104 3310 tnm
1127 3259 1265 3310 sanctum
1287 3252 1409 3309 seientia
1432 3252 1535 3308 omnia
1558 3253 1731 3324 linguarum
1744 3253 1868 3310 edoctus

155 3361 220 3403 non
234 3359 287 3417 per
301 3343 476 3400 charitatem
491 3342 665 3410 admonere,
680 3342 734 3398 sed
746 3357 799 3415 per
813 3341 987 3415 snperbiam
1040 3345 1108 3400 est?
1130 3346 1191 3400 h'on
1207 3341 1287 3399 enim
1302 3341 1339 3397 de
1354 3341 1428 3398 iube
1443 3344 1547 3410 Roma,
1569 3341 1622 3398 sad
1641 3341 1678 3398 de
1695 3341 1766 3399 Sion
1779 3339 1870 3399 exivit

156 3435 315 3506 derogare,
350 3449 404 3506 per
435 3431 632 3489 invidentiam
670 3430 797 3489 aliorum
824 3431 988 3489 claritatem
1040 3433 1097 3500 lex,
1111 3437 1140 3489 et
1152 3432 1279 3488 verbum
1295 3429 1412 3488 llomini
1426 3430 1463 3486 de
1479 3429 1672 3496 hiemsalem.
1688 3431 1717 3488 Si
1732 3430 1870 3504 quivero

156 3524 328 3582 obfuscare.
354 3522 412 3580 Sed
426 3538 495 3580 eum
512 3521 606 3578 sciam
621 3520 741 3578 difficile
764 3521 886 3594 erigere,
902 3524 932 3578 et
943 3520 989 3578 la·
1042 3520 1170 3594 apostoli
1181 3519 1308 3576 ordinati
1329 3523 1398 3575 sunl
1414 3521 1524 3583 Romae,
1545 3518 1700 3592 requirant
1718 3517 1871 3594 apostola·

159 3614 215 3670 cile
235 3629 299 3670 esse
321 3611 439 3669 diruere
454 3610 616 3676 veritatem,
635 3610 804 3668 nnMatenns
823 3611 916 3668 miror
933 3625 989 3668 vos
1044 3615 1106 3667 tum
1130 3626 1219 3666 suum
1238 3611 1349 3665 Momm.
1378 3607 1514 3666 Martialis
1538 3607 1666 3664 enimin
1689 3607 1873 3666 Hierusalem

159 3719 217 3776 pro
232 3719 294 3760 uno
319 3703 423 3774 ignoto
438 3700 581 3772 magistro
594 3699 626 3756 in
654 3705 807 3758 momento
833 3699 990 3773 reliquisse
1044 3699 1198 3773 apostolus
1218 3697 1372 3755 ordinatus
1392 3701 1447 3764 ast,
1472 3696 1613 3754 ubilans
1634 3695 1871 3765 Christianitatis,

159 3793 289 3864 bonum,
325 3791 410 3865 quod
438 3807 486 3848 me
523 3804 577 3863 par
602 3789 730 3846 multum
774 3794 891 3864 tempus
920 3805 990 3847 sua·
1044 3787 1194 3845 ubirinea
1208 3785 1262 3842 luit
1276 3783 1416 3852 basalmi,
1432 3784 1484 3841 ubi
1498 3789 1594 3842 mater
1608 3784 1801 3842 estomnium
1824 3785 1875 3842 lic·

161 3883 261 3952 dente,
283 3881 336 3955 qni
364 3898 433 3938 snm
459 3896 477 3937 a
503 3895 597 3954 puero
618 3895 681 3936 non
706 3879 885 3950 incognitus,
913 3879 992 3937 testi·
1045 3877 1203 3934 clesiarnm
1218 3875 1297 3930 Sion.
1313 3871 1674 3946 aamerqnodtegitnrin
1687 3871 1875 3946 quibusdam

163 3972 273 4030 moniis
303 3987 390 4044 reque
413 3976 440 4027 et
474 3969 699 4028 auetoritatibus
726 3969 858 4027 virorum
883 3969 992 4042 proba·
1047 3964 1231 4022 rtnnatihus:
1261 3963 1382 4018 Natalis
1409 3962 1573 4030 Martialis,
1596 3963 1649 4032 qut
1673 3959 1712 4018 ab
1732 3961 1875 4032 apostatis

164 4061 270 4118 biliam
282 4058 514 4116 larvescentibus
528 4059 575 4114 vir
588 4058 759 4114 inchoastis.
776 4058 876 4116 Melius
891 4063 993 4115 tamen
1047 4054 1204 4112 ordinatus
1219 4049 1362 4119 est,simili
1385 4049 1477 4106 modo
1495 4047 1604 4120 legitur
1617 4048 1654 4104 de
1675 4047 1787 4108 tacebo
1801 4063 1876 4122 apo·

163 4150 261 4208 iuerat
292 4149 378 4208 robis
410 4147 617 4206 rectitudinem
645 4148 737 4218 hujus
765 4148 897 4204 veritatis
926 4147 995 4205 boet
1049 4142 1145 4200 stolo:
1162 4141 1293 4210 Natalis,
1311 4138 1418 4212 inquit,
1433 4137 1661 4208 Jacobisrotrr's
1675 4138 1808 4209 Domini,
1825 4135 1879 4208 qui

161 4239 318 4312 cognitam
331 4253 394 4296 non
407 4237 565 4296 inchoasse
590 4253 683 4310 qnam
698 4236 871 4295 inchoatam
887 4236 994 4294 dereli·
1048 4233 1087 4291 ab
1110 4231 1253 4301 apostolis
1274 4229 1390 4299 primus
1411 4228 1628 4299 Hierosolymis
1650 4227 1809 4285 ordinatos
1836 4230 1880 4284 eat

162 4330 279 4403 quisse,
297 4350 311 4377 ι
1050 4322 1214 4392 epscopus.
1234 4321 1300 4376 Non
1319 4317 1400 4373 enim
1414 4315 1544 4391 apostoli
1568 4331 1638 4373 anm
1654 4317 1878 4385 consecrarunt,

202 4422 243 4476 ne
254 4417 313 4474 alio
327 4417 416 4474 etiam
431 4411 581 4474 monacho
594 4413 810 4481 sacularilicet
822 4415 898 4472 inter
910 4379 1032 4485 ragu-D
1050 4409 1123 4484 quia
1143 4407 1259 4467 Christo
1283 4412 1474 4464 consecratus
1501 4409 1574 4474 erat,
1590 4405 1644 4462 sed
1671 4404 1882 4478 compulerunt

161 4505 478 4579 laresangeriaaensis
486 4503 615 4562 omnobii
623 4504 663 4560 ad
674 4505 782 4560 horam
792 4509 995 4574 conversetur,
1052 4497 1204 4572 suscipere
1228 4495 1352 4567 reginen
1377 4493 1522 4552 Ecclesia.
1549 4494 1615 4550 Pari
1629 4494 1722 4552 morlo
1744 4491 1880 4552 Martialis

163 4595 454 4672 ejusdemnominis,
463 4593 649 4667 prenomine
659 4597 760 4651 autem
771 4593 932 4666 salgionio,
944 4595 998 4650 soi·
1052 4593 1141 4647 tanta
1156 4585 1309 4658 dignitatis
1323 4588 1368 4641 est
1382 4583 1549 4658 apostolus,
1568 4586 1599 4639 ut
1613 4583 1653 4638 ab
1666 4580 1809 4654 apostolis
1819 4593 1882 4636 non

165 4691 238 4759 tote,
253 4703 273 4743 o
286 4685 340 4742 viri
354 4683 511 4742 clarissimi
524 4683 636 4758 quibus
649 4683 714 4741 baec
730 4682 837 4750 scribo,
851 4683 958 4756 etipse
967 4684 998 4740 in
1052 4679 1253 4740 consecratus,
1268 4673 1320 4729 sod
1335 4671 1472 4730 unanimi
1483 4685 1634 4728 consensu
1645 4668 1779 4766 primum
1791 4667 1884 4738 depu-

164 4780 318 4851 qnantnm
327 4778 434 4848 potest,
444 4773 633 4831 adversarius
644 4777 688 4830 est
701 4772 772 4830 huic
782 4771 906 4842 veritati,
923 4772 999 4831 adeo
1053 4770 1132 4824 tatus
1146 4764 1182 4821 sit
1191 4763 1325 4835 regimen
1345 4760 1497 4834 suscipere
1512 4759 1543 4816 in
1558 4755 1712 4832 provincia
1724 4763 1753 4812 et
1765 4771 1798 4812 ιιι
1809 4753 1884 4810 urbe

167 4873 204 4925 ut
213 4866 245 4924 in
255 4869 406 4922 conventu
417 4868 521 4922 nostro
533 4861 656 4937 publico
670 4861 718 4919 die
732 4861 868 4934 quodam
877 4863 998 4937 hospes,
1055 4855 1155 4914 adhuc
1169 4854 1283 4925 ignota,
1300 4851 1352 4908 sed
1367 4849 1523 4909 allomino
1537 4850 1643 4922 postea
1655 4847 1738 4946 l’etro
1752 4847 1883 4900 ostensa.

167 4955 299 5014 audiens
322 4969 379 5012 nos
394 4954 425 5012 in
439 4951 548 5010 litaniis
561 4966 675 5009 nomen
697 4949 835 5008 Martialis
849 4951 881 5008 in
908 4950 1000 5008 choro
1056 4943 1126 5001 ldeo
1140 4946 1243 5000 Petrus
1255 4941 1296 4998 ait
1307 4957 1314 4997 ε
1324 4940 1512 4998 Leraorr'enm
1525 4935 1579 4993 tibi
1589 4935 1727 5033 Οιιιιιιιιι
1741 4945 1885 4992 mmmm·

168 5045 378 5122 apostolorum
390 5059 508 5117 canera,
525 5059 597 5100 mox
610 5042 652 5100 ibi
662 5057 766 5100 coram
778 5040 922 5100 omnibus
936 5057 1001 5100 ma·
1057 5033 1120 5091 dal·
1134 5031 1275 5100 Christus,
1289 5029 1397 5104 inquil,
1411 5042 1472 5086 ¹¹⁰⁰
1485 5023 1783 5122 08⁰·fflstm011hlef0
1795 5037 1888 5095 ‘lm'm

168 5135 289 5194 simum
298 5133 461 5191 tumultum
475 5137 504 5190 et
515 5147 653 5190 mmmm
665 5137 693 5188 et
708 5130 889 5188 scandalum
902 5145 1002 5186 move·
1058 5123 1096 5181 de
1111 5121 1213 5194 gentili
1228 5125 1361 5177 Romano
1377 5114 1578 5176 Christianum
1588 5111 1709 5185 lecerat,
1722 5110 1783 5170 abo
1794 5110 1888 5170 modo

168 5227 226 5288 ret,
242 5226 272 5278 at
291 5221 434 5296 deinceps
454 5225 596 5294 quartum
618 5220 650 5277 in
671 5219 775 5278 ordine
797 5218 1003 5276 confessorum
1059 5215 1226 5272 Romanam
1240 5209 1347 5265 urbem
1360 5205 1488 5277 injunxit
1500 5205 1612 5270 Petrus,
1629 5201 1753 5259 iliceos:
1776 5202 1815 5259 Tr
1827 5201 1890 5271 rpi-

169 5312 252 5370 alata
265 5327 340 5369 voce
351 5311 507 5385 proterret,
521 5310 575 5384 qui
583 5313 727 5384 quartum
740 5308 893 5366 decimrun
907 5308 938 5366 in
958 5323 1004 5364 or·
1059 5317 1180 5372 rrcrmm
1197 5302 1295 5356 Roma
1308 5297 1424 5360 ordino,
1439 5299 1466 5352 et
1481 5292 1536 5349 tihi
1546 5307 1617 5350 mea
1626 5289 1855 5390 predicationis
1861 5292 1893 5382 'ct

170 5400 244 5458 dine
260 5399 466 5473 apostolorum
478 5398 704 5473 pronuntiatum
718 5398 924 5464 sacratricem
936 5413 1005 5454 cnm
1062 5389 1209 5450 doctrina
1224 5384 1398 5444 cathedram
1414 5382 1512 5440 eredo.
1524 5381 1563 5440 lit
1573 5381 1628 5437 tibi
1641 5380 1728 5436 trado
1741 5379 1893 5436 allorsmc

171 5489 277 5563 palam
298 5503 403 5546 coram
426 5487 537 5544 abbata
552 5491 580 5544 et
605 5485 747 5545 iratribus
769 5502 937 5557 arguerem,
967 5484 1007 5540 nit
1062 5481 1138 5537 ιιιιίιιΙ
1153 5477 1297 5534 traditum
1319 5478 1492 5544 potestatem
1512 5469 1630 5545 ligendi
1642 5475 1733 5540 atqrre
1748 5467 1893 5534 solvendi,

171 5581 321 5651 jurgans:
344 5601 357 5628 n
374 5577 459 5645 Quod
474 5592 632 5650 nunqnam
654 5581 743 5634 antea
757 5577 936 5643 dictumest,
950 5575 1007 5628 hoc
1065 5576 1096 5625 ιιι
1120 5570 1155 5625 ιιι
1175 5565 1309 5622 orionibus
1329 5563 1366 5619 cle
1381 5562 1605 5634 qrrr'tasruuque
1626 5559 1658 5614 ιιι
1687 5559 1775 5614 terris
1797 5555 1895 5653 derra·

173 5667 269 5725 modo
292 5666 453 5725 dicemus?
467 5689 482 5716 n
508 5663 561 5724 Cui
582 5665 781 5724 Gauzbertus:
810 5687 824 5714 ι
840 5667 871 5720 ln
894 5662 1006 5729 itinere,
1066 5658 1153 5725 vero,
1175 5655 1229 5712 troc
1250 5653 1402 5710 decretum
1423 5651 1461 5706 ιιι
1483 5651 1515 5706 ia
1528 5649 1620 5707 cerlis.
1644 5650 1725 5704 Tunc
1739 5645 1770 5701 in
1794 5642 1897 5700 madro
