4002 6174
99 127 133 182 m
457 171 459 176 Α
731 115 812 172 trra
832 113 861 170 S.
880 111 1061 171 amansii.
1701 123 1756 180 aei

100 253 140 312 tur,
150 244 208 300 dum
227 255 256 296 se
267 237 369 310 jiiveiii
382 237 539 296 considere
559 237 719 313 putabant,
733 237 915 313 pernicio-A
933 239 1139 308 superjectas,
1163 246 1192 298 et
1205 255 1293 298 cures
1303 241 1368 311 ejus
1386 241 1419 298 ic
1430 253 1534 311 precer
1548 255 1649 299 eorum
1662 243 1757 315 (Psat.

100 337 142 392 sius
151 348 205 389 cum
217 328 295 385 matre
308 327 512 401 persuasionis
524 327 631 385 ictibus
644 327 876 402 impugnabant.
930 328 1134 399 xxxin).Poi·ro
1144 329 1286 386 humanae
1298 329 1528 388 salutisamator
1538 337 1758 407 competentem

100 425 137 490 oui
148 427 170 477 et
181 418 236 493 ipsi,
250 416 354 474 eodem
369 418 473 491 spiritu
488 417 600 488 agitati,
615 417 785 476 referebant
797 432 879 488 egre-
932 415 1038 473 famuli
1058 417 1105 474 sui
1118 434 1244 500 causam
1254 418 1401 492 previdit,
1415 425 1518 493 quaet
1531 419 1589 493 pire
1610 421 1759 494 petitionis

97 506 306 584 majurentutis
320 507 450 564 formam
469 505 628 578 indignum
641 523 706 564 esse
721 505 878 565 ecclesias-
933 504 1097 579 compleret
1108 505 1247 564 effectum
1259 512 1289 565 et
1303 511 1413 566 sanctis
1424 508 1513 565 matii
1524 508 1662 568 Ecclesiae
1681 527 1761 569 erro-

96 601 141 658 tiris
150 596 258 656 cult'bus
268 595 424 670 occupari3
437 595 547 653 debere
561 595 662 670 potius
676 597 815 654 virtutem
828 610 878 652 ve·
932 611 1026 652 neuin
1038 595 1205 656 restitueret
1215 597 1323 656 fllium.

96 695 166 746 urum
178 683 274 744 imitari
286 688 445 757 parentum
460 684 512 758 qui
522 683 633 742 militie
645 684 796 742 saecularis
811 683 879 742 arti·
969 687 1025 742 Vll.
1041 685 1301 760 contigitquideiii
1310 690 1344 745 ut
1355 685 1516 759 cujusdam
1528 686 1761 746 divitisdcmuni

93 777 136 834 bui
146 789 268 844 magnam
284 789 384 830 rerum
399 773 525 843 gloriam
545 773 747 848 acquisierunt
763 793 770 844 ;
796 773 879 846 illam
933 772 1061 848 diripere
1072 776 1216 832 cuiusuis
1229 775 1427 852 complicibus
1439 775 1760 850 solitomoiepararet.

93 871 168 922 autem
180 862 497 934 monasteriiregulam,
511 862 740 933 intolerabilem,
755 862 879 938 planam
935 867 1071 939 Cumque
1095 865 1160 938 jam
1181 865 1427 924 incumbentibus
1452 863 1583 924 tenebris
1608 881 1670 924 nox
1688 869 1762 925 tetra

92 950 881 1026 idimcipicndum‚aidnamadexsequendum‚nemini
932 953 1159 1026 inhorresceret,
1186 971 1249 1030 qua
1271 955 1311 1013 illi
1339 953 1487 1014 nefarium
1514 971 1592 1030 opus
1620 954 1762 1030 perlicere

92 1041 252 1116 expetendam
266 1038 324 1096 nisi
335 1055 428 1114 quem
452 1039 573 1098 animus
592 1033 883 1110 formidolositatem
933 1043 1125 1114 festinabant,
1150 1045 1199 1120 pia
1222 1044 1273 1102 nai
1298 1043 1494 1119 dispositione
1518 1043 1640 1116 configit
1666 1061 1763 1102 unuin

90 1137 144 1188 etas
155 1128 277 1200 debilior,
302 1135 354 1187 aut
383 1129 423 1186 ad
445 1129 564 1186 nullum
586 1129 681 1187 dacus
699 1129 880 1188 fortitudinis
934 1149 972 1191 ex
985 1133 1167 1208 supradictis
1180 1133 1347 1192 furunculis
1365 1137 1462 1191 morte
1475 1132 1698 1206 deprehensum
1707 1133 1765 1208 spi·

91 1225 150 1293 apta,
165 1219 268 1276 vincere
281 1217 443 1290 inglorium
458 1218 580 1290 cogitet
597 1218 744 1290 ignotum.
761 1221 879 1288 Verum,
934 1221 1025 1280 ritum
1039 1223 1206 1296 exbalasse,
1223 1224 1310 1295 cujus
1325 1223 1460 1281 animam
1479 1238 1624 1296 corporeo
1645 1239 1763 1280 carcere

90 1310 146 1366 deut
153 1307 217 1366 solet
230 1308 293 1365 lieri
306 1311 340 1364 ut
353 1306 454 1366 omnis
476 1323 576 1366 sermo
590 1307 689 1365 malus
703 1307 788 1366 facile
798 1322 881 1366 men·
934 1311 1108 1385 resolutam,
1123 1312 1254 1386 peccatis
1276 1311 1475 1384 exigentibus,
1491 1310 1632 1368 diabolus
1660 1327 1764 1368 secum

90 1403 133 1454 em
152 1396 286 1454 audientis
301 1395 424 1465 inficiat,
450 1412 520 1453 cum
536 1395 660 1454 assidua
682 1394 832 1472 colloquia
853 1400 882 1453 ct
934 1401 974 1460 ed
988 1399 1145 1459 infernalia
1155 1400 1285 1460 clausura
1294 1405 1432 1458 traxerat.
1445 1399 1491 1457 til
1504 1401 1592 1472 cujus
1607 1399 1764 1474 exsequias

88 1487 215 1544 diurnus
229 1503 302 1544 usus
324 1490 439 1560 pestem
453 1485 564 1544 animis
583 1484 741 1543 infundere
754 1486 880 1555 soleant,
934 1491 1010 1548 dum
1036 1489 1118 1547 inani
1136 1489 1288 1561 religionis
1303 1490 1402 1548 studio
1431 1489 1504 1547 sccii
1526 1489 1721 1562 excubarent,
1736 1493 1766 1547 et

90 1575 177 1634 etiamsi
198 1593 313 1635 morum
326 1574 525 1649 tranquillitas
540 1575 586 1646 sit,
609 1579 721 1644 umeri,
735 1575 813 1634 sicut
826 1580 883 1634 ste·
899 1593 920 1650 p
935 1583 1100 1649 llaurosus,
1121 1579 1254 1636 defuncti
1280 1579 1383 1637 dolore
1407 1580 1600 1636 vehementer
1623 1578 1762 1650 afflictus,

89 1681 158 1736 gnum
167 1665 241 1739 mite,
252 1666 351 1724 ventis
364 1665 595 1737 exagitantibus,
615 1665 646 1722 in
660 1669 767 1724 aestum
783 1681 882 1724 assur·
936 1685 967 1726 ee
980 1685 1017 1726 cx
1030 1665 1209 1724 lassitudine
1223 1671 1253 1724 et
1262 1665 1379 1724 tristitia
1392 1665 1551 1740 paululum
1561 1665 1647 1723 daret
1661 1664 1763 1739 quieti,

90 1756 160 1825 p'tita
171 1755 365 1814 bonanatura
378 1753 526 1829 improbis
534 1753 880 1813 monitoribustluctnat
935 1757 1039 1815 divina
1061 1755 1214 1814 voluntate
1238 1759 1268 1813 et
1289 1753 1525 1824 suffragantibus
1548 1754 1661 1812 meritis
1687 1753 1767 1812 beati

89 1846 224 1903 Patetcerte
245 1845 373 1904 fallacie
387 1845 636 1918 estasjuvenilis,
662 1843 788 1903 etfacile
801 1843 883 1902 deci-
937 1845 1082 1914 tetberti,
1106 1844 1213 1902 datum
1241 1849 1286 1902 est
1311 1842 1494 1901 adolescenti
1518 1841 1620 1899 videre
1645 1842 1766 1917 quantis

88 1933 224 2006 pittacum
237 1934 501 1992 fraudulentorum
511 1932 629 1992 insidiis
640 1932 881 1992 sucumvenitur.
934 1930 1555 2011 poenisillamiseiiimaanimaininfernos
1563 1929 1765 2002 cruciabatur,

90 2022 129 2078 iix
140 2022 212 2080 etam
224 2023 332 2082 restitit
345 2022 422 2080 dolis
436 2023 631 2093 cusentin,
642 2039 716 2081 nam
730 2022 882 2080 etscmine
936 2024 1058 2100 quanta
1071 2021 1184 2080 idtricis
1206 2021 1339 2079 flamine
1362 2019 1508 2078 incendiis
1522 2020 1676 2086 urebatur,
1692 2019 1768 2078 acsi

89 2113 213 2184 prudentia
226 2114 545 2190 plerumquevcrsutis
554 2113 759 2172 circumventa
766 2112 883 2172 insidiis
937 2110 1048 2172 erranti
1058 2111 1162 2185 iuveni
1175 2127 1212 2168 ex
1224 2110 1329 2168 divina
1343 2109 1496 2168 voluntate
1518 2109 1576 2166 hcc
1590 2109 1714 2166 daretur
1728 2108 1768 2167 ad

88 2199 193 2260 unctu.
212 2207 289 2276 Ergo
314 2204 340 2262 si
361 2203 507 2262 maturior
522 2220 594 2260 usus
613 2218 693 2278 saepe
707 2201 883 2274 labefactus,
937 2201 1111 2276 exemplum
1123 2199 1302 2270 formidinis,
1314 2204 1347 2257 ut
1360 2198 1498 2256 videlicet
1512 2214 1549 2254 ex
1560 2198 1618 2256 bac
1633 2197 1768 2256 conside·

88 2305 161 2364 ueque
173 2293 223 2351 sibi
236 2294 410 2368 prospicere
422 2296 531 2367 potest,
550 2292 626 2367 quid
640 2291 752 2350 mirum
764 2291 790 2348 si
811 2297 885 2350 etas
938 2292 1053 2351 ratione
1067 2289 1219 2362 colligeret
1232 2293 1347 2363 quanta
1360 2291 1388 2344 ei
1401 2291 1501 2345 reatus
1514 2287 1560 2344 sui
1573 2301 1666 2362 poena
1679 2287 1769 2346 insta·

87 2377 241 2440 immaturior
266 2382 328 2440 sibi
356 2383 461 2442 adesse
487 2397 549 2440 non
576 2382 684 2457 potuit,
710 2398 778 2456 quie
796 2381 886 2440 tantis
937 2384 983 2440 ret
995 2395 1089 2455 quem
1101 2394 1139 2436 ex
1153 2374 1447 2435 consortiocrimlnis
1460 2374 1565 2433 similis
1578 2375 1667 2450 culpa
1681 2390 1771 2434 accii·

86 2471 268 2541 perurgebatur
296 2471 438 2530 insidiis?
464 2470 593 2530 Provida
617 2470 719 2546 itaque
750 2469 801 2528 Dei
828 2470 887 2528 dis·
940 2473 1030 2528 earet.

87 2560 230 2628 persedens
258 2559 445 2636 permissum
459 2565 504 2618 est
526 2560 567 2617 ad
581 2565 700 2636 tempus
723 2559 886 2634 prevalere
976 2559 1049 2615 Vlll.
1073 2559 1286 2616 Consternatus
1311 2569 1384 2611 vero
1411 2557 1495 2610 tanto
1519 2567 1619 2609 errore
1646 2550 1769 2609 visionis

87 2645 188 2720 inipiobi
208 2650 379 2709 seductoris
400 2649 558 2722 malitiam,
571 2665 635 2708 non
648 2654 751 2707 tamen
770 2650 812 2707 ad
824 2649 886 2706 fru-
938 2643 1067 2718 juvenis,
1095 2641 1198 2700 animo
1211 2640 1362 2699 estuabat
1374 2638 1636 2715 quemadmodum
1649 2641 1711 2694 tam
1726 2637 1769 2694 di·

88 2739 147 2792 ctum
167 2738 316 2809 [effectum
329 2738 439 2812 finalis]
460 2739 578 2796 socialis
592 2738 698 2810 ruinre,
715 2739 769 2796 sed
781 2742 815 2796 ut
825 2754 888 2796 ma·
941 2732 1047 2790 stricte
1062 2728 1332 2788 animadversionis
1340 2725 1488 2800 judicium
1501 2725 1705 2798 subterfugere
1717 2739 1769 2782 va·

86 2825 265 2888 dfestarcntur
280 2844 376 2904 opera
402 2829 452 2886 Dei
472 2831 501 2886 et
525 2828 632 2886 merita
651 2828 732 2886 beati
754 2828 888 2886 gutberti
940 2819 1031 2890 leret;
1059 2818 1112 2876 scd
1136 2833 1174 2875 ex
1195 2814 1434 2875 consideratione
1463 2812 1596 2870 criminis
1619 2810 1770 2869 oriebatur

86 2912 108 2968 in
131 2915 182 2976 illo.
213 2919 324 2994 sicque
354 2917 467 2976 factum
495 2922 540 2975 est
567 2921 601 2974 ut
626 2917 721 2974 hostis
749 2917 888 2990 impurus
905 2949 925 3006 c
941 2908 1029 2984 quasi
1051 2906 1218 2968 diffidentia
1231 2901 1476 2978 recuperationis.
1494 2906 1569 2960 Tum
1582 2917 1655 2960 vero
1669 2900 1701 2958 iii
1716 2905 1770 3000 ter·

86 3019 130 3062 ton
139 3022 168 3064 se
178 3008 215 3066 ab
228 3009 365 3082 eccepto
379 3012 448 3064 ante
460 3011 665 3082 compesceret
678 3022 773 3080 quam
787 3007 889 3066 incau-
941 3013 1009 3058 ram
1032 3011 1186 3064 corruens,
1211 2991 1416 3067 lacrymabilis
1430 2989 1624 3065 querimonias
1638 3007 1670 3047 se
1691 3004 1770 3048 voci-

87 3095 275 3166 tunjuvenem
305 3095 418 3154 sensim
432 3094 662 3153 admittentium
677 3109 765 3152 suain
790 3094 890 3152 intlec
941 3087 1000 3144 bus
1023 3084 1191 3143 incusabat.
1220 3081 1274 3141 uui
1301 3080 1446 3139 assistens
1474 3078 1599 3151 angelus
1626 3077 1768 3136 Domini:

87 3185 147 3241 teret
944 3171 1126 3242 «Quidnam
1146 3174 1201 3240 est,
1215 3167 1323 3243 inquit,
1337 3166 1510 3226 miserande
1527 3164 1669 3239 juvenis?
1696 3162 1771 3238 quid

110 3271 144 3330 ti,
157 3275 209 3340 uui
216 3275 405 3336 mamad„
413 3273 580 3333 demipont,
588 3273 804 3332 blandimentis
815 3273 890 3332 mol.
942 3263 1077 3332 invocas,
1089 3275 1180 3318 auras
1196 3255 1389 3316 infructuosis
1404 3254 1524 3312 tlatbus
1541 3252 1669 3324 fatigas?
1693 3249 1772 3319 Quid

84 3357 124 3418 lior
142 3363 239 3436 batus,
264 3364 388 3424 concito
416 3380 471 3421 ccii
496 3379 593 3437 equus
617 3363 752 3422 infrenus
776 3367 890 3422 rectore
942 3353 1028 3412 illum
1048 3348 1228 3424 imPOftlfflifl
1242 3343 1547 3446 Pfflssffiusnffidfflu
1568 3358 1662 3417 (lum
1676 3339 1771 3398 ⁰ff011·

87 3457 229 3528 ccntaiiipto
242 3453 619 3525 monasteriumdmruit‚
633 3453 822 3512 mmmm
835 3451 890 3510 mi.
943 3443 1014 3502 dere
1039 3455 1102 3498 non
1124 3436 1275 3496 timuisti?
1300 3437 1434 3492 flaccina
1461 3437 1507 3490 est
1521 3432 1598 3490 stola
1622 3447 1718 3532 quam
1732 3429 1772 3488 ab

86 3537 136 3598 tite
147 3546 231 3604 armis
245 3546 392 3614 intentus,
406 3543 602 3619 postmodum
617 3559 648 3600 se
669 3542 780 3615 colligit
792 3546 890 3601 totum
942 3533 1010 3608 ipso
1024 3525 1258 3601 regenerationis
1270 3525 1352 3583 fonto
1368 3522 1536 3581 indueras?
1551 3524 1682 3579 flaccina
1705 3534 1773 3593 pro·

87 3629 213 3691 usmeta
225 3635 365 3710 rapinre;
381 3638 410 3692 et
418 3649 497 3708 quos
511 3631 689 3704 hujusmodi
699 3632 812 3704 negotii
836 3647 889 3690 vo·
944 3619 1082 3681 fessionis
1105 3618 1182 3676 tides
1195 3631 1300 3691 quarm
1324 3611 1542 3672 abrenunciato
1560 3613 1676 3713 ‘satana
1702 3623 1773 3712 cum

86 3713 205 3779 inuios
219 3722 349 3792 audivit,
362 3721 410 3779 bis
423 3725 486 3780 tcta
507 3720 711 3779 familiaritate
724 3737 757 3778 se
775 3719 891 3778 inferio·
945 3711 1008 3770 suis
1027 3708 1181 3785 0P01'ibub
1205 3711 1233 3764 ¹0
1257 3707 1444 3762 “mmmm
1469 3699 1674 3802 Pf0m1⁸0ra⁸l
1696 3697 1774 3798 Qffifi

87 3809 230 3881 mmdedit,
253 3815 341 3871 tanto
355 3810 478 3886 pronior
493 3809 533 3868 ad
554 3810 666 3868 scelera
684 3812 799 3884 quanto
813 3807 840 3868 ei
854 3809 893 3866 de
944 3801 1046 3859 vultus
1060 3811 1206 3872 supernos
1220 3792 1331 3866 refugis
1342 3807 1420 3866 quos
1431 3789 1590 3848 habiturus
1600 3804 1667 3844 eras
1678 3802 1775 3885 conop-

87 3891 236 3970 inpinitata
258 3899 428 3969 saeuitiae,
443 3902 474 3956 at
494 3897 625 3973 potante
641 3897 758 3969 generis
781 3897 894 3971 aspira·
944 3890 1054 3961 ves,',si
1078 3886 1256 3944 autbertum
1278 3880 1438 3940 audissesl
1461 3881 1535 3936 Ecce
1553 3875 1708 3976 quomodo
1733 3877 1775 3974 Fi-

86 3978 299 4046 hermioritae.
317 3987 533 4055 limenensis»,
548 3985 894 4060 nedesollicitispaicn-
946 3979 1005 4038 lius
1024 3976 1076 4036 bei
1092 3975 1189 4034 factus
1201 3976 1246 4030 est
1268 3967 1456 4044 mancipium
1467 3964 1605 4040 [diabcb.
1633 3960 1775 4035 Nunqmd

88 4069 148 4130 tbus
160 4077 269 4152 requiri
284 4076 450 4146 debuisset,
475 4091 551 4134 neve
573 4075 685 4134 indicio
708 4074 839 4134 nominis
852 4075 896 4132 iii-
947 4072 1102 4128 laurosns
1129 4063 1275 4134 simius,
1304 4061 1438 4120 ¹⁰r⁰⁸11⁸
1472 4059 1594 4155 mimi·
1618 4053 1773 4152 ¹¹⁸¹¹¹⁰⁸J¹⁸

86 4162 160 4220 veniri
180 4168 338 4239 potuisset,
368 4169 484 4224 mutato
511 4164 635 4222 nomine
660 4180 723 4238 quo
750 4163 896 4239 appellari
948 4155 1098 4216 renatis?
1133 4147 1331 4210 landelinum
1357 4146 1390 4203 in
1417 4144 1495 4202 libro
1509 4142 1686 4216 {nobiscum
1709 4144 1776 4198 vitre

86 4262 269 4327 unsueverat,
286 4259 461 4316 Haurcsum
481 4271 514 4312 se
533 4253 677 4329 appellari
688 4254 793 4326 jubet;
822 4269 895 4312 sano
948 4245 1109 4304 autbertus
1122 4240 1293 4300 obb'nuerat
1306 4234 1416 4294 ascribi
1429 4253 1438 4304 ;
1452 4236 1625 4334 leprosum
1639 4230 1778 4332 diabolus

85 4352 132 4398 ion
154 4344 359 4418 mrongmum
382 4343 493 4402 talibus
521 4343 628 4402 studiis
654 4359 817 4416 agnomen,
844 4343 896 4418 qui
912 4301 1054 4394 1‘secum
1067 4329 1171 4390 inserit
1190 4325 1392 4401 chirographo
1404 4323 1590 4398 perditionis.
1612 4323 1693 4380 scias
1707 4335 1779 4378 vero

86 4429 193 4490 undido
215 4431 430 4492 ecdesiasticre
457 4431 612 4491 munditie
626 4431 733 4490 babitu
746 4432 896 4506 exspolia-
950 4424 1024 4500 quia
1049 4437 1111 4480 non
1124 4417 1225 4478 leviter
1240 4415 1323 4490 apud
1336 4413 1503 4472 districtum
1521 4411 1655 4512 judicem
1678 4413 1779 4466 actum

85 4517 130 4584 te
142 4520 280 4582 furuum
303 4521 487 4580 nausiante
507 4519 689 4580 bridetune
710 4525 842 4580 manum
856 4522 899 4580 ia-
950 4510 1094 4587 sstcuod
1118 4509 1158 4568 ed
1173 4505 1418 4580 mariamnam
1438 4501 1613 4603 inplentes
1628 4503 1699 4596 ¹³⁸⁸,
1715 4500 1780 4596 ξω

85 4605 231 4668 munaum
245 4611 351 4670 studio
373 4610 522 4680 induerat,
538 4614 567 4668 et
587 4610 762 4686 perditionis
775 4627 807 4668 se
828 4612 899 4670 late-
953 4598 1161 4678 equanimiter
1183 4597 1342 4669 hucusque
1364 4595 1506 4667 90¹¹(le
1532 4587 1619 4687 quod
1639 4585 1780 4656 summ*

83 4693 132 4753 bris
144 4703 360 4762 occultaverat,
380 4703 446 4769 Qua
466 4717 568 4760 rerum
591 4702 675 4760 fama
697 4701 910 4760 excitatum·
953 4695 1019 4767 ejus
1033 4695 1085 4749 aut
1098 4703 1208 4746 manus
1222 4681 1381 4744 bominum
1390 4677 1782 4756 impulisfugerit,autmor·

85 4783 125 4840 bei
137 4787 218 4848 altius
232 4806 333 4866 quain
347 4789 406 4848 dici
418 4790 514 4864 possit
531 4789 619 4848 ruins
632 4789 730 4848 fratris
743 4789 897 4862 ingemuit.
954 4784 990 4842 tis
1004 4781 1148 4855 laqueum
1161 4775 1312 4873 declimre
1323 4769 1461 4872 potnerit.
1477 4767 1534 4824 Diu
1546 4765 1627 4864 enim
1637 4759 1782 4834 estquod

84 4873 168 4936 Sedet
186 4879 224 4938 de
247 4879 489 4956 presumptione
504 4879 669 4938 adversarii
682 4894 739 4953 pro
759 4878 900 4952 indigna·
955 4870 1165 4945 tantipoenam
1183 4861 1314 4922 incendii
1327 4856 1506 4958 amarandus
1525 4852 1679 4952 subiturus
1704 4864 1782 4948 eras,

84 4959 157 5020 tionis
166 4973 251 5026 motu
264 4966 431 5026 infremuit.
448 4967 524 5034 Qriid
538 4973 641 5026 tamen
654 4968 780 5039 agareis
799 4972 901 5041 ltaque
954 4959 1013 5019 nisi
1025 4953 1198 5017 intercessio
1216 4951 1296 5009 beati
1320 4947 1455 5046 antbert
1470 4942 1617 5046 'advocati
1632 4943 1692 5040 tm,
1707 4952 1784 4994 iram

83 5063 173 5126 tumn,
184 5057 271 5130 quod
287 5055 332 5114 illi
347 5071 466 5130 semper
481 5055 626 5114 familiare
640 5061 705 5114 erat
719 5055 901 5126 subsidium,
955 5049 1092 5108 ultricem
1103 5042 1214 5118 judicis
1225 5039 1400 5110 mitigasset.
1415 5034 1708 5133 ltbiparalusulssfflss
1721 5041 1786 5083 0ῑῦ-

84 5139 142 5197 siti
152 5146 300 5204 orationis
320 5145 498 5217 remedium,
523 5145 686 5220 multisque
700 5161 756 5220 pro
776 5145 902 5204 amanda
957 5136 1075 5196 oiatorb
1089 5129 1272 5198 accenditur,
1287 5127 1340 5184 sed
1354 5124 1488 5182 Autbmti
1501 5119 1643 5220 lacrymis
1655 5117 1785 5219 flammise

81 5224 183 5296 iuvenis
196 5233 299 5292 salute
313 5235 452 5308 precibus
466 5234 631 5295 Dominum
644 5239 741 5307 rogat,
753 5239 903 5309 quatenus
958 5215 1417 5300 ejusexstiiigunnturfvelnunc
1426 5213 1566 5285 expertus
1575 5207 1704 5278 intellige
1714 5204 1788 5280 quid

83 5326 205 5390 respectu
232 5323 375 5396 gratuite
389 5323 508 5398 pietatis
536 5323 671 5386 animam
690 5324 842 5397 aptivam
865 5323 904 5380 de
958 5315 1059 5391 potius
1085 5310 1199 5381 eligas:
1227 5321 1297 5362 cum
1313 5305 1461 5361 tormento
1475 5297 1546 5356 duci
1560 5297 1591 5355 in
1610 5295 1788 5395 baratbrum

83 5401 178 5480 hqueo
193 5411 315 5470 inimici
338 5417 514 5482 amaretne
542 5413 638 5472 hostis
660 5412 836 5470 immundus
851 5415 906 5470 no
959 5396 1166 5468 cruciasset
1178 5411 1249 5454 cnm
1268 5389 1478 5449 autbertofrui
1494 5385 1608 5444 coelesti
1619 5398 1788 5443 mansione.

85 5495 146 5553 mini
158 5500 261 5573 gregis
290 5500 406 5558 damno
432 5502 597 5560 insultaret.
613 5506 676 5560 lton
690 5507 793 5560 autem
808 5501 906 5560 inanis
962 5495 1018 5554 Sed
1030 5507 1097 5549 sera
1104 5489 1160 5546 iste
1169 5481 1343 5542 deliberatio
1356 5479 1470 5547 fuisset,
1476 5475 1535 5534 nisi
1546 5475 1704 5532 liutbertus
1719 5487 1793 5545 prae·

83 5597 138 5643 esse
153 5589 254 5663 potuit
269 5591 367 5646 sancti
390 5590 445 5647 viri
458 5592 571 5666 petitio,
592 5591 665 5666 quia
686 5591 769 5648 ocuti
786 5589 909 5648 nomini
961 5560 1794 5708 venissetiteliuqueigiturexsecrandaconsolrssialatrc-

253 5681 380 5738 Panos.
419 5681 505 5738 uiti.
