3996 6178
135 201 201 266 itur
545 160 547 165 .
696 162 928 266 'circnma
948 189 1258 260 ntabesnmnnbsa
1777 210 1844 262 iren

134 347 238 390 meuse
254 325 437 389 mumadam
451 330 631 387 conmanunt
643 333 813 405 reportarit.
829 331 905 388 iicet
918 329 961 386 di·
981 331 1003 383 a
1017 323 1108 399 poido
1121 323 1158 382 de
1171 323 1319 383 'escherde
1334 331 1451 400 partem
1464 327 1551 383 castri
1565 331 1730 402 depenowe
1744 345 1799 404 pro
1812 335 1846 386 70

134 428 200 479 ctus
211 421 374 495 episcopus
389 419 490 476 multis
505 415 663 476 discordiis
679 435 735 477 suo
749 425 884 493 tempore
898 419 962 474 iue-
1019 413 1184 472 bremensis
1198 416 1324 487 argenti.
1341 417 1414 474 item
1435 417 1474 474 ab
1490 415 1613 473 Ecberto
1629 423 1761 476 castrum
1777 421 1846 477 Lui-
1950 399 1953 405 Δ

133 511 172 567 rii
183 513 360 583 occupatus,
372 515 427 582 pro
441 509 552 582 quibus
568 499 663 566 muita
676 509 757 566 bona
772 509 812 566 ad
828 520 965 566 mensam
1019 494 1080 560 tere
1093 505 1166 576 (171)
1181 521 1236 578 pro
1249 507 1420 580 quingentis
1436 505 1545 563 marcis
1565 507 1726 564 examinati
1741 525 1847 580 argen-

135 595 340 672 episcopalem
364 595 543 670 pertinentia
564 593 697 668 obligata
722 589 901 674 reliquisset,
924 601 965 652 ta·
1021 593 1052 660 ti,
1066 593 1103 648 20
1117 595 1225 651 marcis
1238 595 1350 662 minus,
1366 599 1395 652 et
1408 599 1442 652 25
1457 611 1591 652 mansos.
1607 599 1680 651 item
1692 595 1722 652 in
1743 599 1848 654 eadem

137 703 208 747 men
222 685 394 745 utilitatibus
404 685 526 744 ecclesie
539 687 570 744 in
580 687 691 762 quibus
703 689 800 764 potuit
810 687 967 763 providere
1022 681 1092 738 vilia
1106 697 1124 737 a
1137 681 1271 740 iohanne
1284 686 1450 742 camerario
1469 687 1624 742 emensos
1639 701 1694 758 pro
1712 689 1742 742 13
1757 685 1850 742 talen-

140 778 272 835 curarit:
289 772 480 834 advocatiam
495 778 575 833 enim
591 777 778 836 alterationis
793 780 824 836 in
844 778 969 836 11111111-
1020 769 1068 827 tis.
1086 775 1158 827 item
1171 769 1203 828 in
1218 774 1324 832 eadem
1337 775 1409 832 villa
1423 791 1441 832 a
1455 775 1563 832 comite
1578 775 1703 832 ilenrico
1720 773 1757 831 de
1770 773 1853 831 Wal-

140 867 258 934 srhem,-
270 879 363 940 quam
387 865 518 922 domnus
539 863 698 923 'conradus
724 867 845 925 ecclesie
868 871 969 924 nostre
1024 857 1175 934 desberga
1192 865 1223 915 tr
1238 873 1361 918 mansos
1376 863 1530 936 expeditos
1546 867 1574 920 ei
1592 869 1607 920 t
1622 876 1746 920 mansos
1761 863 1854 919 inico-

141 955 300 1028 episecpus
315 971 332 1012 a
345 951 485 1012 Conrado
501 953 538 1010 de
550 949 669 1012 Piscina
682 955 865 1014 ministeriali
879 955 970 1012 eccle·
1025 947 1112 1004 datos
1125 959 1181 1020 pro
1195 953 1210 1004 t
1225 951 1335 1006 marcis
1359 951 1520 1008 examinati
1544 951 1668 1022 argenti.
1686 953 1757 1008 item
1770 967 1789 1008 a
1804 967 1854 1008 eo-

142 1045 183 1100 sie
199 1037 379 1109 absolverat,
393 1039 816 1117 ipseposrmodumaeomite
829 1045 972 1104 parphar.
1025 1035 1334 1094 mietrmreaurdo
1349 1045 1376 1096 ei
1391 1041 1498 1097 comite
1511 1041 1647 1098 Heinrieo
1660 1035 1802 1098 iratribus
1817 1039 1855 1097 de
1945 1021 1946 1024 Ἴ

142 1131 181 1189 do
194 1127 231 1188 de
246 1131 366 1200 staden,
380 1149 398 1188 a
412 1144 473 1204 qno
484 1131 548 1203 jam
564 1133 661 1190 dictus
677 1133 714 1190 de
729 1134 844 1191 Piscina
859 1148 926 1190 eam
941 1133 972 1190 in
1026 1122 1249 1196 Willfifflbelgss
1273 1127 1344 1183 emit
1356 1125 1458 1184 vniam
1473 1133 1502 1185 et
1517 1129 1723 1187 ministeriales
1740 1135 1768 1188 at
1779 1145 1854 1204 que·

143 1219 231 1277 teudo
246 1219 349 1287 enm,
366 1211 418 1276 diu
433 1219 599 1293 inpeditam
614 1217 773 1295 expedivit.
790 1217 972 1280 ltedictatem
1027 1214 1189 1272 dambniia
1202 1213 1356 1273 fflnenda
1366 1231 1421 1289 pro
1430 1217 1658 1290 quadringentis
1669 1219 1777 1276 marcis
1788 1235 1857 1276 exa-

144 1311 234 1367 etiam
248 1307 335 1366 castri
349 1309 379 1365 in
395 1310 547 1380 iionbmg,
562 1317 656 1383 quam
670 1311 787 1368 nobiles
800 1311 904 1370 iratres
918 1313 973 1367 Lu·
1026 1303 1133 1360 minati
1147 1305 1272 1374 argent.
1289 1307 1360 1362 item
1375 1305 1570 1379 acquisitione
1586 1309 1676 1364 castri
1691 1307 1774 1380 quod
1787 1308 1858 1380 Pey-

144 1399 243 1457 deliris
255 1403 288 1456 'ei
300 1399 425 1455 Adolins
439 1393 512 1455 dei⁸
529 1397 662 1456 llaslein
682 1397 773 1458 teudo
795 1402 835 1459 ab
850 1396 974 1459 eeclesia
1026 1401 1070 1450 lib
1080 1395 1216 1466 toenitii,
1232 1401 1261 1452 el
1276 1395 1424 1454 solutione
1445 1397 1615 1454 debitorum
1640 1397 1783 1454 Gunzilini
1806 1397 1860 1452 filii
1890 1397 1898 1402 ’

144 1495 313 1560 tennerunt,
328 1500 385 1562 pro
407 1491 544 1546 trecentis
558 1489 641 1547 libris
656 1491 695 1549 ab
709 1491 822 1549 eisdem
835 1491 973 1558 absolvit,
1025 1483 1193 1570 'Burciterdi
1207 1483 1244 1540 (ie
1253 1481 1470 1559 wulflebuthe,
1481 1487 1623 1561 expendit
1634 1487 1714 1544 mille
1729 1491 1758 1543 et
1774 1491 1806 1542 10
1816 1489 1859 1542 ta-

146 1580 175 1636 et
188 1571 309 1636 ecclesie
333 1579 433 1636 nostro
448 1579 639 1637 condonavit,
656 1576 736 1638 mem
752 1583 843 1639 etjam
862 1581 975 1640 medie.
1027 1569 1111 1629 ienta
1132 1571 1427 1632 Hildensemensium
1451 1577 1655 1634 denariorum.
1683 1581 1755 1633 item
1779 1573 1862 1631 bona

143 1673 238 1726 tatem
263 1667 451 1742 proprietatis
467 1659 499 1723 'ib
522 1667 636 1742 timpna
660 1684 678 1726 a
701 1669 815 1728 domno
839 1671 977 1730 Conrado
997 1661 1213 1736 Bepismpaiia
1228 1665 1267 1721 ab
1281 1669 1470 1723 autecessore
1491 1683 1545 1722 sno
1559 1665 1702 1737 obligata,
1717 1681 1773 1740 pro
1787 1681 1862 1721 non·

148 1755 304 1829 quondam
328 1745 484 1830 preposito
498 1745 612 1828 Montis,
630 1771 701 1814 vero
715 1757 835 1831 herede,
852 1759 980 1816 obtinuit
1033 1752 1127 1822 gentis
1150 1755 1179 1808 et
1201 1750 1403 1825 quadraginta
1428 1753 1544 1812 talentis
1573 1753 1863 1812 iiildensemensium

148 1841 393 1900 ministerialibus
402 1843 524 1900 ecclesie
537 1845 701 1914 intenderit
717 1845 769 1920 qui
784 1847 979 1920 postmodum
1032 1837 1224 1897 donationum
1235 1842 1377 1909 1·cdemit;
1393 1859 1448 1916 pro
1463 1843 1526 1900 istis
1539 1841 1800 1917 reliquitquedam
1808 1835 1863 1899 bc-

150 1933 188 1991 111
203 1923 432 1992 eonsensudiet'i
446 1935 677 2008 prepositiidcm
692 1935 815 1995 teodum
830 1951 885 2012 pro
900 1937 979 1995 mille
1030 1939 1072 1986 ua
1086 1926 1271 2002 episcopalia
1281 1929 1422 2000 obligata.
1433 1935 1505 1988 rtem
1518 1931 1589 1988 emit
1598 1937 1729 2005 quatuor
1739 1947 1863 1989 mansos

150 2023 233 2080 libris
259 2027 358 2079 nostre
383 2023 504 2080 ecclesie
524 2023 695 2096 obligarunt
708 2045 714 2094 ;
741 2027 893 2083 residuam
909 2037 980 2084 vero
1033 2017 1072 2074 ab
1085 2015 1142 2073 iilis
1154 2015 1365 2089 detlingelem
1380 2016 1540 2094 dequibus
1555 2021 1681 2077 instituit
1691 2020 1757 2078 dari
1770 2021 1802 2077 in
1813 2033 1866 2076 an-

151 2111 340 2167 medretatem
354 2117 424 2184 sape
439 2107 536 2167 dietus
564 2112 724 2186 episeopus
744 2129 762 2170 a
784 2115 891 2172 comite
911 2112 980 2171 Her.
1030 2105 1186 2164 niversarii
1202 2109 1247 2164 sai
1272 2108 1372 2165 dicad
1387 2107 1554 2182 quamlibet
1570 2110 1759 2183 prebendam
1776 2115 1792 2167 8
1812 2109 1864 2166 de-

150 2207 264 2254 manno
288 2197 325 2254 de
338 2196 553 2268 waldenberge
571 2201 640 2272 1169)
658 2213 713 2274 pro
726 2204 882 2274 sexaginta
895 2201 978 2276 quin·
1031 2198 1153 2266 nari0s3
1178 2199 1350 2254 camerariis
1375 2205 1403 2254 et
1417 2199 1620 2272 campanariis
1635 2201 1671 2242 ¹⁰*
1687 2215 1782 2256 unum
1799 2196 1865 2255 soii-

151 2300 209 2360 que
224 2287 333 2342 marcis
349 2291 378 2342 et
392 2291 407 2344 t
424 2283 526 2344 solidis
545 2289 667 2346 nomine
692 2289 816 2349 ecclesie
831 2293 981 2368 impigno-
1035 2287 1120 2356 dnm,
1137 2284 1305 2343 scolaribus
1321 2291 1335 2342 ὅ
1351 2284 1474 2359 solidos,
1490 2287 1529 2344 ad
1554 2288 1645 2345 altare
1669 2287 1797 2344 domine·
1810 2303 1865 2343 no-

150 2381 248 2432 ratam
258 2373 381 2449 recepit,
394 2380 422 2433 et
433 2377 555 2434 ecclesie
569 2388 623 2451 pro
638 2380 764 2451 pignore
777 2382 904 2454 pecunie
918 2381 983 2436 reii—
1034 2381 1094 2432 ‘stre
1108 2371 1266 2432 candelam
1281 2375 1318 2432 de
1333 2390 1393 2432 una
1405 2374 1484 2433 libra
1498 2393 1573 2433 cere.
1592 2379 1664 2433 item
1677 2377 1800 2435 contidit
1819 2391 1867 2433 ca-

152 2463 236 2538 quid.
252 2462 335 2522 idem
350 2465 440 2522 eiiam
456 2467 621 2523 comeciam
647 2467 735 2525 sitam
752 2470 839 2540 juxta
861 2473 984 2528 laenam
1034 2465 1132 2538 pitulo
1145 2471 1249 2521 nosne
1262 2471 1277 2520 7
1290 2479 1417 2522 mansos
1430 2465 1461 2522 in
1477 2467 1649 2523 Ochtersem
1662 2465 1867 2524 sibivacantes

153 2553 228 2625 (1111)
239 2551 346 2621 abillis
362 2547 400 2609 de
414 2553 560 2625 trithei-ge
578 2553 721 2630 [trlt,per
733 2563 860 2615 mortem
874 2557 984 2615 116110)-
1038 2545 1076 2608 de
1095 2557 1191 2608 morte
1206 2553 1334 2609 iieinrici
1346 2552 1398 2609 filii
1411 2553 1549 2628 lippoldi
1563 2555 1643 2622 Craz,
1659 2555 1699 2611 ad
1714 2554 1866 2626 agendum

156 2641 186 2699 di
202 2633 341 2699 advocati
360 2633 437 2716 ‘ipsis
460 2650 627 2716 vacantem,
648 2645 770 2703 rectene
790 2645 984 2722 comparavit,
1036 2641 1147 2698 testum
1162 2637 1306 2698 tubunnis
1329 2645 1397 2698 ante
1409 2645 1531 2716 portam
1546 2645 1680 2700 Latinam
1695 2643 1868 2717 solempni-

156 2735 184 2787 et
197 2747 214 2787 a
229 2729 330 2788 relicta
354 2731 490 2802 ejusdem
509 2721 647 2790 advocati
662 2727 689 2790 e't
708 2733 769 2791 fflia
789 2751 845 2792 sua
859 2735 988 2794 obtinuit
1038 2737 1098 2799 ier3
1115 2735 1143 2787 et
1158 2732 1194 2787 de
1204 2731 1322 2787 'eisdem
1338 2731 1426 2788 bonis
1441 2731 1592 2790 ordinavit
1601 2727 1666 2790 dari
1681 2733 1801 2790 cuilibet
1814 2735 1868 2791 do·

158 2819 213 2876 sibi
229 2823 257 2876 et
271 2821 333 2875 suis
357 2821 580 2877 successoribus
607 2827 621 2876 t
640 2821 786 2880 librarum
807 2823 940 2880 redditus
956 2824 988 2881 in
1038 2821 1192 2876 minorum
1217 2834 1312 2876 unum
1337 2821 1477 2889 solidum,
1492 2822 1636 2880 ministris
1655 2824 1757 2880 altaris
1770 2827 1798 2880 et
1811 2819 1869 2879 diis

157 2911 323 2965 Dammana
336 2909 375 2966 ab
391 2919 493 2965 annuo
510 2925 603 2966 ceusu
614 2923 826 2986 arearnm‚p1·o
841 2929 876 2970 eo
888 2911 988 2970 videli-
1041 2909 1093 2982 qni
1117 2913 1258 2980 preerant
1281 2910 1373 2966 choro
1388 2909 1539 2984 duplicem
1553 2912 1733 2984 portionem,
1749 2911 1870 2970 duobus

159 3003 204 3054 cet
215 3003 247 3052 nt
260 3003 328 3053 'eam
344 3012 361 3053 a
377 2997 438 3053 suis
457 2989 699 3055 molestatoribus
714 2999 891 3058 defensaret.
905 3003 989 3058 idern
1009 2997 1144 3088 Cpncris
1157 2997 1208 3070 qni
1223 2997 1387 3054 cantabunt
1400 2997 1519 3055 alleluia
1531 3015 1627 3056 unum
1642 2997 1783 3072 solidum,
1799 3015 1873 3074 pau-

160 3087 249 3144 etiam
273 3085 313 3142 ad
338 3087 524 3159 prebendam
548 3087 674 3144 fratrum
699 3089 823 3146 contulit
840 3088 990 3148 decimam
1042 3085 1165 3160 peribus
1189 3085 1355 3142 'scolaribus
1377 3087 1483 3144 decem
1513 3087 1635 3162 solidos,
1649 3091 1822 3148 camerariis
1845 3095 1874 3146 et

162 3175 744 3248 novalisinVerboitiittladvocatiam
760 3179 892 3236 etiamin
905 3184 992 3237 iiam-
1045 3175 1246 3249 campanariis
1267 3178 1303 3212 ¹⁰¹
1326 3193 1422 3233 arnum
1444 3177 1585 3252 solidum,
1607 3184 1635 3236 et
1663 3181 1873 3237 accendendas

159 3271 251 3322 moue
262 3265 444 3336 (iittqnam
456 3263 579 3321 comites
592 3255 629 3321 tie
639 3259 852 3338 waldenberge
864 3267 991 3325 iniectio
1046 3264 1187 3322 candelas
1202 3265 1280 3322 circa
1292 3266 1419 3322 chorum
1433 3267 1512 3322 duas
1527 3267 1620 3324 libras
1634 3285 1709 3338 cere,
1725 3273 1754 3325 et
1768 3269 1875 3325 eodem

162 3353 532 3424 tenueruntabomnibus
547 3351 855 3425 absolvitetbcclasie
868 3371 993 3432 perom—
1047 3355 1094 3412 die
1115 3355 1237 3411 dabitur
1256 3355 1364 3412 caritas
1386 3355 1422 3411 de
1442 3355 1562 3412 ducbm
1584 3357 1704 3414 terrulis
1722 3359 1876 3431 pullorum

162 3443 214 3500 nia
228 3443 399 3517 expeditam
412 3441 550 3516 reliquid.
567 3441 644 3500 Obiit
659 3451 759 3501 autem
779 3461 860 3503 anuo
874 3448 994 3504 Domini
1048 3462 1117 3502 cum
1132 3459 1211 3520 pane
1226 3445 1341 3500 etvino.
1352 3445 1403 3502 iiic
1414 3445 1524 3518 pretuli
1537 3445 1659 3503 ecclesie
1675 3451 1775 3504 nostre
1791 3445 1878 3504 aunis

148 3527 150 3532 ’
167 3533 245 3602 tasi,
255 3533 271 3588 8
283 3523 435 3588 Kalendas
447 3529 739 3600 tunii‚ordinationis
754 3551 806 3591 sue
819 3549 900 3592 anno
913 3541 939 3592 11
957 3537 991 3592 ⁹⁹.
1049 3533 1153 3593 tribuis
1169 3537 1197 3590 ei
1209 3533 1335 3591 dimidio
1350 3554 1356 3603 ;
1373 3535 1447 3592 obiit
1462 3541 1563 3593 antem
1575 3553 1656 3594 anno
1669 3538 1818 3595 dominice
1832 3539 1878 3594 in-

259 3683 261 3688 .
359 3623 542 3687 JOHANNES
557 3633 617 3686 30⁰⁵
628 3631 797 3704 episcopus.
1050 3623 1312 3681 carnationis‘iitil
1328 3625 1373 3692 ¹⁰⁸,
1391 3625 1422 3680 18
1437 3625 1588 3683 Kalendas
1604 3627 1750 3699 Octobris,
1762 3627 1882 3685 ordina·

201 3719 270 3775 Posi
293 3717 450 3774 decessum
471 3717 650 3774 venerabilis
669 3719 761 3792 patris
783 3723 879 3777 nostri
893 3739 928 3778 ac
943 3719 996 3778 do·
1049 3711 1139 3770 tionis
1154 3729 1207 3770 sue
1222 3727 1304 3769 anno
1319 3717 1346 3770 i·

167 3807 241 3864 mini
268 3807 406 3878 Heinrici,
435 3806 501 3880 pari
526 3811 595 3863 voto
624 3811 653 3862 et
680 3809 815 3865 unanimi
846 3826 997 3867 consensu
1278 3823 1284 3830 '
1373 3813 1462 3869 orio
1486 3818 1560 3868 tius.

166 3897 331 3967 lohannes,
351 3895 521 3970 prepositus
542 3893 641 3953 Sancti
664 3897 799 3966 Mauritii,
819 3898 850 3954 in
875 3898 997 3958 ecclesie
1088 3900 1316 3958 anniversarius
1343 3899 1449 3955 domni
1484 3902 1597 3956 Ottonis
1632 3901 1754 3957 ecclesie
1784 3905 1884 3956 nostre

168 3979 606 4060 nos'treepiscopumeligitur3
627 3986 853 4060 quiquoniam
868 3987 906 4044 ad
922 3992 1000 4044 exte·
1054 3989 1186 4062 episcopi
1214 3993 1259 4046 31.
1288 3989 1339 4044 iiic
1378 3987 1427 4043 iilo
1461 3987 1619 4061 quondam
1655 3984 1748 4045 nobili
1779 3991 1884 4046 Ottone

169 4075 279 4133 riorem
303 4074 470 4143 hominem,
494 4090 525 4130 se
551 4073 684 4145 gerebat,
707 4078 740 4131 ui
768 4079 829 4132 tam
847 4077 1000 4148 majorum
1055 4077 1131 4134 duce
1159 4075 1196 4132 de
1224 4075 1398 4132 Brunswich
1428 4079 1512 4148 patre
1540 4075 1615 4149 (175)
1642 4079 1740 4149 natus,
1768 4077 1887 4136 ilberto

170 4181 264 4238 quam
287 4165 440 4221 minorum
465 4163 497 4220 in
522 4179 552 4219 se
571 4167 751 4238 ,provocaret
764 4161 924 4234 allectum3
948 4166 1002 4240 qui
1056 4170 1083 4222 et
1108 4161 1245 4220 iohanne
1267 4162 1410 4219 iratribus
1436 4163 1497 4219 suis
1519 4163 1550 4220 iu
1577 4169 1702 4237 paterna
1726 4165 1888 4224 hereditate

172 4254 261 4311 etiam
275 4253 344 4328 paci
358 4257 386 4310 et
402 4251 517 4310 utilitati
539 4252 663 4309 ecclesie
686 4253 857 4323 intendens,
871 4255 959 4328 lapsa
973 4259 1002 4312 ct
1057 4251 1299 4322 succedentibus,
1329 4253 1463 4326 primum
1491 4253 1523 4310 in
1559 4255 1739 4312 canonicum
1767 4243 1889 4314 ec‘clesie

173 4342 301 4401 alienata
326 4358 381 4418 pro
411 4339 522 4401 sitibus
550 4341 621 4410 suia,
650 4345 799 4416 quantum
825 4343 929 4420 potuit,
955 4361 1002 4400 re·
1022 4379 1044 4433 n
1058 4346 1159 4400 nostre
1187 4341 1316 4414 eligitur,
1344 4342 1462 4414 deinde,
1487 4349 1611 4401 vacante
1637 4342 1763 4402 ecclesia
1789 4350 1892 4402 nostra

174 4446 281 4491 vocare
309 4429 457 4490 studebat.
486 4430 618 4487 Primum
643 4430 781 4488 videlicet
812 4449 830 4488 a
857 4431 1002 4506 lippoldo
1058 4449 1111 4509 per
1135 4434 1264 4488 mortem
1293 4430 1475 4489 venerabilis
1489 4433 1597 4508 patris
1626 4435 1759 4507 episcopi
1786 4436 1894 4490 Jobau-

176 4525 204 4578 e't
229 4518 338 4578 Basiho
371 4517 513 4576 tratribus
551 4517 588 4576 de
626 4518 790 4592 Eseherde‚
818 4520 1009 4578 advocatiam
1063 4523 1110 4578 nis
1135 4521 1184 4595 pie
1213 4521 1444 4598 recordacionis¹
1474 4540 1510 4578 eo
1539 4527 1644 4594 agente
1675 4527 1817 4595 quartum
1843 4521 1894 4578 de-

176 4607 364 4667 villica'tionis
390 4607 421 4666 in
450 4607 609 4667 cherstede
635 4606 672 4649 ¹⁰⁰
698 4624 754 4682 pro
781 4613 901 4667 centum
924 4611 1009 4668 libris
1063 4611 1177 4668 cimnm
1200 4625 1326 4680 annum,
1356 4611 1387 4668 in
1422 4611 1545 4668 ecclesie
1580 4615 1681 4666 nostre
1718 4612 1893 4685 episcopum

177 4691 465 4756 itiideusemensiam
475 4697 668 4756 denariorum
682 4697 805 4756 ecclesie
815 4704 917 4756 nostre
927 4717 1010 4758 com·
1064 4703 1251 4776 postulatum
1273 4701 1474 4773 postulatione
1496 4713 1567 4756 vero
1591 4699 1636 4754 dc*
1651 4715 1683 4755 se
1704 4700 1780 4757 iacta
1799 4717 1894 4774 usquc

179 4787 305 4862 paravit.
321 4791 393 4845 item
414 4805 433 4845 a
448 4787 592 4862 lippoldo
614 4789 650 4844 de
670 4788 800 4862 antiquo
827 4791 900 4847 toro
920 4789 1011 4848 adso-
1066 4791 1095 4850 ia
1105 4788 1249 4863 quintum
1261 4805 1376 4844 annum
1388 4788 1546 4860 pendente,
1559 4804 1578 4843 a
1587 4803 1667 4860 papa
1678 4788 1797 4844 [libano
1806 4805 1895 4862 quar-

180 4877 295 4935 caciam
319 4877 457 4950 ejusdem
480 4877 537 4934 loci
559 4894 614 4951 pro
633 4881 667 4934 ³4
683 4877 808 4935 tmends
825 4882 897 4936 item
912 4897 931 4936 a
946 4880 1011 4954 tip-
1068 4885 1097 4936 to
1110 4878 1318 4946 confirmatur,
1333 4881 1362 4932 et
1377 4877 1418 4931 sic
1441 4893 1495 4950 per
1509 4893 1579 4932 cum
1601 4877 1632 4930 iu
1653 4877 1758 4933 ordine
1777 4877 1897 4932 subdia·

875 5007 990 5061 varini
1012 5003 1214 5062 LECTIONES.

219 5092 293 5149 ⁹⁸de
309 5091 398 5149 Dasle
416 5092 479 5148 alia
493 5105 586 5145 manu
604 5091 721 5147 additu.
772 5094 795 5127 ⁹⁹
809 5109 914 5150 rursus
930 5087 1156 5164 recipiamus
1171 5089 1274 5145 seruit
1286 5089 1366 5144 XIV.
1413 5087 1645 5144 ¹⁰⁰Scberstede.
1693 5090 1728 5126 ¹⁰¹
1746 5089 1899 5148 ltemitec.

185 5165 221 5201 ¹⁰²
234 5162 434 5236 campanariis
448 5177 472 5219 c.
491 5161 543 5217 bis.
585 5161 622 5196 *⁰³
638 5163 777 5236 sepultus
792 5163 823 5219 in
838 5177 966 5221 ascensu
980 5161 1144 5237 baptisterii
1155 5159 1195 5217 ad
1209 5163 1345 5216 anstrum
1359 5163 1386 5216 2.

223 5377 297 5446 (aaa)
315 5375 334 5431 i.
349 5389 375 5431 e.
391 5371 598 5442 weldesbere.
649 5383 652 5390 “
1069 5373 1191 5428 montis.

224 5447 287 5515 (itti
316 5445 405 5516 Leiria
417 5443 537 5500 nunus.
1104 5447 1177 5511 (111)
1193 5443 1295 5498 ‘batim
1309 5455 1360 5496 arn
1381 5439 1576 5512 Barenberge.

238 5523 282 5574 iti
318 5517 480 5576 Gemitibn'a
493 5515 742 5585 debutterbersg‘i
1106 5515 1181 5586 (115)
1202 5516 1307 5570 ottone
1331 5517 1445 5570 1112112
1469 5512 1620 5578 defunctu,
1642 5512 1780 5572 arbertus
1800 5517 1899 5591 primo

238 5593 299 5657 ira)
319 5592 376 5646 ilas
392 5586 516 5644 torholt
527 5599 622 5660 prope
639 5584 792 5642 ileerstrm.
1072 5586 1155 5643 solus
1171 5583 1317 5656 regnavit,
1338 5586 1402 5640 tum
1419 5601 1446 5641 a.
1464 5585 1529 5641 litii
1553 5589 1645 5641 terras
1670 5587 1898 5646 &unsvicenses

227 5661 300 5735 (113)
320 5661 370 5719 ilie
394 5657 597 5719 narmmstedt
620 5658 697 5714 inter
719 5657 848 5714 Hildesb.
871 5660 902 5714 at
915 5657 1021 5716 ailiam
1075 5657 1199 5732 accepit,
1215 5656 1322 5713 loanni
1334 5656 1583 5726 Luneburgenses
1597 5655 1781 5731 selmana.
