3996 6178
860 101 1046 160 EPISTOLAE.
1621 139 1627 155 ·
1738 121 1809 176 1290

495 235 537 289 xp,
940 226 965 280 Α
1015 229 1098 297 Rogo
1120 229 1329 300 paternitatem
1357 235 1488 290 vestram
1521 239 1554 292 ut
1567 237 1690 296 auribus
1716 240 1808 300 solitae

977 313 1095 387 pietatis
1108 334 1211 375 meum
1226 323 1367 378 nundum
1382 321 1560 395 suscipiatis,
1582 328 1727 401 tanquam
1743 349 1807 389 var-

976 402 1192 464 bisvobisonm
1207 409 1460 467 sermocinantem
1474 427 1530 486 pro
1558 413 1648 470 rebus
1671 433 1808 478 necessa-

977 492 1039 549 riis.
1051 497 1150 570 Neque
1163 498 1244 556 enim
1255 499 1319 573 ipse
1332 499 1476 574 loquitur,
1492 501 1546 558 sed
1558 502 1598 559 ab
1613 505 1736 565 animali
1748 511 1807 568 hoc

100 115 165 169 trae

95 360 147 413 Ad
158 358 301 414 ctanrdcrn.
318 357 395 414 Petit
408 357 466 412 sibi
476 361 614 426 poemata
629 356 727 412 Statii
746 353 921 410 transmitti.

131 505 290 558 bomnolt.
305 501 456 556 imbriflua
481 499 628 572 sapientia
650 499 755 566 tluido,
783 500 812 554 F.
837 512 922 562 suus,

94 596 135 647 tot
150 590 364 660 gratulationes
376 594 450 662 quot
462 589 592 658 vagulus
606 588 698 661 lupus
708 587 792 645 novit
804 585 924 642 semita·

93 695 161 736 rum
176 679 369 736 diversitates,
977 683 1013 725 co
1028 685 1090 727 non
1099 672 1279 744 joculariter,
1296 677 1349 734 sed
1363 678 1518 751 loquimur
1533 680 1616 738 vobis
1628 682 1718 755 quasi
1733 699 1807 756 pree-

132 769 216 825 Nullo
231 769 321 824 inodo
336 768 474 825 dubitare
489 767 558 824 volo
574 783 622 823 me
638 766 723 822 vobis
745 766 922 823 cordetenus
976 759 1145 817 sentialiter.
1176 765 1259 821 Novit
1285 766 1416 841 denique
1443 768 1577 841 benigne
1592 773 1807 846 compatientia

93 874 247 914 annexum
263 858 382 914 vinculo
396 859 484 914 totius
495 857 656 914 eharitatis.
673 855 785 914 idcirco
795 871 869 928 rogo
889 862 922 913 ut
975 853 1073 906 vestra
1086 850 1213 922 qualiter
1225 869 1281 924 ego
1294 858 1450 928 quondam
1464 859 1633 918 infirmatus
1649 862 1732 937 apud
1746 868 1807 920 Au-

92 963 141 1004 mc
155 947 266 1003 aarum
283 947 364 1004 sistri
381 947 479 1003 ridere
495 946 620 1003 tacteus.
635 950 717 1004 nunc
732 947 811 1004 enim
824 950 921 1020 potest
975 943 1096 1008 gustam
1110 939 1259 998 civitatcm
1274 944 1519 1020 mucspeanonc
1533 950 1598 1008 vitre
1609 953 1803 1024 aegrotabam,

91 1035 166 1092 mihi
180 1035 257 1106 vehi,
268 1035 414 1107 vobisque
425 1035 526 1092 statim
541 1035 643 1092 reduci
656 1035 719 1092 sine
730 1035 791 1092 ulla
804 1049 880 1104 ruga
893 1040 921 1089 et
974 1045 1043 1084 cum
1068 1029 1192 1087 consilio
1224 1047 1330 1090 corum
1356 1036 1409 1108 qui
1435 1038 1494 1095 mei
1520 1056 1624 1098 curam
1649 1042 1802 1112 gerebant,

90 1124 212 1182 laesione
227 1140 281 1198 per
296 1125 417 1182 nuntios
432 1125 484 1198 qui
495 1125 564 1182 hinc
580 1125 690 1183 atinde
715 1131 844 1198 pergunt
873 1140 921 1180 va·
974 1117 1105 1188 obligavi
1118 1136 1166 1175 me
1182 1125 1262 1187 voto,
1276 1122 1300 1176 si
1316 1123 1536 1183 convaluissem
1544 1115 1587 1184 'de
1601 1130 1656 1186 hac
1676 1131 1802 1189 infirmi·

91 1214 154 1269 cuis
169 1213 302 1270 sarcinis.
316 1214 400 1278 Quod
415 1215 438 1271 si
461 1215 591 1272 charitas
616 1215 692 1272 inter
718 1230 774 1271 nos
801 1213 920 1287 penitus
973 1210 1042 1276 tate,
1057 1207 1223 1278 utsinguha
1235 1209 1322 1266 annis
1336 1212 1469 1271 venirem
1482 1215 1521 1271 ad
1535 1215 1650 1274 lacteat
1675 1222 1802 1292 patroci-

90 1302 233 1375 prrtrixit,
249 1303 332 1376 quod
348 1307 447 1360 temen
462 1302 558 1359 absit!
576 1308 713 1360 nostrum
727 1302 838 1360 librum
852 1302 920 1359 mit·
973 1296 1024 1352 niu
1038 1296 1158 1354 illorum
1180 1304 1353 1356 sanctorum
1368 1302 1420 1374 qui
1430 1301 1472 1359 ibi
1486 1292 1686 1377 requiescunt.
1716 1309 1803 1376 Quod

90 1391 140 1448 rire
154 1391 252 1450 nobis.
271 1393 377 1449 valete,
973 1385 1161 1458 penitusego
1175 1391 1315 1461 peccator
1347 1389 1457 1460 dimisi,
1485 1392 1538 1448 sed
1568 1392 1692 1464 singulis
1717 1399 1803 1456 annis

973 1474 1036 1531 dixi
1052 1493 1058 1530 :
1072 1479 1153 1546 Cras,
1165 1493 1230 1534 cras
1245 1478 1489 1551 palabronnam,
1506 1484 1539 1537 ut
1553 1482 1653 1540 statim
1665 1500 1800 1558 pergam.

935 1579 955 1634 g
974 1566 1173 1638 Quapropter,
1185 1566 1226 1622 mi
1241 1570 1335 1636 Fater,
1351 1568 1425 1624 nihil
1437 1585 1595 1640 magnum,
1609 1571 1683 1630 nihil
1693 1574 1803 1631 moles·

89 1661 403 1733 ArtGozpertamabb.
422 1664 611 1733 Tepernsens.
629 1663 691 1729 Quo
709 1663 740 1718 in
754 1666 919 1732 statapra·
974 1658 1137 1726 tumrogo,
1154 1657 1317 1714 sedunum
1341 1663 1458 1716 tantum
1483 1660 1633 1718 cavallum
1661 1663 1735 1721 mihi
1764 1665 1803 1722 ad

477 1523 531 1576 Xll.

976 581 1137 640 inanimale
1150 602 1205 659 pro
1219 588 1345 646 animali
1359 589 1485 647 mittitur
1498 591 1538 648 ad
1553 592 1694 651 animale.
1719 597 1807 654 idcir·
1894 605 1899 610 '

191 1753 243 1809 dia
257 1753 432 1809 monasterti
439 1768 489 1822 pa
499 1754 629 1809 instrata
644 1753 789 1810 iterarent
804 1755 818 1807 t

126 1879 158 1933 G.
174 1875 281 1933 seniori
294 1893 358 1944 suo,
375 1879 403 1934 F.
425 1877 546 1933 ultimus
557 1877 648 1934 vestri
663 1891 828 1943 servorum,
857 1891 919 1932 non
1004 1920 1009 1932 .

90 1966 177 2032 alius,
194 1971 244 2023 aut
265 1965 357 2036 aliud,
373 1983 467 2040 quam
483 1967 514 2022 id
527 1966 609 2039 quod
621 1965 748 2022 dudum.

128 2059 205 2114 hoca
222 2055 398 2112 obedientiae
414 2055 501 2112 nobis
521 2055 700 2124 commissae,
729 2071 796 2128 quea
817 2053 918 2110 adhuc

88 2146 182 2217 potui,
204 2144 436 2217 contemplando
452 2145 569 2209 circavi,
584 2150 612 2202 et
623 2143 744 2201 invenio
758 2144 917 2202 minimam

86 2231 686 2320 partemnobisessederelictam.i.liquid
696 2237 758 2290 tam
768 2249 917 2304 magnum

86 2321 313 2396 perficiendum,
325 2327 357 2378 ut
369 2322 406 2378 de
420 2322 595 2395 hujusmodi
614 2322 838 2396 dispensatione
866 2323 916 2379 de·

85 2412 195 2468 bemus
213 2412 408 2484 pauperibus
438 2411 611 2468 domesticis
631 2417 720 2484 atque
749 2412 915 2486 peregrinis

88 2500 266 2575 hospitibus.
289 2503 319 2556 tn
337 2499 464 2558 Danubii
491 2500 613 2570 regione
648 2499 751 2569 repetii
775 2516 915 2572 manum,

87 2590 171 2664 quod
185 2589 276 2664 priori
292 2605 373 2646 anno
389 2588 587 2658 abstulerunt,
603 2594 632 2646 et
649 2589 692 2646 illi
716 2590 835 2662 majori,
865 2593 917 2662 qui

88 2680 145 2737 illic
160 2683 224 2736 erat
234 2678 374 2735 anteriori
386 2694 478 2749 anno,
495 2679 630 2736 ablatum
649 2684 694 2736 est
721 2677 864 2748 officium,
889 2683 917 2736 et

88 2769 188 2826 nullus
201 2767 320 2842 penitus
332 2767 370 2822 de
384 2767 442 2823 hoc
457 2766 539 2824 dedit
552 2767 626 2824 mihi
639 2784 830 2842 responsum.
846 2771 917 2826 Tota

89 2873 219 2930 namque
231 2855 391 2912 decimatio
405 2857 475 2912 hinc
496 2855 565 2912 inde
588 2861 633 2913 est
660 2857 814 2930 dispertita
841 2857 917 2914 inter

88 2951 206 3002 nostros
234 2950 262 3001 et
291 2943 413 3000 alienos.
446 2945 474 3002 Si
497 2945 555 3001 hoc
567 2961 629 3002 non
639 2945 822 3018 interdicitis,
833 2930 952 3019 quodC

87 3033 177 3094 aheni
191 3033 315 3104 habent,
328 3031 446 3107 penitus
472 3033 662 3091 abstrahetur
688 3051 706 3091 a
734 3035 826 3091 dome
854 3034 914 3092 liei.

88 3124 171 3191 Rogo
185 3118 392 3195 paternitatem
401 3121 916 3197 veahamutdecimationobisprae-

87 3210 164 3266 senti
189 3225 271 3272 anno
292 3214 354 3268 tota
376 3211 559 3268 concedatur
586 3211 637 3268 ad'
650 3212 763 3270 calcem
783 3229 916 3271 creman-

86 3301 171 3357 dum.
188 3302 238 3358 Est
251 3315 383 3372 namque
403 3299 529 3358 eccelesia
550 3301 581 3357 in
609 3306 712 3360 nostra
734 3301 913 3372 obedientia,

86 3388 274 3463 quiadicitur
288 3387 500 3460 holzchiricha,
523 3390 657 3464 undique
685 3391 776 3448 iureis
801 3390 913 3456 fulcita,

87 3477 181 3534 muris
194 3476 355 3546 destructa,
366 3476 415 3534 aui
427 3475 485 3533 nisi
500 3478 585 3535 citius
596 3479 780 3549 subvenitur,
795 3478 913 3552 penitus

87 3566 183 3624 cadet.

466 3693 534 3748 lllll.

85 3817 136 3873 dd
144 3815 377 3888 Mepinbclrnam
392 3817 580 3886 magistram.
595 3815 674 3872 liam
687 3817 728 3873 ad
742 3833 914 3888 expromen-

281 3905 336 3961 das
350 3905 466 3976 inpenii
474 3906 550 3961 eires
567 3905 717 3962 bortatur.

123 4045 250 4104 Domino
275 4059 343 4102 meo
372 4044 577 4118 magistroque
601 4049 635 4103 u.
665 4045 750 4102 miris
768 4046 913 4117 moribus,

86 4135 304 4208 macidosoque
334 4151 350 4174 r
375 4151 411 4192 su
437 4133 561 4190 mirifice
578 4138 743 4208 munerato,
761 4137 789 4192 F.
819 4135 915 4192 fidehs

85 4225 220 4283 famulus
233 4223 429 4281 iammemina
440 4222 609 4297 frequenter
618 4223 750 4281 tacturus
769 4223 878 4282 tidelia.

122 4315 182 4372 iliri
197 4311 406 4372 medicaminis
422 4329 506 4369 more
521 4313 686 4384 magistrali
707 4329 755 4372 me
782 4331 913 4372 memen-

85 4409 146 4464 tote
160 4419 279 4461 servare
294 4402 489 4477 sequentibus
503 4403 659 4475 sanguinis
669 4408 824 4462 sueonum
839 4405 916 4464 salu-

83 4499 242 4568 taremque
250 4492 424 4550 strictorem.
441 4494 531 4551 Sacro
545 4492 723 4552 subscribite
736 4494 824 4568 stylo,
839 4495 915 4554 siout

85 4583 213 4641 stolidus
228 4581 362 4638 stimulat
376 4596 480 4639 servus
495 4582 685 4639 sermonibus
714 4581 810 4642 stultis
824 4604 830 4653 ;
860 4584 913 4642 sed

73 4689 141 4729 =vos
156 4671 273 4729 scribite
288 4671 438 4744 sapienter
449 4687 551 4728 sacras
578 4687 708 4746 sequens
736 4673 912 4747 Scripturas.

85 4761 213 4821 Sudario
224 4761 354 4834 spernite
361 4777 490 4830 servare,
503 4761 528 4818 si
536 4761 610 4835 quid
625 4762 705 4819 scitis
716 4761 913 4820 salutiferum.

84 4850 220 4926 Spargite
235 4851 360 4920 semine,
376 4851 455 4908 sicco
466 4850 645 4925 sapientiam
658 4867 753 4910 servo.

468 4977 533 5032 XIV.

84 5104 136 5161 Ad
153 5103 353 5176 Perinperam
367 5101 503 5159 abbatem
519 5117 615 5158 raam.
652 5105 771 5163 Veniam
789 5111 818 5164 et
840 5121 916 5164 corn·

122 5181 250 5232 meatum
261 5175 347 5245 petit,
363 5189 421 5246 qao
431 5173 488 5228 sibi
496 5173 545 5243 fas
557 5174 596 5228 sit
604 5176 774 5242 persolvere
782 5183 850 5235 rota
859 5193 915 5234 saa

122 5248 154 5303 in
170 5247 291 5304 civitate
306 5246 496 5316 Argustana.

123 5375 247 5446 Semper
262 5370 318 5428 sibi
332 5368 503 5428 venerando
520 5367 633 5426 seniori
648 5372 677 5424 P.
706 5371 750 5438 F.,
777 5375 916 5446 quamvis

84 5461 169 5521 nulla
181 5461 371 5520 veneratione
383 5459 503 5533 dignus,
519 5463 580 5518 tota
593 5463 693 5517 tamen
707 5467 804 5520 mente
829 5466 916 5522 rastri

84 5553 225 5612 devotus.

267 5644 390 5700 Parnon.
406 5637 492 5698 axii.

973 1745 1181 1816 equitandum,
1194 1749 1223 1801 et
1237 1762 1332 1804 unum
1342 1748 1441 1805 virum
1456 1737 1575 1807 mecum
1591 1751 1776 1826 equitantem
1794 1772 1800 1810 :

973 1832 1013 1889 ad
1028 1833 1167 1891 viaticum
1182 1838 1283 1892 autem
1298 1835 1372 1893 nihil
1381 1837 1464 1894 aliud
1478 1844 1547 1912 peto
1561 1840 1619 1897 nisi
1633 1843 1802 1915 portionem

972 1920 1203 1990 alimoniaeque
1217 1923 1291 1979 mihi
1305 1924 1427 1982 daretur
1441 1942 1510 1982 cum
1525 1927 1573 1984 hic
1586 1928 1670 1986 domi
1689 1947 1799 2001 essem,

972 2012 1000 2065 et
1014 2010 1137 2083 insuper
1149 2011 1298 2085 quidquid
1313 2019 1411 2071 vestra
1435 2013 1577 2085 dignatur
1604 2019 1710 2090 gratia,
1738 2037 1800 2078 non

970 2099 1084 2172 abnuo,
1101 2115 1162 2158 non
1174 2116 1279 2159 renuo.
1296 2103 1366 2168 Quis
1380 2119 1442 2160 nen
1457 2107 1560 2162 timeat
1586 2124 1617 2164 se
1643 2111 1801 2170 mentitum

970 2203 1037 2246 esse
1060 2189 1111 2247 tali
1139 2195 1377 2265 patronoe,.qure
1403 2193 1492 2250 nobis
1514 2195 1603 2252 hodie
1630 2198 1706 2254 lecta
1733 2203 1801 2258 est?

971 2277 1115 2344 Quocirca
1130 2278 1156 2334 si
1167 2279 1235 2335 vitae
1248 2295 1323 2336 mem
1338 2280 1431 2336 ullam
1446 2297 1551 2338 curam
1566 2285 1654 2341 vultis
1676 2287 1798 2357 habere,

890 2411 895 2422 .
971 2370 1069 2422 vestro
1085 2366 1241 2437 iuvamina
1264 2368 1352 2424 licem
1376 2369 1451 2425 mihi
1477 2387 1599 2429 manere
1627 2373 1658 2430 in
1683 2373 1800 2430 civitate

971 2457 1105 2523 Augusta
1120 2453 1150 2511 in
1165 2455 1320 2512 Nativitate
1333 2461 1445 2514 sanctie
1457 2458 1563 2516 itariae.
1586 2460 1691 2519 valete.

1362 2583 1415 2637 xv.

970 2700 1020 2768 Ad
1031 2701 1176 2758 eamdem.
1190 2703 1234 2760 De
1248 2703 1509 2787 administratione
1520 2707 1650 2766 ecclesia
1659 2709 1717 2766 ribi
1725 2725 1800 2768 com-

1329 2791 1436 2834 messa.

1006 2895 1083 2954 Patri
1096 2899 1125 2953 P.
1140 2898 1308 2971 perenniter
1322 2899 1352 2956 in
1366 2901 1481 2958 Christo
1496 2903 1629 2962 amando
1645 2909 1673 2964 F.

1007 2985 1155 3043 versiculo
1166 2987 1257 3044 verbo
1272 3003 1378 3062 precor
1392 2991 1495 3048 omnia
1509 3007 1654 3066 prospera
1681 3013 1761 3054 cara.

1006 3074 1082 3140 Quia
1095 3074 1169 3132 mihi
1183 3077 1417 3134 commendastis
1431 3095 1478 3136 res
1496 3080 1587 3154 hujus
1611 3091 1721 3142 sancire
1745 3067 1798 3144 Ec-

970 3162 1067 3220 clesia
1080 3165 1302 3236 custodiendas,
1317 3171 1477 3240 propterea
1490 3169 1522 3226 in
1536 3170 1582 3226 his
1595 3174 1738 3230 omnibus
1752 3192 1799 3232 us·

969 3267 1028 3325 que
1042 3267 1124 3332 nunc
1139 3253 1308 3311 laborando
1320 3255 1488 3314 ministravi
1504 3262 1537 3314 ut
1549 3275 1605 3332 pro
1628 3262 1703 3318 meis
1726 3263 1797 3320 viri-

969 3338 1026 3396 bus
1041 3341 1135 3414 potui.
1153 3341 1209 3399 Sed
1228 3358 1309 3400 nunc
1323 3343 1442 3400 videtur
1467 3345 1540 3402 mihi
1562 3353 1684 3423 propter
1707 3351 1799 3410 vilita-

968 3432 1029 3486 tem
1054 3430 1213 3504 paucitatis
1240 3447 1315 3488 meae
1352 3433 1503 3507 quasdam
1528 3451 1587 3508 res,
1614 3453 1692 3510 ques
1719 3445 1799 3498 ante·

968 3533 1101 3576 cessores
1124 3519 1235 3578 meiibi
1249 3520 1289 3577 ad
1301 3537 1411 3580 manus
1428 3565 1434 3579 .
1451 3566 1478 3582 ..
1506 3525 1624 3586 Caetera
1652 3544 1671 3586 a
1699 3531 1799 3590 codice
1860 3539 1864 3548 “

967 3609 1087 3666 abeant.

1350 3736 1416 3794 xvi.

967 3858 1017 3914 Ad
1021 3858 1155 3916 eamdem
1165 3859 1255 3928 sorte,
1263 3859 1300 3916 de
1306 3860 1483 3932 quibasdam
1495 3863 1580 3920 tibrr's
1588 3866 1626 3922 ab
1633 3881 1662 3922 se
1673 3869 1797 3926 redditis

1003 4002 1034 4056 Ρ.
1045 3998 1217 4072 multiplicis
1225 3998 1367 4056 boritatis
1386 4001 1523 4070 amatori,
1552 4007 1580 4060 F.
1609 4005 1796 4066 humillimus

968 4089 1116 4162 adelphus
1131 4086 1267 4145 salntem
1570 4103 1575 4106 ·

1005 4180 1106 4236 Grates
1116 4176 1249 4251 rependo
1262 4177 1413 4234 solotenus
1427 4178 1539 4253 pophte
1554 4181 1643 4253 llexo,
1656 4200 1718 4259 quo
1743 4205 1796 4246 sar·

969 4267 1037 4340 pius
1047 4281 1101 4323 vos
1112 4263 1212 4322 officio
1226 4265 1306 4322 circa
1317 4281 1365 4323 me
1378 4266 1428 4339 pio
1443 4283 1545 4327 amore
1563 4271 1703 4331 laborare
1728 4294 1798 4336 con-

970 4356 1074 4431 spicio.
1088 4354 1208 4412 Librum
1223 4356 1315 4412 Bocai
1328 4361 1427 4414 vestro
1441 4357 1526 4417 brevi
1540 4377 1558 4419 a
1572 4379 1621 4421 me
1636 4365 1720 4424 vobis
1747 4385 1798 4444 pe-

969 4446 1075 4504 tivistis
1085 4445 1229 4519 praestari,
1246 4447 1332 4518 cujus
1345 4445 1438 4504 libros
1452 4451 1574 4525 propria
1598 4470 1691 4510 manu
1719 4457 1796 4513 duos

970 4535 1144 4610 conscripsi,
1152 4533 1348 4610 pleniterque,
1364 4541 1489 4612 utputo,
1504 4541 1632 4610 glossica
1642 4544 1796 4618 conscrip-

969 4626 1052 4682 tione
1063 4623 1185 4698 depinxi
1202 4643 1208 4692 ;
1223 4641 1355 4698 quorum
1377 4626 1504 4683 alterum
1531 4645 1651 4685 mecum
1678 4631 1796 4704 retinui,

970 4715 1097 4772 alterum
1112 4719 1245 4786 Augusta
1267 4715 1422 4772 vindelicae
1448 4715 1564 4788 reliqui,
1591 4717 1740 4792 simulque
1764 4723 1797 4780 li-

969 4803 1060 4860 brum
1073 4802 1223 4861 tuvennhs
1236 4807 1264 4859 et
1277 4802 1366 4858 Persii
1377 4818 1432 4877 pro
1447 4805 1681 4864 commutatione
1704 4810 1798 4868 Arith-

971 4893 1085 4951 meticee
1100 4891 1201 4959 Boetii,
1212 4891 1243 4946 in
1255 4905 1318 4963 qua
1332 4889 1396 4964 ipse
1415 4891 1455 4948 ob
1470 4893 1599 4963 gratiam
1619 4897 1708 4953 vestri
1735 4915 1797 4957 non

971 4983 1126 5040 modicum
1140 4979 1369 5053 conscripsistis,
1381 4996 1438 5054 pro
1450 4980 1527 5037 libro
1554 4999 1613 5056 que
1639 4987 1799 5048 invectiva·

970 5089 1039 5130 rum
1062 5069 1146 5128 Tullii
1171 5067 1321 5127 Ciceronis
1348 5067 1379 5124 in
1407 5068 1578 5130 Salustium.
1596 5075 1676 5140 Quos
1703 5076 1796 5135 libros

971 5159 1046 5218 mihi
1062 5159 1211 5233 praestitos
1226 5173 1296 5214 cum
1312 5157 1441 5228 remitto,
1469 5163 1649 5236 nostrosque
1675 5165 1797 5240 recipio,

973 5250 1064 5322 jussu
1091 5252 1188 5305 vestro
1219 5246 1386 5304 voluntarie
1422 5247 1573 5308 satielaoio
1587 5252 1695 5312 valete.
