3996 6178
217 156 286 210 {295

717 148 922 205 rhohhuhnl
943 145 1144 204 COENOBITAE
1163 149 1430 208 TEGERNSENSlS.

1879 156 1935 207 list

215 277 296 332 Dans
309 278 338 332 et
360 287 463 331 amore
476 285 560 326 meos
575 270 756 344 perparvula
770 285 876 328 musca
896 287 1044 329 susurros.
1065 279 1088 330 A
1104 271 1198 344 Salve,
1211 273 1274 330 dux
1288 274 1432 342 lleinrice,
1449 274 1507 332 tuis
1518 272 1623 331 dilecte
1642 273 1786 348 popellis,

231 471 281 526 Ad
295 467 438 526 eumdem.
455 467 607 523 Precatio·
620 467 756 538 faustum
772 469 830 526 iter
844 473 871 525 et
885 468 1027 524 reditum.

214 561 290 614 Gens
306 553 446 612 habitans
461 553 551 629 Alpes
566 554 620 611 tibi
633 556 770 629 mandat,
785 556 909 627 domne,
925 555 1045 626 salutes,

247 644 372 702 llaxime
389 643 611 715 Froumundus,
622 643 675 718 qui
686 645 768 719 cupit
779 661 844 701 esse
857 648 937 701 tuus.

212 737 309 800 Quam
322 734 496 807 lacrymosa
511 733 570 790 tuis
585 719 726 789 insistunt
742 737 878 807 tempora
893 733 985 790 servis
1002 733 1008 788 t

248 823 371 880 Decedis
386 822 494 896 patria,
511 821 584 895 quid
600 825 670 879 sunt
684 837 777 892 regna
793 823 873 879 tua‘l

212 916 287 972 Cum
303 917 388 988 pater
402 912 472 969 binc
487 912 607 981 transis,
621 911 773 985 orphellus
785 911 820 969 fit
830 928 906 987 puer
920 911 1019 968 omnis

140 1015 143 1020 ·
248 1001 302 1070 Sis,
318 1016 435 1075 precor,
451 1001 482 1057 in
499 1015 604 1072 regno,
616 999 689 1074 dux,
706 1014 861 1072 generose,
874 1002 936 1057 tuo.

212 1089 256 1148 Nil
270 1106 340 1147 mea
352 1090 415 1147 vita
430 1089 518 1160 valet,
535 1089 560 1145 si
574 1105 636 1146 nou
655 1093 683 1146 te
697 1105 815 1162 semper
828 1089 949 1163 adoptet
965 1107 972 1144 :

247 1181 322 1236 Cum
335 1181 426 1252 caput
437 1177 578 1246 abfueris,
595 1181 666 1234 tunc
681 1194 737 1250 cgo
750 1183 875 1236 truncus
885 1193 947 1235 ero.

212 1269 240 1325 Si
263 1269 384 1342 poteris,
408 1284 556 1342 possum:
581 1268 605 1324 si
629 1285 702 1334 uon,
726 1268 845 1342 penitus
863 1283 986 1343 quoque
1002 1265 1045 1323 nil

949 1358 1042 1429 [sum.

246 1451 287 1506 Ne
303 1447 385 1504 mala
399 1447 586 1520 confingant,
602 1452 630 1504 te
643 1464 712 1505 mea
725 1447 785 1504 vita
799 1447 881 1521 petit.

212 1538 271 1596 Sed
282 1538 382 1611 potius
398 1553 513 1610 precor,
527 1541 561 1593 ut
573 1552 693 1610 pergas,
706 1539 772 1609 jam
787 1535 906 1611 despice
926 1551 1023 1593 curas.

247 1630 392 1700 Prospera
405 1629 513 1683 cuncta
526 1626 585 1683 tuis
599 1626 759 1684 advenient
768 1624 898 1700 populis.

211 1717 358 1788 Egredere
374 1717 413 1774 ad
428 1721 532 1787 gentes
546 1716 591 1773 vir
605 1717 748 1774 virtutum
768 1715 918 1790 sapienter
933 1732 940 1772 :

249 1810 343 1863 Laetus
358 1805 439 1863 enim
452 1806 561 1863 transis
576 1805 671 1863 laetior
683 1806 753 1862 inde
768 1805 862 1862 venis.

210 1898 244 1953 Et
255 1911 367 1952 nomeu
384 1895 436 1951 tibi
457 1895 636 1968 praeclarum
653 1898 739 1964 heus,
755 1897 861 1952 auctor
878 1893 1041 1962 honorum,

246 1983 318 2042 lude
334 1985 551 2058 reportandum
563 1983 614 2041 det
629 1999 720 2056 super
735 1983 906 2057 imperium.

211 2076 245 2130 Et
259 2076 381 2130 canent
396 2072 509 2128 lamam
523 2075 616 2129 totam
630 2088 685 2145 per
700 2071 915 2145 posteritatem,

246 2159 303 2229 Qui
316 2177 379 2219 uon
392 2165 462 2219 sunt
474 2162 548 2225 nati.
565 2161 622 2218 siut
636 2177 767 2218 merorcs
782 2159 888 2217 meriti.

211 2253 301 2311 Dicite
314 2252 458 2310 concordi
472 2253 649 2309 comitantes
663 2269 736 2310 voce
751 2251 863 2326 popelli
877 2267 884 2307 ε

244 2342 346 2400 Deduc
360 2341 555 2412 incolumem,
572 2345 603 2397 tu
616 2345 693 2398 Deus
706 2341 795 2410 alme,
809 2339 930 2397 ducem.

208 2431 341 2503 angelici
357 2431 436 2488 cives
452 2431 624 2488 Heinricum
639 2431 737 2487 ducite
750 2428 845 2486 sancti

245 2521 299 2575 Per
309 2524 451 2576 cunctam
466 2519 618 2591 gradiens,
633 2534 727 2592 quam
738 2517 819 2574 subit
833 2517 898 2591 ipse
910 2515 1003 2573 viam.

210 2607 347 2680 salveris,
358 2607 540 2681 juvenisque
555 2607 608 2680 tui,
625 2613 801 2680 crmctaque
812 2605 991 2679 phalanges.

243 2700 314 2766 Quae
328 2702 427 2756 tecum
441 2698 553 2772 pariter
567 2697 654 2754 dulce
669 2697 774 2769 legunt
783 2700 811 2753 et
825 2695 890 2753 iter.

207 2791 310 2860 Perge,
324 2787 406 2844 salus
417 2791 527 2844 nostrae
543 2787 711 2859 gentisque,
725 2789 871 2843 revertere
886 2782 986 2841 salvus

208 2877 383 2946 Regnorum
397 2881 494 2933 rector
508 2875 548 2931 sis
563 2876 790 2948 destructorque
804 2871 965 2930 malorum.

245 2963 289 3020 Sis
300 2963 389 3022 timor
401 2963 529 3031 insidiis,
544 2978 604 3035 pax
616 2979 761 3019 mansura
776 2961 843 3018 tuis.

207 3056 305 3110 Aurea
317 3068 449 3127 namque
465 3057 548 3110 tuam
561 3050 693 3110 deducat
706 3051 812 3108 semita
826 3049 929 3119 vitam,

244 3143 306 3200 Pax
320 3143 406 3200 saliat
417 3141 572 3211 membris,
587 3141 699 3214 gaudia
711 3140 770 3199 sint
781 3139 902 3198 animis.

208 3233 251 3290 Sit
264 3232 372 3308 procul
386 3249 540 3303 occursus,
557 3235 783 3305 conventusque
795 3229 904 3287 malus.

599 3341 642 3395 lll.

305 3429 355 3484 Ad
367 3430 511 3497 eumdem,
527 3427 658 3497 ejusdcm
670 3428 738 3496 sere
751 3425 933 3497 argumenti.

205 3517 329 3586 Semper
343 3520 370 3570 te
384 3531 534 3583 canerem,
548 3517 572 3571 si
585 3516 715 3586 perbene
728 3514 855 3586 psallere
867 3528 999 3586 possem,

240 3605 299 3658 Nec
314 3607 377 3658 tam
392 3608 478 3672 grata
493 3603 567 3658 meis
582 3603 672 3658 mella
684 3602 781 3658 locent
794 3601 891 3657 labiis.

205 3689 320 3746 Gaudia
335 3689 428 3761 longa
441 3691 569 3758 traham,
592 3689 664 3761 quia
683 3687 784 3744 dulcia
804 3688 939 3744 earmina
952 3687 1036 3762 psai·

952 3776 1035 3849 pam,

240 3867 369 3942 Corpore
384 3866 458 3924 dum
475 3881 594 3934 maneo,
612 3880 731 3938 semper
745 3880 847 3922 amore
860 3880 947 3938 cauo.

203 3955 328 4015 Osculor
341 3956 521 4014 incumbens
537 3953 670 4026 vestigia,
685 3969 747 4028 quo
762 3953 918 4026 gradieris,

239 4045 269 4102 Si
283 4046 376 4120 pedes
392 4046 488 4103 exires
506 4061 512 4101 :
528 4061 601 4103 nam
614 4045 689 4102 foret
703 4044 761 4100 hoc
776 4043 906 4116 requies.

202 4137 316 4190 Montes
332 4136 545 4202 conscendam,
559 4133 650 4190 simul
661 4133 730 4190 avla
741 4137 850 4189 cuncta
859 4148 1032 4207 peragram,

239 4221 375 4293 Undique
388 4227 596 4295 prospectans,
612 4239 682 4278 cum
696 4221 825 4295 patriam
844 4221 958 4278 redeas.

202 4312 285 4365 Nunc
297 4309 405 4366 iterum
416 4310 622 4382 atqueitcrum
631 4310 743 4380 valcas,
755 4313 880 4384 patrone
890 4309 1031 4385 benigne,

237 4400 296 4453 Nos
319 4396 450 4470 petimus
470 4413 526 4471 pro
547 4401 574 4453 te
595 4397 757 4454 Dominum
779 4402 883 4456 sancta
906 4398 1032 4458 ecclesia

909 4488 1029 4562 [omnis.

200 4575 325 4632 Pulcher
341 4575 422 4632 enim
436 4574 529 4644 vultu,
546 4574 588 4632 sic
602 4573 749 4644 moribus,
763 4576 888 4650 insuper
902 4583 980 4648 actu,

236 4669 272 4723 Es
286 4683 409 4741 quoque
424 4666 486 4724 vita
501 4665 552 4736 tui,
568 4666 631 4724 dux
646 4665 725 4722 bone
741 4664 893 4740 mancipii.

507 4807 509 4813 ,
587 4775 642 4829 llll.

200 4861 249 4918 Ad
262 4862 478 4919 samarcam
491 4867 519 4918 ct
527 4863 659 4931 fratrem
673 4864 737 4932 ejus
752 4862 1031 4922 nrunonenhedi-

235 4938 297 4989 tum
311 4934 343 4989 in
365 4935 499 5004 patriam
522 4935 710 5004 gratulatur,
726 4934 874 5006 illumque
892 4941 982 5006 rogat
996 4942 1030 4992 ut

235 5006 445 5075 l'egcmsenses
460 5005 492 5060 in
506 5007 637 5075 gratiam
658 5005 795 5075 recipiat.

197 5097 274 5151 Gens
288 5094 505 5165 Augustorum,
514 5083 612 5163 ¹salve,
628 5093 768 5168 princeps
780 5094 974 5170 populorum,

233 5181 321 5240 Filius
334 5182 483 5251 Ecclesiae,
499 5183 624 5256 pulcher
639 5186 669 5239 et
680 5183 745 5256 ipse
755 5188 850 5256 pater.

231 5274 306 5344 Dux,
321 5272 413 5328 decus
428 5276 457 5329 et
471 5272 584 5346 patriae,
599 5287 670 5346 pax,
687 5277 772 5346 pater
788 5272 936 5330 Ecclesiae.

197 5360 300 5418 Salvus
315 5376 433 5433 semper
446 5360 516 5432 eris,
532 5361 692 5434 salvusque
703 5360 849 5418 exercitus
862 5361 972 5419 omnis.

232 5448 317 5506 Salve
328 5465 397 5505 cum
413 5449 526 5524 populo
540 5453 567 5507 te
580 5449 741 5508 comitante
757 5455 818 5508 tuo.

195 5539 229 5594 ut
251 5539 422 5596 cumfratre
438 5542 490 5596 tuo
505 5539 625 5598 salveris
638 5539 774 5614 principe
787 5541 887 5598 Bruno

229 5627 355 5686 Pulchro
367 5633 396 5686 ct
409 5629 440 5684 in
454 5628 539 5701 lucie,
549 5629 659 5688 nobilis
672 5635 706 5688 ut
718 5646 837 5702 genere.

1139 363 1299 434 turegum
1313 363 1421 438 proles,
1438 368 1470 419 tu
1485 378 1608 436 quoque
1622 367 1742 436 sceptra
1757 367 1859 420 tenes.

1102 449 1207 508 Nullus'
1219 455 1247 509 te
1260 468 1366 524 regum
1382 452 1571 510 transcendet
1584 457 1699 510 terreus
1714 468 1875 526 unquam,

1136 539 1253 600 Viribus
1265 545 1294 600 et
1307 542 1416 612 socius,
1432 540 1542 598 nobilis
1554 546 1645 616 atque
1659 542 1740 614 pius.

1100 629 1229 687 lloribus
1244 635 1273 686 et
1285 630 1364 687 mitis
1377 634 1438 688 toto
1454 630 1548 704 polles
1558 647 1681 704 quoque
1697 630 1791 700 iacto,

1136 718 1199 776 lloc
1213 719 1302 776 faciet
1315 719 1470 790 hominus,
1484 720 1584 791 possis
1597 725 1630 776 ut
1643 736 1710 778 esse
1727 736 1816 775 suus.

1100 807 1248 878 Regnanti
1264 808 1391 866 homino
1406 809 1444 864 sit
1456 808 1523 864 laus
1539 824 1594 881 pro
1609 808 1748 882 principe
1765 813 1876 865 nostro
1892 827 1899 862 :

1134 897 1180 953 Ad
1192 897 1346 972 propriam
1360 897 1461 954 sedem
1477 897 1605 954 duxerat
1618 897 1820 955 incolumem.

1100 985 1237 1044 Carmine
1251 986 1380 1060 quisque
1395 1003 1450 1042 suo
1466 988 1556 1042 certet
1568 1001 1747 1044 concurrere
1762 987 1898 1060 pulchro

1136 1074 1281 1132 cordibus
1296 1075 1395 1134 omnis
1409 1091 1506 1144 amor,
1520 1091 1594 1132 voce
1609 1075 1719 1132 feretur
1732 1075 1849 1134 bonor.

1099 1162 1228 1234 Longior
1242 1163 1306 1237 ipse
1322 1163 1386 1220 dies
1399 1163 1594 1220 transcendat
1607 1163 1720 1220 lumine
1733 1169 1858 1232 noctes,

1133 1256 1262 1328 Tempus
1275 1259 1307 1310 ut
1319 1269 1408 1310 omne
1422 1255 1520 1311 modis
1531 1255 1612 1311 hunc
1623 1259 1713 1312 canat
1726 1255 1932 1328 hymnisona.

1099 1346 1196 1403 liuoas
1212 1344 1260 1417 [et]
1275 1343 1393 1416 laudes,
1407 1349 1571 1417 noctesque
1586 1344 1710 1418 diesque
1725 1351 1894 1402 canentes:

1133 1433 1230 1490 Verba
1245 1437 1352 1490 sonent
1364 1433 1515 1498 homines,
1532 1449 1646 1505 organa
1660 1433 1750 1508 pulsa
1762 1450 1871 1492 sonos.

1098 1523 1259 1581 Contremit
1275 1539 1293 1579 a
1307 1522 1406 1580 sonitu
1422 1523 1533 1580 telluris
1547 1523 1682 1580 maxima
1696 1523 1805 1590 moles,

1060 1633 1083 1688 Β
1132 1614 1227 1677 Quem
1241 1609 1356 1668 iaciunt
1370 1611 1485 1684 populi,
1496 1609 1679 1684 lepidulique
1689 1611 1786 1668 chori.

1097 1701 1171 1760 Cum
1194 1699 1323 1756 ducibus
1342 1701 1376 1756 fit
1401 1716 1566 1757 concursus
1585 1700 1691 1774 populi
1707 1701 1846 1774 undique
1871 1719 1929 1758 ma·

1825 1805 1926 1862 ignes,

1132 1879 1187 1947 Qui
1201 1879 1334 1950 gaudent
1348 1882 1477 1953 patriam
1493 1883 1520 1935 te
1535 1894 1669 1936 remeare
1684 1884 1778 1936 tuam.

1095 1969 1269 2039 Francigeni
1283 1969 1361 2025 cives
1377 1973 1514 2042 spectant
1529 1973 1555 2025 te
1571 1973 1689 2041 pectore
1704 1967 1803 2036 mites,

1130 2058 1247 2116 Viribus
1263 2058 1393 2116 audaces
1407 2074 1495 2115 :nam
1511 2064 1562 2115 tua
1576 2059 1744 2132 progenies,

1095 2147 1228 2204 Perfidus
1242 2163 1279 2204 en
1295 2147 1403 2204 nostris
1417 2147 1550 2204 abscedit
1563 2145 1676 2204 tinibus
1688 2147 1784 2204 hostis
1799 2164 1807 2202 :

1130 2240 1154 2293 lt
1166 2236 1257 2310 lupus
1270 2236 1301 2292 in
1316 2235 1427 2309 sylvas,
1443 2235 1553 2294 deserit
1566 2235 1703 2292 insidias.

1095 2327 1269 2384 Barbaricas
1284 2331 1387 2398 gentes
1404 2325 1456 2382 tibi
1471 2325 1586 2392 subdis,
1602 2325 1687 2382 baud
1703 2325 1787 2382 timet
1800 2325 1890 2394 ullus,

1129 2415 1274 2488 Agricolae
1286 2415 1427 2488 psallunt,
1444 2414 1526 2488 quod
1540 2413 1648 2488 placet,
1659 2415 1718 2471 hoc
1727 2414 1853 2472 iaciunt.

1093 2507 1184 2561 Mina
1195 2506 1307 2576 jacent,
1321 2508 1350 2561 et
1362 2507 1447 2559 scuta
1463 2503 1558 2570 silent,
1571 2509 1598 2558 te
1613 2503 1748 2576 principe
1760 2519 1821 2577 pax
1835 2513 1889 2572 cst,

1129 2593 1232 2652 Nullus
1245 2593 1284 2650 ab
1297 2593 1502 2663 adversisynos
1516 2593 1588 2666 petit
1601 2591 1726 2648 insidiis.

1092 2683 1285 2755 Dulcigenam
1294 2682 1332 2740 de
1343 2688 1370 2738 te
1382 2683 1520 2755 cupimus
1532 2697 1655 2755 quoque
1664 2698 1787 2738 cernere
1799 2683 1921 2756 prolem.

1128 2773 1218 2846 Spem
1230 2771 1349 2837 nostris,
1367 2769 1499 2826 vahdam
1514 2769 1644 2827 barbara
1660 2775 1748 2840 gente
1764 2771 1881 2841 lugam.

1094 2861 1135 2918 Sit
1149 2866 1201 2917 tua
1216 2859 1374 2933 progenies
1389 2865 1489 2915 noster
1508 2863 1534 2916 te
1551 2859 1686 2932 principe
1701 2861 1854 2933 princeps,

1056 2983 1080 3046 Β
1127 2953 1285 3006 Possessor
1300 2947 1376 3018 solii,
1393 2953 1490 3004 rector
1502 2953 1530 3004 et
1542 2947 1670 3021 imperii.

1094 3043 1190 3114 Usque
1200 3041 1259 3096 huc
1270 3038 1433 3110 gaudendo
1441 3055 1501 3094 vox
1514 3037 1919 3109 dur,midomne,caneba1u:

1128 3128 1266 3184 Lusimus
1280 3125 1451 3199 omnigenis
1466 3125 1604 3183 cautibus
1619 3131 1649 3183 et
1661 3127 1779 3184 studiis.

1092 3221 1164 3275 Ecce
1176 3222 1297 3286 repente
1310 3217 1368 3274 ruit
1381 3216 1506 3274 tonitrus
1518 3215 1600 3273 velut
1613 3216 1722 3273 aethere
1737 3217 1861 3287 missus,

1126 3307 1251 3364 Nuntius
1263 3305 1434 3381 impatiens,
1451 3305 1557 3362 nuntia
1571 3305 1638 3364 dira
1652 3305 1748 3362 iercns

1091 3396 1123 3452 ln
1137 3410 1194 3452 nos
1208 3395 1320 3451 iratum
1333 3409 1384 3450 vos
1399 3392 1473 3449 dixit
1487 3393 1600 3450 fortiter
1612 3409 1685 3464 esse,

1127 3486 1161 3540 Ut
1179 3482 1288 3556 probat
1303 3485 1438 3538 eventus.
1455 3481 1506 3538 llei
1521 3483 1595 3538 mihi
1608 3481 1677 3555 quid
1687 3481 1794 3536 taciem
1811 3482 1826 3536 ,⁹

1062 3629 1064 3634 ,
1090 3574 1164 3628 Nam
1191 3570 1390 3630 tremebunda
1415 3587 1526 3628 manus
1552 3586 1684 3645 percussa
1709 3573 1753 3624 est
1774 3567 1912 3624 fulminis

1831 3656 1914 3728 lira:

1124 3749 1237 3806 Terrrrit
1250 3749 1389 3818 infantes,
1405 3748 1533 3823 perculit
1546 3750 1610 3822 ipse
1626 3763 1719 3806 senes.

1089 3845 1159 3912 lgne
1173 3839 1214 3896 tui
1229 3839 1356 3896 nimium
1371 3843 1519 3898 torremur
1531 3854 1641 3912 nempe
1655 3837 1774 3908 luroris,

1124 3929 1195 3997 Quis
1209 3928 1318 4003 poterit
1331 3928 1431 3986 verbis
1450 3928 1516 3985 haec
1531 3943 1692 3986 numerare
1707 3927 1795 3984 suis?

1087 4020 1208 4078 Decoxit
1222 4018 1348 4076 miseros
1363 4018 1484 4092 proprio
1497 4034 1552 4093 pro
1565 4017 1691 4075 crimine
1706 4021 1812 4084 tactos,

1122 4111 1313 4166 Persarutaus
1328 4106 1435 4164 vidum
1450 4105 1594 4181 corporis,
1610 4111 1702 4181 atque
1716 4107 1865 4164 animum.

1088 4199 1252 4269 Tangimur
1269 4195 1393 4253 invalidi
1404 4195 1562 4269 permagni
1576 4195 1710 4252 criminis
1724 4211 1811 4262 aura,

1123 4292 1186 4345 Non
1201 4288 1254 4344 llat
1267 4289 1437 4354 ventorum,
1451 4285 1505 4343 sed
1523 4283 1603 4342 mala
1616 4285 1662 4342 vis
1676 4285 1848 4342 hominum.

1088 4377 1145 4435 Sed
1159 4393 1227 4450 quae
1241 4379 1325 4434 tanta
1339 4374 1394 4432 luit
1408 4391 1563 4432 servorum
1579 4375 1669 4449 culpa
1684 4379 1818 4446 tuorum,

1123 4469 1158 4524 Ut
1171 4465 1254 4523 nullo
1273 4463 1355 4520 licuit
1367 4479 1499 4534 cernere,
1511 4479 1602 4537 quem
1619 4463 1739 4520 voluit?

1087 4559 1235 4614 Excusare
1250 4551 1335 4610 nefas
1350 4553 1496 4626 potuisset
1514 4552 1589 4610 iorte
1606 4552 1651 4609 vel
1663 4568 1754 4609 uuus.

1122 4648 1179 4704 Cur
1193 4643 1273 4700 cadit
1287 4642 1319 4698 in
1334 4640 1452 4698 facinus
1467 4657 1539 4714 grex
1554 4640 1644 4698 simul
1655 4641 1865 4698 innumerus?

1086 4735 1143 4793 Sed
1157 4737 1268 4791 tantem
1284 4731 1424 4788 miserere
1444 4731 1513 4802 tuis,
1526 4732 1592 4804 jam
1603 4746 1694 4804 parce
1709 4730 1845 4800 misellis,

1121 4821 1252 4896 ludlgnis
1265 4820 1386 4880 famulis
1400 4821 1453 4879 sed
1467 4818 1607 4878 miserere
1620 4820 1688 4877 tuis.

1464 4909 1531 4968 lllll.

1260 5002 1305 5058 Dc
1323 5000 1424 5058 codem
1443 5015 1565 5058 cannen
1580 5000 1734 5057 motivum.

1083 5093 1177 5162 Salve,
1192 5089 1338 5148 nobilium
1356 5092 1464 5160 Cesar,
1479 5105 1548 5163 spes
1563 5087 1675 5162 inclyta
1687 5091 1823 5163 patrum,

1119 5181 1174 5248 Qui
1188 5181 1290 5236 laetum
1301 5180 1424 5238 veniens
1438 5178 1563 5236 advehis
1575 5194 1627 5237 ore
1640 5178 1731 5236 diem.

1082 5273 1176 5337 Quem
1190 5273 1274 5326 Pater
1287 5269 1444 5337 immense,
1460 5283 1552 5342 quem
1567 5267 1629 5340 Fili,
1647 5267 1775 5341 suscipe,
1788 5267 1878 5332 celse.

1117 5363 1150 5416 ut
1165 5364 1302 5416 sanctum
1318 5359 1448 5426 Flamen,
1466 5358 1561 5416 trinus
1576 5364 1607 5415 ct
1620 5373 1711 5426 unus,
1726 5373 1830 5414 amen.

1080 5451 1202 5521 Susclpe
1214 5448 1376 5519 laetantem,
1396 5449 1493 5503 mater
1506 5446 1686 5516 castissima,
1700 5461 1823 5502 servum

1118 5537 1256 5606 Ecclesia,
1270 5540 1299 5593 et
1312 5541 1417 5593 natum
1428 5535 1547 5610 suscipe
1559 5534 1628 5592 loeta
1642 5541 1738 5593 tuum.

1079 5633 1178 5688 caesar
1193 5628 1318 5685 famosa
1331 5627 1408 5685 redit
1419 5643 1457 5685 en
1472 5626 1510 5684 de
1521 5625 1653 5686 culmine
1665 5629 1768 5685 Romae
