3996 6186
187 239 234 290 1191

648 206 775 264 eadat.
796 190 1019 258 lllLDESHElld·
1041 178 1438 250 01111111111111581111.

1839 163 1898 219 592

705 326 867 386 abactas
887 308 1223 375 HlLDESHElldENSES.
1243 310 1276 361 h.
1299 308 1377 360 1105.

186 442 329 500 scelerum
342 441 370 493 et
379 427 643 491 immundiciarum
649 437 716 496 qum
727 413 942 492 pateregerats

186 533 324 591 cissimus
340 529 443 581 auctor
458 518 604 587 existerat,
620 517 648 570 et
660 505 825 583 apostolica
836 497 952 560 auctori

187 618 376 694 deposuerat,
391 615 419 668 et
433 609 525 666 alium
539 606 570 662 in
584 604 685 659 locum
699 599 776 669 ejus,
789 607 881 668 quem
908 602 960 643 rex
985 599 1001 640 e

185 713 281 769 clerus
308 705 444 778 ejusdem
468 698 526 755 loci
553 694 649 765 elegit,
673 687 872 747 constituerat.
896 677 1015 735 laterim

185 817 256 858 vero
272 796 426 854 visumest
441 789 537 846 cidem
553 779 728 840 Gebehardo
743 769 913 848 apostolicae
934 763 1014 822 sedis

184 892 292 961 legato,
309 890 337 942 et
351 877 523 939 lluothardo
537 869 670 948 pontitici
685 863 864 934 llogontino,
881 857 911 913 in
922 852 1015 911 ebdo-
1069 842 1163 911 nisse,
1180 839 1322 897 continuo

186 979 278 1037 made
294 979 361 1032 ante
376 969 568 1044 pentecosten
583 959 694 1018 habere
716 951 876 1011 concilium
904 947 935 1002 in
958 946 1014 1000 Tu·

186 1067 293 1138 ringia,
312 1063 342 1119 in
357 1061 423 1116 loco
439 1056 491 1129 qui
507 1052 614 1110 dicitur
641 1045 833 1108 northusum,
861 1041 890 1094 et
917 1031 1017 1091 aeccle-

189 1159 265 1215 siam
280 1154 429 1226 quantum
444 1143 610 1218 potuissent
625 1135 664 1194 ad
692 1131 850 1207 pristinum
875 1136 1016 1182 revocare

187 1251 309 1315 statum,
323 1246 351 1298 et
366 1238 521 1312 antiquam
537 1235 657 1304 patrum
672 1222 807 1294 regulam
820 1219 859 1274 ibi
871 1215 995 1272 recitare
1007 1229 1014 1278 3

188 1336 298 1394 scilicet
311 1333 465 1389 invasores
481 1322 647 1396 episcopos,
665 1331 718 1370 nec
744 1327 804 1368 non
832 1312 872 1364 ct*
885 1322 921 1362 eo
964 1319 985 1376 q

189 1433 260 1484 tunc
271 1417 414 1494 temporis
427 1413 610 1471 intraverant
625 1403 809 1479 symoniace,
820 1397 905 1454 vivos

187 1532 269 1583 nere,
283 1516 312 1568 et
327 1507 460 1582 sepultos
476 1499 617 1566 ellodere,
631 1501 660 1552 et
672 1494 711 1550 ab
726 1493 767 1548 eis
778 1487 931 1546 ordinatos
955 1497 1017 1537 ma-

188 1623 245 1663 nus
258 1597 487 1674 imposicionem
503 1585 688 1646 acatholicis
704 1581 845 1652 recipere,
861 1580 889 1631 et
913 1585 1019 1628 uxora-

189 1701 235 1753 tos
248 1691 369 1750 clericos
381 1684 497 1742 nullum
507 1674 644 1736 divinum
655 1672 787 1729 cilicium
796 1665 956 1724 celebrare.
968 1661 1018 1715 His

189 1787 230 1842 ita
244 1781 346 1838 divina
362 1774 524 1849 inspirante
541 1765 635 1838 gratia
649 1763 702 1818 rite
718 1755 882 1830 dispositis,
898 1769 959 1819 111,
977 1766 1022 1807 as·
1040 1754 1060 1807 B

191 1870 318 1944 sumptis
331 1862 499 1924 saxonibus
514 1862 542 1914 et
555 1851 729 1912 Ruothardo
743 1841 953 1917 archipraesule
966 1843 1021 1896 llo·

192 1959 326 2033 gontin0,
343 1954 394 2027 qui
409 1951 461 2007 diu
478 1949 592 2020 apatre
606 1957 661 1997 suo
683 1941 745 1994 erat
771 1932 925 2006 expulsus,
952 1927 1023 1999 post

191 2047 375 2107 nativitatem
399 2040 493 2097 sancti
517 2030 660 2092 iohannis
687 2025 836 2099 Baptistae,
864 2019 903 2076 ad
929 2012 1022 2072 Rheni

192 2136 325 2196 flaminis
337 2133 434 2208 ripam
449 2141 545 2199 usque
560 2118 748 2196 perveniunt.
773 2117 793 2168 F.
818 2113 922 2166 contra
951 2118 1022 2159 vero

192 2232 287 2303 pater,
301 2223 352 2296 qui
367 2225 438 2277 tunc
452 2212 607 2284 Mogontia
621 2223 690 2264 cum
706 2203 768 2259 suis
782 2198 902 2266 mansit,
919 2191 1023 2250 transi-

194 2323 257 2374 tum
271 2309 401 2383 negavit,
418 2311 446 2364 et
460 2321 493 2361 os
506 2317 622 2371 omnes,
640 2295 770 2352 maxime
787 2288 926 2346 comitem
943 2282 1023 2340 Pala-

195 2408 303 2472 tinum,
315 2399 366 2474 qui
383 2397 444 2453 tilio
464 2386 671 2450 transmeandi
698 2379 875 2457 promiserat
897 2387 1024 2446 appara-

195 2501 270 2561 tum,
294 2487 430 2548 mercede
458 2479 598 2553 corrupit,
627 2475 814 2541 classemque
838 2463 962 2522 navium
984 2459 1024 2516 ad

196 2587 317 2660 portam
333 2573 481 2635 transtulit
493 2566 706 2639 Mogontinum,
724 2571 877 2628 manuque
896 2551 1023 2608 rnilitum

196 2680 225 2731 et
238 2668 359 2739 civium,
376 2681 412 2722 ne
429 2659 573 2722 transiret,
589 2650 749 2728 prohibuit.
766 2650 802 2702 ht
814 2644 904 2712 illiue,
918 2639 1024 2696 videns

197 2779 227 2818 se
250 2757 342 2833 patris
364 2749 506 2826 potencia
532 2744 718 2818 praeventum
742 2741 771 2793 et
799 2749 830 2789 se
853 2746 916 2787 non
936 2740 1024 2799 posse

196 2855 390 2910 transmeare,
406 2835 593 2908 Mogontinus
609 2828 731 2886 antistes
744 2820 916 2891 'turingiam
930 2829 1026 2871 rever-

197 2938 267 2994 titur
283 2953 290 3004 3
306 2935 450 3005 ipsevero
477 2920 650 2980 ll'erzeburc
677 2914 779 2981 sitivit,
800 2914 827 2966 11
849 2906 1024 2981 episcopum

199 3023 351 3089 Erlollum,
377 3031 468 3090 quem
503 3015 588 3085 pater
623 3021 695 3062 suus
723 3001 836 3057 ibidem
865 2991 1024 3058 constituit,

198 3110 347 3186 deposuit,
361 3111 389 3163 11
401 3105 595 3176 lluopertum,
611 3093 747 3166 ejusdem
762 3083 934 3145 monasterii
955 3096 1027 3154 prae-
1046 3107 1066 3162 C
1081 3069 1133 3125 filii
1144 3067 1289 3142 impedire
1307 3083 1314 3133 ;
1329 3063 1491 3137 ipsumque
1508 3062 1574 3132 post
1603 3071 1656 3112 eos

198 3201 341 3277 positum,
369 3193 437 3251 tecit
460 3185 797 3264 episcopum.Cu1uque
820 3190 873 3248 per
887 3171 950 3228 dies
978 3167 1028 3224 ali-

198 3291 281 3368 quod
307 3287 381 3346 inibi
407 3284 584 3348 moraretur,
613 3273 653 3330 ad
681 3268 884 3327 uadisbonam
920 3261 1027 3317 iterum

198 3380 363 3440 revertitur.
390 3374 432 3431 Ad
468 3367 586 3438 vincula
615 3378 685 3420 vero
711 3355 806 3414 sancti
843 3350 918 3409 Petri
943 3352 1028 3422 pater

200 3475 265 3543 ejus
280 3468 403 3524 collecto
418 3459 546 3518 exercitu
559 3451 725 3523 insequitur
740 3461 809 3502 erim
828 3457 902 3514 ;per
926 3441 1028 3493 Bawa-

199 3561 276 3616 riam
303 3557 357 3611 iter
384 3565 474 3606 saum
498 3542 613 3609 direxit,
628 3544 704 3594 etos
728 3548 844 3597 0111111,
872 3543 948 3600 quos
976 3540 1027 3597 po·

201 3649 284 3711 terat,
298 3640 351 3714 qui
374 3636 435 3692 tilio
462 3629 657 3692 adherebant,
672 3621 818 3680 vastando
843 3621 871 3672 et
885 3616 953 3685 igne
968 3629 1028 3668 cre-

201 3731 315 3789 mando
331 3722 490 3788 consumit,
507 3723 535 3774 et
550 3717 592 3772 sic
606 3715 646 3770 ad
661 3711 865 3767 Radisoonam
887 3703 928 3759 ire
957 3717 1027 3757 con-

200 3819 305 3889 tendit,
317 3815 369 3874 ubi
379 3813 474 3870 tilium
487 3823 551 3866 esse
563 3801 712 3874 cognovit.
730 3801 765 3855 Ut
779 3801 878 3853 autern
889 3791 968 3848 lilius
979 3806 1029 3845 au-

87 3944 89 3950 ·
201 3911 275 3970 divit
299 3910 414 3981 patrem
439 3917 475 3957 ex
503 3892 656 3970 inproviso
679 3889 747 3944 urbi
773 3881 1027 3959 appropinquare,

201 4003 251 4058 vix
278 3993 417 4059 abcessit,
449 3993 477 4047 et
503 3984 631 4043 fluvium
654 3978 706 4052 qui
727 3975 834 4032 dicitur
849 3975 946 4042 Regen
960 3984 1029 4024 curn

202 4092 264 4148 suis
278 4081 490 4146 transvadavit.
507 4083 581 4132 llum
595 4086 668 4128 vero
680 4073 804 4138 uterque
826 4076 931 4118 eorum
959 4075 1030 4132 pau-

201 4178 286 4235 latim
307 4190 377 4230 suos
392 4167 597 4238 congregaret,
612 4164 640 4217 et
659 4157 720 4213 dux
747 4152 872 4210 Bocmiae
894 4149 972 4222 patri
998 4147 1029 4204 in

203 4263 348 4324 auxilium
362 4258 526 4323 adveniret,
540 4249 641 4308 nuncii
654 4249 730 4303 inter
744 4260 795 4299 eos
811 4239 988 4310 diriguntur,
1005 4237 1030 4293 si

203 4369 264 4426 quo
280 4349 371 4407 modo
395 4346 521 4419 possent
543 4338 583 4396 ad
611 4349 717 4410 pacem
741 4329 852 4386 reduci.
881 4328 929 4384 Set
960 4341 1030 4382 curn

203 4440 286 4500 nulla
297 4455 365 4512 spes
389 4429 593 4505 recuperande
603 4425 688 4500 pacis
701 4420 748 4477 vel
761 4416 920 4476 concordie
943 4415 1027 4482 foret,
1049 4455 1070 4508 D

203 4537 232 4590 et
245 4546 316 4604 pars
331 4542 391 4583 suae
406 4517 604 4580 multitudinis
619 4526 755 4588 pugnare
771 4523 831 4565 non
847 4507 979 4574 auderet,
1002 4508 1031 4561 et

203 4622 264 4678 tilio
276 4616 359 4675 nullo
372 4612 463 4672 modo
478 4610 579 4684 posset
590 4604 736 4667 resistere,
751 4603 837 4655 nocte
866 4613 935 4653 cum
959 4610 1033 4668 pau-

203 4712 245 4769 ais
259 4703 441 4766 fidelissimis
469 4697 605 4765 elabitur,
630 4697 657 4750 et
685 4706 739 4765 pcr
763 4685 913 4744 Boemiam
939 4687 1031 4742 Saxo-

202 4799 345 4871 niamque
358 4809 428 4850 cum
441 4803 554 4859 magna
568 4781 740 4840 difficultate
766 4776 897 4833 saltuum
924 4777 953 4830 et
978 4771 1032 4827 tlu-

202 4890 320 4947 minum
343 4890 550 4941 transcurrens
582 4869 737 4930 revertitur
775 4863 966 4935 hloguatiam,
1007 4861 1032 4915 si

202 4978 276 5035 forte
289 4967 507 5032 transvadandi
528 4968 659 5038 portum,
688 4963 720 5014 11
745 4959 843 5024 antea,
872 4950 1030 5026 prohibere

201 5067 324 5123 valeret.
341 5060 443 5120 Statim
458 5056 536 5113 tilius
549 5068 619 5109 cum
634 5047 697 5104 suis
711 5047 826 5118 patrem
853 5039 1029 5112 insequitur,

203 5159 232 5210 et
243 5152 333 5227 Spina
347 5149 427 5206 venit
441 5146 478 5202 ad
493 5144 640 5207 Rhenum,
660 5134 884 5209 praelectunqne
915 5127 1031 5201 Spiren-

204 5259 267 5299 sem
280 5237 417 5296 mercede
433 5231 585 5295 conduxit,
601 5231 630 5284 et
641 5226 672 5282 in
686 5221 787 5292 vigilia
797 5218 933 5276 omnium
946 5231 1031 5273 sanc·

202 5324 434 5386 torumnavium
449 5323 627 5394 apparatum
648 5313 704 5370 sibi
723 5304 972 5372 accommodavit,
1002 5309 1031 5359 et

238 5435 246 5506 (
252 5435 314 5504 1111)
332 5431 587 5491 llirsauecensem,
602 5416 854 5487 Hirsaugiensem.

241 5505 426 5577 1111111111.
443 5504 459 5553 ’1
477 5514 487 5563 ,·
497 5512 555 5553 oon
569 5496 676 5565 prema
690 5502 796 5546 manns
808 5486 905 5541 deleto
920 5487 972 5537 est.

943 419 1012 480 pur-
1029 402 1162 455 Amana
1175 395 1314 466 militum,
1343 408 1382 448 ne
1406 387 1474 462 quis
1501 382 1646 442 obsistere
1672 381 1774 454 posset
1796 376 1900 434 donec

954 498 1012 552 tate
1068 490 1189 563 portum
1228 483 1436 546 transmearet,
1469 472 1606 532 obtinuit.
1639 471 1672 525 ln
1705 466 1753 524 die
1793 468 1900 524 autem

1003 586 1014 639 t
1068 575 1205 631 omnium
1219 576 1391 630 sanctorum
1406 565 1549 624 abbatem
1559 560 1811 617 hirsowecensem
1820 552 1901 623 (1111)

1069 662 1241 720 sublimavit
1266 662 1297 718 in
1322 659 1499 735 episcopum
1527 649 1707 724 spirensem.
1735 643 1901 700 1111111111

1070 755 1257 825 compertum
1270 754 1314 806 est
1330 745 1406 822 patri
1426 743 1523 800 filium
1552 737 1635 812 Spire
1657 734 1696 792 ad
1719 735 1835 790 Renum
1848 744 1901 784 vc-

1349 837 1419 892 illuc
1433 834 1470 889 de
1482 827 1633 901 lloguntia
1645 837 1823 899 properans,
1839 816 1901 874 sihi

1070 930 1227 988 transitum
1256 925 1421 1002 praepedire
1440 923 1505 994 J'am
1541 931 1679 991 sperans,
1705 911 1789 968 illum
1826 922 1902 964 cnm

1070 1021 1132 1078 suis
1145 1017 1358 1075 transvadasse
1370 1011 1499 1070 nimium
1513 1005 1696 1080 stupetactus
1718 997 1842 1068 audivit,
1872 1001 1902 1052 et

1070 1125 1143 1166 mox
1156 1109 1263 1165 cadem
1276 1105 1324 1162 die
1339 1102 1433 1160 nimio
1460 1096 1616 1175 perculsus
1644 1092 1748 1150 timore
1768 1086 1901 1155 rediens,

1067 1201 1190 1271 jejunus
1203 1201 1232 1252 et
1244 1194 1334 1252 nimis
1349 1192 1490 1263 fatigatus
1500 1183 1680 1258 llogontinm
1704 1178 1794 1236 venit.
1821 1175 1902 1232 Alte·

924 1321 936 1358 s
986 1300 1017 1356 ui
1071 1305 1105 1346 ra
1120 1302 1191 1344 vero
1207 1285 1254 1342 die
1270 1283 1412 1341 abbatem
1432 1281 1470 1336 dc
1499 1278 1602 1333 sancto
1626 1271 1752 1338 Albano,
1776 1265 1902 1323 nomine

928 1393 1018 1464 depo.
1071 1373 1296 1440 Theodericum,
1327 1369 1410 1444 Spire
1438 1365 1538 1437 dirigit
1563 1361 1603 1419 ad
1634 1376 1715 1432 eum,
1743 1356 1902 1414 obtestans

1072 1466 1325 1538 eumperbeum,
1347 1463 1380 1516 ut
1403 1455 1609 1514 recordaretur
1634 1463 1666 1506 se
1693 1451 1809 1522 patrem
1835 1443 1902 1513 ejus

1073 1569 1149 1624 esse,
1172 1556 1201 1607 et
1224 1566 1262 1606 nc
1278 1553 1340 1606 tam
1355 1544 1544 1621 pertinaciter
1558 1556 1628 1598 eum
1649 1555 1669 1594 a
1696 1549 1789 1606 regno
1813 1529 1904 1588 vellet

1048 1681 1049 1686 1
1072 1640 1224 1714 repellere.
1239 1638 1288 1694 lile
1304 1637 1407 1693 audire
1418 1632 1530 1690 distulit
1542 1632 1586 1686 set
1598 1627 1656 1684 hoc
1672 1625 1719 1682 ille
1733 1619 1903 1682 mandavit,

1074 1736 1106 1788 nt
1119 1731 1158 1786 ab
1169 1729 1243 1785 urbe
1257 1725 1344 1784 vellet
1354 1725 1428 1782 citus
1443 1720 1568 1792 digredi,
1582 1733 1620 1774 ne
1635 1715 1834 1787 occuparetur
1863 1709 1903 1765 ab

1074 1819 1212 1878 inimicis.
1235 1822 1271 1874 111
1298 1814 1345 1873 ille
1369 1809 1550 1888 quantocius
1576 1806 1845 1874 urhemegressus,
1863 1799 1903 1855 ad

1074 1909 1230 1967 castellum
1266 1908 1439 1962 llamersten
1478 1898 1566 1965 venit,
1601 1894 1703 1968 ibique
1725 1887 1903 1964 aliquandiu

1075 2003 1289 2056 commoratur.
1307 1992 1395 2050 l'ilius
1414 2006 1483 2047 vero
1503 1984 1683 2058 Mogontiam
1706 1979 1799 2051 venit,
1825 1977 1904 2047 lega·

1074 2091 1120 2144 tos
1158 2084 1330 2156 Turingiam
1357 2085 1426 2155 post
1448 2079 1626 2153 episcopum
1653 2070 1750 2140 mittit,
1780 2073 1809 2125 et
1834 2082 1904 2122 eum

1076 2177 1212 2249 gloriosae
1239 2178 1350 2232 sanctae
1372 2168 1523 2237 aecclesiae,
1548 2183 1567 2222 a
1584 2177 1647 2238 qua
1672 2159 1814 2234 depulsus
1842 2157 1905 2213 tue-

1075 2271 1122 2322 rat
1135 2282 1154 2321 1
1168 2269 1262 2338 patre,
1279 2259 1413 2319 restituit.
1431 2261 1498 2315 Post
1521 2256 1584 2312 hece
1598 2257 1683 2327 pater
1697 2247 1797 2304 videns
1826 2244 1906 2302 mul·

1075 2353 1233 2412 titudinem
1247 2349 1419 2425 principum
1431 2363 1468 2402 ex
1489 2343 1573 2402 omni
1600 2355 1695 2411 regno
1720 2334 1905 2406 llogontiam

1076 2443 1237 2510 contluere,
1253 2445 1282 2497 11
1295 2436 1453 2512 apostolici
1466 2433 1593 2491 nuncios
1604 2430 1709 2487 debere
1733 2427 1807 2499 (101)
1833 2423 1906 2480 inte-

1076 2548 1166 2600 resse,
1181 2536 1209 2587 et
1220 2546 1276 2604 pro
1288 2533 1368 2586 certo
1384 2525 1494 2594 sciens,
1506 2521 1579 2596 quia
1592 2519 1670 2576 filius
1684 2513 1824 2588 gencrale
1845 2511 1906 2568 col-

1076 2621 1213 2695 loquium
1228 2618 1269 2675 ibi
1279 2617 1368 2673 vellet
1379 2615 1501 2681 habere,
1512 2609 1647 2680 cogitans
1660 2606 1684 2662 si
1704 2605 1779 2661 torte
1806 2604 1909 2676 posset

1077 2711 1178 2786 aliqua
1191 2708 1310 2767 racione
1337 2721 1442 2762 eorum
1467 2700 1651 2759 voluntatem
1679 2696 1907 2765 interrumpere,

1078 2799 1224 2876 premisit
1251 2796 1418 2854 Palatinum
1433 2790 1612 2864 Sigelridum
1624 2792 1652 2844 ct
1672 2789 1817 2843 comitem
1846 2781 1909 2836 Wil-

1078 2889 1251 2956 lehelmum,
1268 2885 1321 2959 qui
1335 2884 1435 2940 adhuc
1448 2878 1588 2938 conducti
1599 2875 1737 2933 mercede
1750 2887 1857 2930 secum
1867 2885 1909 2925 re

1078 2980 1263 3046 manserant,
1279 2975 1303 3031 si
1318 2973 1392 3030 torte
1407 2965 1753 3045 potuissentcondiotum
1763 2959 1909 3036 placitum

1681 3051 1820 3127 praedixit
1845 3064 1910 3105 esse

1083 3157 1342 3214 olamvcnturum.
1373 3153 1507 3222 Cumque
1537 3146 1576 3202 ad
1589 3144 1704 3208 silvam,
1732 3153 1910 3214 11111111-

1083 3253 1129 3304 tur
1154 3249 1214 3304 San
1239 3245 1321 3316 (1113),
1347 3239 1549 3304 advenissent,
1575 3241 1604 3291 et
1625 3232 1720 3289 filium
1749 3245 1819 3286 cum
1841 3243 1908 3282 ma·

1083 3352 1143 3409 gno
1155 3333 1285 3391 exercitu
1299 3330 1358 3387 alia
1369 3332 1453 3402 parte
1467 3323 1656 3399 reperissent,
1672 3322 1760 3393 eique
1786 3317 1910 3374 minime

1082 3425 1216 3482 resistcre
1231 3421 1409 3495 potuissent,
1425 3415 1526 3474 media
1538 3417 1625 3471 nocte
1640 3411 1743 3482 lugam
1768 3407 1908 3464 inierunt.

1085 3519 1148 3587 lpse
1163 3517 1263 3569 autem
1279 3526 1331 3566 eos
1344 3509 1506 3577 insecutus,
1527 3504 1565 3560 ad
1580 3499 1799 3559 Confluentiam
1822 3495 1908 3553 venit.

1083 3601 1125 3657 lbi
1137 3604 1254 3674 patrem
1266 3613 1303 3655 ex
1317 3597 1375 3653 alia
1386 3599 1468 3669 parte
1488 3590 1622 3648 fluminis
1634 3588 1757 3646 invenit.
1775 3589 1910 3658 Cumque

1084 3690 1175 3748 ambo
1189 3687 1266 3745 inibi
1280 3685 1500 3753 convenissent,
1513 3685 1598 3754 pater
1609 3677 1737 3736 nuncios
1765 3675 1850 3732 misit
1872 3672 1909 3730 ad

1083 3779 1189 3848 filiurn,
1212 3792 1324 3848 rogans
1348 3789 1384 3831 ea
1410 3789 1478 3847 quae
1504 3769 1587 3845 pacis
1616 3771 1695 3825 sunt.
1724 3765 1814 3822 Filius
1843 3779 1911 3820 vero

1084 3877 1166 3927 trans
1181 3867 1293 3925 tlumen
1307 3866 1346 3922 ad
1361 3867 1478 3938 patrem
1491 3860 1623 3926 venicus,
1648 3872 1679 3913 se
1705 3855 1835 3930 pedibus
1861 3851 1912 3910 fibi

1085 3959 1131 4016 sui
1143 3957 1284 4024 advolvit,
1297 3960 1325 4011 et
1338 3954 1411 4027 quia
1425 3951 1504 4008 filius
1519 3955 1549 4006 et
1563 3947 1686 4018 sanguis
1701 3946 1767 4018 ejus
1782 3951 1861 4001 esset
1871 3959 1912 3999 re

1084 4048 1203 4107 cordari
1215 4045 1311 4113 vellet,
1344 4041 1516 4115 premonuit
1529 4040 1614 4113 (1111).
1642 4042 1678 4094 nt
1705 4041 1810 4094 contra
1835 4034 1911 4092 filius

1084 4137 1177 4213 patris
1188 4135 1314 4207 genibus
1326 4131 1496 4201 advolutus,
1524 4127 1661 4199 rogabat,
1689 4131 1722 4182 ut
1747 4123 1912 4200 apostolico

1085 4233 1114 4285 11
1128 4225 1212 4284 omni
1221 4240 1314 4294 regno
1329 4220 1417 4280 vellet
1427 4218 1549 4277 obedire
1561 4236 1568 4287 ;
1582 4215 1665 4291 quod
1679 4214 1702 4270 si
1711 4213 1914 4271 nollatcoelee

1085 4322 1145 4375 tem
1156 4319 1250 4372 Deum
1262 4317 1378 4387 patrem
1400 4309 1523 4376 habere,
1550 4311 1578 4364 11
1606 4305 1662 4362 sibi
1689 4310 1807 4360 terreno
1835 4301 1914 4374 patri

1085 4404 1204 4479 penitas
1233 4401 1274 4457 ibi
1299 4401 1329 4456 in
1355 4397 1584 4473 presentiarum
1606 4392 1694 4449 vellet
1724 4390 1912 4458 renunciare,

1086 4492 1230 4568 promisit,
1246 4495 1290 4548 set
1304 4489 1427 4546 minime
1443 4483 1612 4560 complevit.
1629 4485 1765 4554 Cumque
1788 4478 1861 4536 taba
1886 4482 1915 4534 et

1085 4585 1132 4640 his
1147 4581 1255 4638 similia
1268 4579 1306 4635 de
1321 4583 1401 4635 statu
1415 4574 1558 4634 aecclesiae
1572 4577 1601 4629 et
1615 4572 1652 4628 de
1682 4570 1776 4626 salute
1803 4568 1914 4625 animae

1086 4673 1151 4743 ejus
1165 4667 1413 4726 sermocinaretur
1431 4681 1486 4739 per
1501 4669 1596 4721 totum
1621 4660 1712 4726 111111,
1743 4657 1914 4732 vespertino

1086 4767 1218 4832 tempore
1245 4762 1370 4829 uterque
1386 4770 1490 4811 eorum
1506 4751 1545 4810 ad
1564 4749 1736 4823 hospicium
1750 4745 1914 4804 redierunt.

1084 4852 1170 4907 Pater
1201 4847 1325 4922 quidem
1369 4841 1614 4902 incumbentibus
1646 4838 1742 4896 noctis
1783 4836 1916 4894 tenebris

1085 4937 1251 5012 temptabat
1283 4935 1448 5005 aufugere;
1482 4937 1527 4988 set
1564 4929 1692 4988 vallatus
1714 4926 1850 4999 undique
1876 4925 1916 4982 ab

1085 5029 1221 5096 inimicis,
1249 5041 1444 5100 nequaquam
1472 5024 1598 5097 poterat.
1625 5023 1708 5078 11111
1735 5031 1807 5074 vero
1831 5019 1915 5088 patre

1085 5121 1242 5190 assumpto
1264 5116 1304 5171 ad
1314 5113 1468 5171 castellum
1484 5110 1639 5182 Pinguiam
1655 5109 1811 5174 venerunt,
1833 5111 1863 5162 et
1875 5105 1917 5160 ibi

1085 5206 1135 5264 illa
1147 5210 1233 5262 nocte
1247 5204 1510 5277 pernoctaverant,
1526 5203 1555 5256 et
1569 5197 1661 5254 altera
1676 5194 1724 5252 die
1739 5192 1828 5267 quasi
1841 5190 1917 5250 invi-

1084 5304 1149 5356 1111
1165 5297 1195 5351 11
1211 5291 1419 5350 bekelenheim
1434 5290 1508 5363 (405)
1523 5285 1647 5345 deduxit
1660 5283 1828 5354 castellum,
1842 5283 1917 5340 etin

1121 5405 1181 5474 (101
1207 5398 1315 5456 Vellet:
1334 5416 1340 5454 :
1359 5415 1365 5453 :
1384 5414 1410 5452 ::
1428 5394 1545 5452 monuit
1559 5397 1584 5449 1.
1602 5403 1778 5449 1111111111.

1120 5479 1180 5545 (1115
1207 5469 1484 5540 Gau-Bockclheim,
1500 5469 1552 5523 1111
1576 5460 1771 5520 Bichelsbeim
1792 5457 1831 5514 ad
1861 5459 1916 5512 Ne·

238 5579 312 5650 1103)
327 5579 357 5630 11
373 5571 490 5627 sinistra
505 5566 608 5634 Rheni,
631 5565 705 5619 inter
735 5559 844 5628 bingen
867 5559 896 5608 et
921 5550 1029 5606 1110111-
1082 5547 1181 5603 harri?

202 5649 285 5718 rach,
306 5646 359 5703 ubi
377 5636 653 5700 Soneckerschloss.
