4044 6184
764 174 870 232 EPIST.
898 175 943 230 DE
974 171 1002 232 S.
1033 176 1208 232 Mhlillhll.

289 335 544 424 lutharii
574 329 941 430 aristotilis
978 329 1328 427 apostolatti
1359 331 1675 422 MARTIALIS.

160 516 297 576 Dominis
309 514 532 589 gloriosissimis
559 519 649 589 atque
673 512 955 590 praecellentissimis
971 517 993 572 lt
1010 527 1074 569 rem
1087 510 1128 569 ad
1141 505 1195 570 vc's
1210 515 1240 570 et
1252 511 1481 588 requiescerem.
1496 511 1692 571 imitabamur
1706 517 1839 570 vestrum

121 605 299 681 pastoribus
312 608 425 661 sanetae
439 602 585 672 Ecclesia,
612 605 744 660 tornius
757 601 959 660 lemovicensi
1010 601 1072 658 imo
1087 600 1367 674 antiquissimorum
1380 604 1501 658 Patrum
1520 606 1661 671 veterem,
1680 601 1797 659 honum
1812 606 1841 659 et

122 691 281 765 episcopo,
297 693 388 762 atque
409 690 551 746 Onoiuico
567 687 765 759 grammatico
784 685 958 744 doctissimo
1010 689 1196 748 laudabilem
1210 707 1327 748 morem
1340 691 1371 748 in
1383 690 1494 747 litaniis
1509 695 1538 748 et
1557 690 1587 747 in
1602 689 1743 748 omnibus
1757 691 1840 748 diur-

123 779 232 836 ahhati
262 776 516 835 monasteriorum
547 776 628 834 beati
653 775 791 835 Martialis
819 774 957 849 apostoli,
1011 777 1057 834 nis
1068 778 1194 850 agendis
1209 779 1248 836 de
1267 779 1375 836 eodem
1397 783 1501 836 sancto
1527 778 1689 852 apostolo:
1720 783 1748 835 et
1772 795 1840 836 ecee

122 883 246 926 necnon
267 871 295 924 et
308 866 553 924 reverentissimis
577 865 715 940 patribus
743 863 959 940 philosophicis
1012 883 1135 942 serpens
1145 873 1323 926 veternosus
1334 867 1438 926 omnia
1456 869 1531 937 haee,
1558 884 1627 942 quae
1652 867 1691 925 ad
1718 869 1840 926 laudem

123 957 234 1014 studiis
248 955 407 1013 liberaliter
423 955 573 1013 instructis
588 958 743 1027 iliiuiioo,
765 953 845 1012 sedis
854 957 958 1012 Lenio-
1015 957 1063 1014 [tei
1078 962 1107 1015 et
1121 957 1288 1032 proiectum
1302 962 1412 1015 sanctae
1428 957 1564 1015 Ecclesiae
1578 958 1655 1015 bene
1669 957 1789 1014 luerent
1801 958 1840 1014 ab

121 1047 200 1102 vicie
215 1046 323 1115 levitic,
338 1045 711 1102 ethuseiiicoetomnibus
729 1043 958 1118 protomartyris
1012 1045 1191 1103 authenticis
1206 1045 1275 1102 viris
1298 1047 1436 1103 inchoate
1468 1063 1503 1103 ac
1527 1047 1626 1120 potius
1653 1052 1839 1120 recuperata,

120 1134 206 1192 beati
232 1134 375 1209 Stephani
405 1134 537 1192 ecclesiae
559 1133 712 1192 canonicis
740 1152 746 1190 :
775 1137 909 1190 hiusaioc
931 1135 960 1190 et
1011 1134 1198 1208 perturbavit
1213 1153 1220 1204 ;
1235 1151 1270 1192 ac
1284 1140 1391 1209 praeter
1406 1151 1454 1192 me
1470 1135 1567 1194 solum
1596 1139 1624 1192 et
1643 1135 1841 1192 Gauzbertuin

119 1228 220 1282 Pario
234 1225 330 1298 perito
343 1224 515 1294 architecto,
542 1239 578 1280 ac
593 1225 724 1282 Gesisno
736 1223 853 1281 decano
867 1227 957 1296 atque
1009 1227 1152 1292 vestrum,
1169 1239 1274 1281 omnes
1286 1239 1305 1280 a
1318 1223 1441 1281 veritate
1460 1223 1559 1282 aversi
1589 1228 1668 1280 sunt.
1685 1227 1759 1280 Nam
1784 1238 1841 1294 ego

120 1317 291 1382 emiliano,
318 1328 437 1369 necnon
468 1310 581 1370 ceteris
621 1309 764 1370 omuibus
794 1308 958 1384 supradicti
1011 1325 1066 1384 pro
1081 1310 1202 1370 veritate
1215 1327 1310 1386 usque
1326 1310 1366 1369 ad
1388 1317 1517 1370 mortem
1539 1311 1665 1368 libenter
1689 1311 1841 1368 decertare

120 1401 257 1476 apostoli
268 1399 447 1460 monachis:
468 1403 624 1458 Euceiiiico
648 1404 677 1458 et
704 1400 787 1458 tratri
799 1399 864 1472 ejus
886 1403 958 1458 Teo·
1011 1399 1128 1470 lestino,
1145 1401 1242 1458 sciens
1256 1401 1357 1460 utilius
1372 1418 1436 1459 esse
1452 1399 1631 1460 scandalum
1644 1399 1728 1458 nasci
1746 1415 1841 1473 quam

41 1509 47 1532 ·
119 1506 222 1568 ranno
231 1489 448 1562 grammaticis,
465 1489 546 1547 sedis
568 1489 733 1546 aniciensis
753 1488 848 1546 heatae
862 1487 958 1547 Marias
1011 1489 1166 1546 veritatem
1179 1488 1276 1547 deseri
1290 1508 1297 1560 ;
1313 1496 1453 1564 etnequc
1468 1506 1561 1558 mors,
1577 1504 1676 1563 neque
1708 1487 1779 1559 vita,
1792 1502 1841 1544 ne·

119 1579 231 1636 matris
243 1579 363 1637 Domini
376 1579 509 1636 ecclesiae
521 1577 673 1637 canonicis
690 1595 696 1634 :
712 1581 846 1636 Wnuuoisi
861 1593 960 1650 gram·
1012 1593 1071 1653 que
1084 1579 1235 1650 instantia,
1251 1596 1349 1655 neque
1364 1580 1476 1649 lutura,
1492 1595 1591 1654 neque
1604 1578 1713 1650 augeb,
1742 1591 1841 1651 neque

119 1669 250 1739 matisc,
265 1668 430 1727 heatiPetri
445 1668 573 1744 apostoli
588 1667 810 1727 belliloacensis
827 1667 958 1727 ecclesiis
1011 1670 1206 1744 principatus,
1230 1684 1329 1744 neque
1351 1669 1488 1738 altitudo,
1521 1684 1620 1742 neque
1643 1665 1839 1743 protundum,

119 1759 281 1816 monacho
309 1774 316 1814 ι
340 1760 470 1814 Genisno
486 1756 581 1814 sancti
593 1756 751 1829 Augustini
767 1755 959 1814 lemovicen·
1012 1773 1110 1832 neque
1123 1762 1260 1816 creatura
1274 1758 1376 1832 aliqua
1388 1758 1497 1834 poterit
1511 1773 1559 1814 me
1583 1771 1755 1832 separares
1770 1755 1841 1812 cha·

121 1849 166 1904 sis
181 1846 358 1905 monasterii
372 1846 487 1920 abbati,
500 1847 553 1904 sed
566 1851 595 1904 et
605 1851 720 1904 cunctis
735 1845 959 1918 congregationi
974 1873 994 1928 B
1013 1847 1098 1905 ritate
1113 1847 1272 1906 etveritate
1283 1849 1344 1918 liei,
1360 1865 1429 1923 quia
1444 1851 1489 1906 est
1509 1847 1541 1903 in
1563 1845 1678 1904 Christo
1705 1848 1774 1902 lesu
1787 1847 1842 1900 llo-

122 1939 194 2010 ejus
211 1955 218 1993 i
235 1941 376 1995 llorceiiio
392 1942 502 2004 sanctie
528 1937 640 1995 valerie
665 1937 880 1996 cambonensis
901 1953 959 1994 cce·
1013 1935 1096 1994 minc
1110 1941 1215 1994 nostro
1229 1942 1259 1995 et
1272 1937 1303 1994 iii
1317 1937 1446 1994 Martiale
1461 1936 1526 2008 ejus
1541 1935 1688 2010 apostolo.

121 2026 212 2084 nobii
230 2026 391 2100 praepositc
419 2026 520 2084 :item
534 2029 666 2085 Gsaiino
695 2025 759 2084 viro
784 2025 959 2084 doctissimo

122 2115 396 2190 Sollempniacensi
411 2115 514 2173 abbati
529 2119 558 2174 et
571 2116 713 2173 omnibus
728 2116 959 2188 monachisejus

119 2199 448 2257 Anauncllothenensi
460 2199 613 2274 episcopo,
621 2203 795 2258 Tasonsiico
809 2215 960 2272 gramma-

120 2289 183 2346 lico
197 2287 319 2347 Metensi
334 2289 477 2364 episcopo
494 2293 671 2358 moriacensi
683 2291 888 2346 Romanorum
902 2293 961 2346 itu·

119 2383 245 2449 gustam
270 2379 374 2435 Corosi
387 2376 496 2434 Caesari
509 2381 646 2450 Augusto
661 2377 833 2452 imperatori
850 2396 856 2435 :
887 2380 959 2434 Wri-

119 2482 217 2525 aeiuso
244 2465 443 2538 grammatico
478 2465 646 2523 orthodoxo
683 2471 713 2524 et
751 2465 958 2540 potentissimo

119 2555 347 2631 Aquitanorum
357 2555 427 2612 duci
443 2574 450 2625 ;
470 2557 568 2612 Joiuri
583 2558 717 2613 Romano
732 2571 832 2630 papae,
848 2559 960 2613 Anesi-

121 2662 179 2702 iits
194 2644 420 2716 ligolismensis,
445 2643 690 2718 presbyterorum
713 2645 847 2714 ultimus,
872 2649 959 2702 rectae

120 2735 198 2792 fidei
210 2738 325 2806 regulae
339 2750 392 2809 per
406 2734 510 2792 omnia
528 2733 760 2804 observantiam,
775 2735 805 2792 in
819 2735 890 2806 lide,
906 2750 959 2810 spe

122 2830 153 2881 et
170 2825 316 2882 crantate
332 2824 450 2881 Domini
465 2823 559 2881 nostri
585 2827 655 2882 iesu
682 2824 791 2883 Christi
815 2823 960 2896 unigeniti

123 2914 190 2972 Filii
217 2914 269 2970 liei
289 2914 457 2971 secundum
483 2929 590 2971 sanam
619 2913 825 2988 apostolorum
851 2913 960 2972 docui·

123 3017 214 3060 nam.

1049 2075 1224 2150 lluoitaque
1239 2075 1388 2145 arachis,
1412 2079 1491 2133 veste
1515 2079 1632 2132 tantum
1655 2076 1684 2130 et
1709 2073 1842 2142 nomine,

1012 2181 1074 2222 non
1089 2166 1206 2223 aclibus
1230 2181 1329 2240 neque
1353 2165 1501 2236 moribus,
1531 2164 1683 2232 monaehi,
1712 2178 1843 2236 quorum

1012 2255 1137 2313 nomina
1152 2255 1230 2313 intra
1244 2259 1343 2330 coepta
1361 2255 1492 2312 inserere
1508 2253 1688 2325 sacrilegum
1702 2251 1786 2321 duxi,
1812 2251 1843 2310 in

1012 2344 1069 2402 hcc
1087 2343 1254 2419 Septembri
1268 2360 1372 2402 mense
1385 2343 1448 2401 siue
1470 2342 1678 2401 benedictione
1692 2357 1710 2398 a
1724 2357 1845 2398 mones·

1012 2433 1086 2490 terio
1100 2448 1156 2489 suc
1171 2432 1210 2489 ad
1226 2434 1437 2490 lemovicense
1451 2431 1629 2489 territorium
1642 2432 1724 2505 quod
1738 2430 1845 2488 dicitur

1013 2521 1139 2578 Buxeria
1148 2521 1352 2590 devenientes,
1368 2521 1443 2578 ihia
1471 2524 1606 2594 serpente
1635 2517 1758 2593 antiquo
1773 2517 1844 2574 inle-

1012 2609 1152 2668 licissime
1163 2609 1316 2684 corrumpi
1327 2626 1358 2667 se
1368 2608 1569 2684 permiserunt
1592 2605 1731 2665 draecms
1756 2622 1844 2664 vene-

1012 2715 1064 2769 no,
1081 2699 1248 2773 aquodam
1263 2698 1373 2757 scilicet
1401 2695 1600 2768 longobardo
1615 2697 1765 2764 haeretico,
1781 2711 1845 2752 inc·

1012 2788 1139 2846 nachicc
1154 2788 1278 2863 quidem
1289 2788 1449 2846 schismate
1462 2785 1578 2856 induto,
1591 2802 1697 2842 verum
1709 2801 1771 2842 non
1782 2800 1845 2842 mo·

1013 2877 1121 2946 nacho,
1137 2877 1190 2934 sed
1203 2876 1336 2935 diabolo.
1367 2880 1425 2934 Nee
1448 2873 1669 2933 attenderunta
1684 2873 1759 2930 lalso
1774 2889 1845 2948 pic·

1013 2966 1115 3039 pheta,
1130 2967 1183 3041 qui
1198 2982 1217 3023 a
1236 2966 1324 3024 Clusa
1339 2964 1585 3037 longobardensi
1599 2963 1680 3020 venit
1694 2963 1734 3020 ad
1758 2962 1847 3037 Aqui-

1013 3055 1128 3112 taniam
1143 3055 1370 3113 investimentis
1387 3056 1499 3125 ovium,
1510 3056 1676 3112 intresecus
1691 3058 1791 3110 autern
1802 3057 1848 3111 est

876 3107 958 3166 Μ’
1013 3146 1105 3219 lupus
1123 3159 1229 3218 rapax.
1246 3147 1348 3216 lpsum
1375 3143 1427 3200 llei
1454 3143 1654 3213 archangelus
1683 3140 1805 3200 Michael
1819 3143 1848 3196 et

772 3203 831 3255 tres
844 3203 997 3284 tantumfl
1016 3234 1113 3307 angeli
1129 3235 1194 3306 eJus
1209 3249 1227 3291 a
1244 3233 1319 3291 lacis
1345 3232 1396 3290 Dei
1417 3231 1586 3307 projiciant,
1614 3236 1648 3288 ut
1669 3247 1732 3288 non
1747 3230 1847 3286 valeat

1016 3341 1087 3382 cuin
1100 3340 1155 3380 suo
1166 3338 1236 3395 rege
1246 3323 1378 3380 macone
1392 3323 1422 3378 iii
1435 3321 1564 3378 Ecclesia
1579 3319 1738 3388 catholica,
1748 3333 1847 3392 neque

161 3107 239 3166 Nolo
249 3124 303 3164 vos
316 3073 417 3166 mirari
432 3124 483 3166 eos
496 3124 566 3166 cuni
576 3108 688 3183 quihus
703 3124 862 3183 nunquam

122 3205 178 3256 tiis
194 3214 273 3264 sum,
288 3197 389 3254 adhuc
408 3198 446 3254 de
455 3197 594 3272 apostolo
607 3197 746 3272 Martiale,

123 3287 208 3358 dico,
222 3303 338 3362 papam
352 3286 488 3344 videlicet
502 3303 538 3346 ac
553 3290 712 3360 Cesaram,
728 3297 818 3362 atque
842 3289 962 3362 Aquita·

123 3376 319 3444 ffldu‘i‘mv
332 3381 409 3434 ΜΓ
421 3392 546 3434 ¹¹⁰m¹¹¹⁸
555 3381 655 3434 *0⁸³³
669 3392 717 3434 ¹¹¹⁰
727 3381 963 3477 mmmmm?
1016 3415 1100 3473 locus
1112 3417 1177 3484 ejus
1190 3412 1321 3487 amplius
1335 3411 1504 3469 inveniatur
1521 3411 1552 3467 in
1566 3410 1659 3479 ccelc;
1687 3413 1721 3465 ut
1735 3423 1848 3479 magna

124 3483 200 3524 “um
214 3465 240 3522 si
255 3465 329 3524 ΜΘ
352 3465 417 3566 ὴωζο
432 3465 473 3523 “d
487 3481 539 3568 9⁰⁸
553 3466 751 3567 pervinerfm’
767 3471 840 3567 ⁰pt⁰.
855 3481 963 3552 πω
1017 3508 1262 3560 voxsanctorum
1277 3500 1419 3559 audiatur
1432 3501 1463 3557 iii
1483 3499 1569 3570 coelo,
1585 3497 1668 3574 quod
1693 3501 1738 3555 est
1752 3496 1848 3554 Eccle-

124 3561 224 3613 tatem
239 3570 344 3613 eorum
367 3556 414 3612 his
439 3570 516 3612 veris
544 3554 761 3613 assertionibus
784 3555 964 3612 sciderat

192 3645 197 3654 .
276 3644 283 3655 .
459 3644 465 3656 .
633 3646 637 3654 ,
790 3643 796 3655 .
925 3645 930 3656 ,
1018 3592 1062 3650 sia
1076 3607 1220 3667 praesens,
1233 3590 1406 3648 dicentium.
1437 3593 1520 3647 Nunc
1536 3589 1614 3646 laeta
1635 3592 1682 3645 est
1701 3586 1793 3658 salus,
1820 3589 1849 3642 et

123 3645 216 3704 'oms
230 3644 355 3720 qmdem
365 3661 428 3702 ⁰⁰¹¹
442 3661 505 3702 ⁵¹⁰⁰
532 3645 640 3717 mum
659 3644 856 3702 exsuuamne
879 3645 964 3747 fimw.
1017 3683 1123 3751 virtus,
1139 3687 1168 3739 et
1182 3695 1309 3752 regnum
1325 3679 1443 3737 Domini
1450 3679 1544 3737 nostri
1559 3682 1588 3735 et
1599 3681 1733 3752 potestas
1743 3675 1849 3734 Christi

126 3732 476 3833 ’ἶοῃοῦἰομωονίοωεί
490 3739 600 3834 ΨΜ.)
620 3734 668 3790 di⁰
698 3732 810 3834 ¹¹¹⁰,nffis
838 3739 965 3835 August}
1017 3772 1094 3844 ejus,
1109 3770 1291 3842 etgloriaac
1317 3770 1427 3827 veritas
1445 3766 1652 3844 apostolorum
1680 3767 1754 3839 ejus.
1779 3764 1848 3821 ldeo

127 3823 276 3891 absffls
289 3827 439 3880 ”Vestem
460 3821 500 3880 ad
514 3823 695 3895 Ess⁰h⁵mffl¹³
726 3827 887 3897 ⁰¹V¹t³²⁰ml
911 3823 965 3880 ubl
1018 3860 1155 3917 letentur
1170 3858 1237 3915 coeli
1248 3858 1339 3932 etqui
1349 3859 1380 3914 iu
1393 3857 1435 3914 eis
1449 3857 1597 3913 habitant.
1618 3860 1649 3912 ln
1662 3853 1787 3912 concilio
1800 3869 1848 3910 sa-

129 3913 174 3970 ²b
185 3913 252 3986 ΨΜ
268 3913 429 3970 tenerrima
456 3913 582 3986 pueritia
599 3912 755 3984 hamus’
784 3918 869 3971 mmo
888 3929 964 3988 ‘1¹¹⁸‘
1020 3965 1057 4006 ne
1073 3948 1276 4006 lemovicensi
1296 3947 1400 4018 hugua
1419 3945 1613 4019 sapientium,
1628 3943 1682 4016 qui
1698 3960 1751 3999 vos
1764 3943 1847 4011 estis,

130 3997 341 4070 ‘hammus'
356 3996 451 4054 Vitam
465 3997 496 4053 in
511 3997 694 4056 m⁰n⁸⁸t⁶¹⁸i⁰
720 3997 800 4054 beati
828 3996 967 4093 Ep³r⁰hii
1020 4038 1140 4096 ornavit
1151 4037 1306 4094 scientiam
1316 4050 1329 4108 ,·
1341 4036 1380 4093 ad
1400 4033 1560 4092 Buxeriam
1574 4049 1645 4091 vero
1672 4049 1706 4090 os
1721 4031 1794 4089 latui
1808 4033 1850 4088 vi-

131 4080 278 4152 trausigo.
296 4080 490 4140 Exsultaham
500 4082 580 4139 enim
593 4097 647 4138 vos
668 4081 868 4152 incongruam
880 4080 966 4139 inoli-
1087 4127 1093 4138 .
1339 4124 1448 4181 ΜΗ
1564 4121 1585 4179 fi
1653 4121 1725 4180 bufl-
1750 4121 1771 4178 p
1796 4121 1850 4179 tul,

129 4175 196 4228 im
445 4170 485 4228 a
1667 4216 1696 4269 i

129 4261 190 4318 ¹¹3³
212 4260 437 4332 ”essfissenfiami
450 4276 513 4335 ‘1¹¹a
541 4261 806 4336 parvipendebatis
827 4265 966 4319 sanetum
1019 4322 1073 4382 per
1081 4305 1256 4362 charitatem
1270 4304 1425 4378 patientes,
1440 4302 1573 4375 benigni,
1585 4317 1648 4358 non
1662 4301 1848 4372 aemulantes,

130 4350 308 4494 ³P⁰³¹3g⁰ffl
322 4350 373 4407 ⁰⁹¹
385 4349 556 4452 Mamalffm'
581 4367 644 4408 ¹¹⁰⁰
658 4350 743 4452 ἔξω
761 4367 855 4451 poam
871 4366 966 4472 unm?
1005 4405 1083 4455 'non
1095 4400 1218 4469 agentes
1228 4409 1399 4468 perperam,
1414 4408 1476 4450 non
1486 4391 1591 4463 inflati,
1611 4407 1674 4448 uon
1688 4391 1848 4462 ambitiosi,

130 4439 168 4496 de
184 4455 219 4495 m
263 4455 342 4496 ems
355 4439 586 4512 ⁰⁰nfe⁵³⁰r¹b⁰⁵'
601 4443 653 4496 aut
663 4439 834 4512 lumbus
847 4440 967 4497 mode*
1019 4503 1082 4544 non
1096 4491 1264 4561 quaerentes
1274 4500 1342 4558 quie
1357 4487 1456 4540 vestra
1470 4487 1549 4554 sunt,
1574 4495 1636 4538 non
1660 4481 1774 4552 irritati,
1788 4495 1850 4536 uon

130 4529 178 4587 ὣς
190 4529 353 4602 ⁹Pi⁵⁰⁰pi⁵¹
366 4529 459 4628 m9d⁰
472 4545 527 4602 per
542 4529 591 4587 Dei
606 4529 734 4629 gram
759 4529 922 4631 ‘emissi’
938 4533 1002 4637 eth
1021 4573 1185 4645 cogitantes
1201 4571 1327 4640 malum,
1347 4585 1409 4626 non
1430 4569 1602 4642 gaudentes
1626 4583 1716 4641 super
1743 4564 1850 4638 iniqui-

132 4617 170 4674 de
183 4633 224 4674 eo
243 4617 328 4692 quod
350 4623 492 4693 anhquus
515 4623 546 4676 et
567 4617 713 4676 naturalis
731 4618 887 4692 apostolus
902 4635 967 4692 ipse

133 4707 244 4764 beatus
259 4707 408 4777 Martialis,
428 4708 504 4765 sicut
531 4710 687 4766 attestatur
705 4707 830 4781 anticus
848 4707 967 4766 traditio

134 4799 259 4852 Pati-um
272 4801 456 4869 nostrorum,
469 4801 498 4855 ct
511 4795 635 4854 assertio
649 4799 904 4866 veraGraeeorum,
915 4813 967 4853 ve·
1144 4842 1149 4853 ,
1469 4839 1475 4849 ,

134 4881 257 4938 Murem
272 4881 371 4954 potius
389 4897 585 4956 recuperasse
599 4897 693 4955 quam
718 4881 885 4938 inchoasse·
911 4884 968 4938 Vo-
1021 4841 1167 4901 naturahs
1182 4838 1347 4915 apostolus,
1363 4854 1436 4908 non,
1451 4841 1529 4895 sicut
1553 4851 1642 4892 canes
1666 4831 1849 4889 oblatrantes

133 4969 184 5029 his
201 4969 284 5025 anim
296 4973 428 5044 quatuo,
443 4969 635 5028 solummodo
659 4986 740 5027 nunc
755 4970 968 5044 specialissime
1022 4931 1137 5032 dicunt,
1151 4946 1261 5000 novus,
1276 4929 1329 4985 sed
1342 4926 1570 5026 antiquissimus
1581 4928 1670 4996 atque
1680 4936 1734 4995 per
1748 4920 1850 4977 omnia

132 5053 260 5127 loquor,
274 5054 407 5127 pontifex
419 5055 561 5124 iordane,
575 5054 708 5113 Odeffiee
722 5053 812 5124 abba,
825 5053 968 5112 Rainalde
1023 5021 1168 5078 uChristc
1178 5022 1246 5093 post
1259 5033 1299 5074 xii
1313 5015 1467 5091 apostolos
1480 5027 1594 5088 priores
1609 5010 1730 5078 electus;
1745 5013 1774 5066 et
1789 5024 1850 5066 non

133 5145 231 5212 arque
243 5137 390 5196 aimirice,
402 5143 504 5214 mque
518 5155 567 5197 mg
581 5155 652 5196 cum
666 5138 775 5196 abbat,
798 5139 969 5197 mamad„
1024 5106 1296 5206 solumapostolus,
1313 5106 1366 5206 sed
1380 5105 1477 5204 etiarn¹
1486 5099 1591 5160 Christi
1603 5100 1635 5157 iii
1649 5116 1739 5157 carne
1764 5099 1852 5200 disci-

135 5227 166 5280 et
177 5221 296 5278 cunctis
309 5222 461 5292 fratribus,
477 5228 507 5281 et
533 5241 604 5281 cuni
627 5223 768 5299 episcopo
792 5224 915 5281 Rohone
937 5223 969 5280 in
1023 5199 1123 5276 Pfflusi
1135 5202 1165 5254 et
1177 5197 1340 5253 beanpem
1352 5205 1495 5267 Pflnfflllls
1512 5189 1718 5264 apostolorum
1730 5189 1851 5246 0011ὼῦ-

136 5306 270 5364 nomrnc
288 5305 326 5364 ae
352 5307 447 5378 gloria
468 5307 597 5366 aeacus
617 5306 697 5365 scau
720 5307 858 5366 serame
883 5324 970 5382 apos
1023 5287 1151 5364 cipulus.
1165 5285 1258 5356 Maius
1274 5281 1408 5340 atenim
1422 5296 1487 5336 essa
1510 5280 1542 5336 in
1557 5295 1645 5378 came
1668 5277 1851 5377 discipulae

137 5391 193 5448 toli
203 5391 382 5462 gratulante,
397 5392 497 5450 siibito
508 5393 602 5450 hostis
617 5394 759 5467 antiquus
771 5409 824 5466 pei·
837 5409 908 5450 suos
925 5409 971 5451 sa.
1025 5374 1142 5446 Christi,
1155 5387 1249 5447 quam
1260 5368 1430 5446 apostolum
1440 5373 1511 5444 post
1521 5367 1849 5426 ascensionemchrish.

138 5475 248 5532 tellites
263 5477 464 5534 amaritudine
478 5477 568 5534 anxia
591 5476 778 5535 obnubilavit
804 5477 972 5552 praecordia
1024 5465 1129 5525 Multos
1144 5462 1224 5518 enim
1234 5476 1324 5517 nemo
1336 5459 1450 5534 peritus
1477 5459 1596 5530 ignorat
1622 5454 1852 5530 luissepseudo-

138 5576 222 5631 mea,
238 5563 270 5616 ut
284 5561 407 5618 mallem
421 5562 498 5618 mori
522 5578 617 5636 quam
644 5562 756 5633 vivere,
782 5568 811 5620 et
833 5568 971 5635 optarem
1025 5553 1179 5629 apostolos
1194 5557 1222 5608 et
1232 5549 1362 5607 veritatis
1375 5547 1530 5623 apostolos
1548 5552 1618 5622 post
1644 5545 1850 5603 ascensionem

140 5644 506 5716 pennassicuteolumha
524 5645 646 5718 habero,
669 5646 780 5719 quibus
800 5662 874 5705 mos
887 5645 971 5704 vola·
1027 5643 1143 5715 Christi,
1156 5641 1209 5719 qui
1223 5654 1419 5716 nequaquam
1433 5637 1553 5695 luerunt
1576 5641 1678 5694 tamen
1704 5633 1735 5690 in
1762 5645 1852 5690 carne

1021 4667 1122 4726 tatem,
1139 4661 1365 4733 congaudentes
1379 4664 1480 4716 autem
1499 4657 1626 4729 veritati,
1658 4654 1849 4715 manifestare

1021 4751 1148 4810 curastis
1157 4752 1272 4826 populo
1285 4750 1449 4818 veritatem,
1469 4748 1541 4823 quia
1566 4745 1704 4806 Martialis
1727 4745 1792 4818 ipse
1805 4747 1851 4800 est
