3996 6186
108 208 157 264 roa
354 207 399 263 nn
418 205 541 262 acsrrs
560 184 775 268 nominate
798 191 919 264 nucula
937 205 1028 264 arear
1046 203 1142 270 raas,
1157 215 1268 274 -ue
1291 215 1334 277 111.
1355 193 1568 282 arceamus.
1770 211 1822 285 ace

106 328 190 386 nobis
203 327 325 386 illorum
347 330 493 388 beneficia
519 332 671 388 concessis
697 331 851 388 uxoribus.
878 334 936 387 Nos
951 331 977 387 a
995 333 1220 398 abscondetur?
1236 364 1250 392 »
1267 343 1435 401 Bernardus
1448 350 1550 403 autem
1570 349 1655 405 tacite
1669 366 1736 423 quae
1751 367 1822 423 age-

105 433 179 475 verc
193 417 272 474 banc
288 418 395 476 urbem
408 435 547 490 regemus
570 420 691 478 servitio
706 424 763 477 ture
776 419 938 499 fidelitatis,
994 423 1105 483 bantur
1116 429 1334 501 considerabat,
1350 433 1489 508 illiusque
1504 435 1678 493 invectionis
1688 439 1822 498 dolorem

104 524 157 566 nee
185 507 223 565 de
249 509 408 580 cujuslibet
434 515 608 567 nostrorum
632 511 806 569 infidelitate
833 515 939 568 nutare
994 509 1025 566 in
1038 512 1304 587 cordepressabat.
1322 519 1490 576 Ludovicus
1519 525 1621 577 autem
1645 538 1698 578 rex
1711 524 1824 582 Franci·

33 613 46 653 a:
103 597 246 672 quiveris.
263 598 425 657 Consilium
438 600 530 672 hujus
544 601 588 658 rei
614 601 779 659 nefandum
806 602 939 659 enuclea·
994 615 1106 671 Quum
1131 619 1257 662 monens
1283 607 1456 676 exercitum,
1482 607 1658 665 llerluinum
1685 611 1822 669 comitem

26 703 42 739 μ’
104 691 151 744 tur
164 687 315 745 bernardo
328 693 356 746 et
376 689 552 760 Dacigenis;
570 695 779 749 verumtamen
805 691 938 748 vicissim
995 689 1138 748 conduxit
1161 709 1274 764 secum,
1290 700 1449 770 castraque
1463 699 1732 757 metatusestcitra
1745 701 1825 759 Divce

23 793 28 828 e
103 775 256 848 consulti,
273 777 488 834 commiserunt
509 778 584 836 illud
611 779 814 836 taciturnitati.
832 783 939 850 «Rege
994 777 1165 836 decursum.
1200 784 1460 842 constantinenses
1493 791 1583 860 atque
1611 787 1824 859 BaJooaeenses

20 881 39 919 a.
103 880 178 922 vero
189 865 341 922 Ludovico
355 866 534 925 laudunum
549 883 697 940 regresso,
711 869 938 944 novercalisque
994 881 1141 939 cumrege
1157 870 1318 938 Haigroldo
1333 872 1411 930 ultra
1437 873 1515 932 Divae
1531 875 1644 932 fluenta
1657 875 1748 934 fixere
1760 883 1825 935 ten-

18 1001 37 1014 „
102 954 238 1011 odiizelo
254 955 496 1014 aNorthmannis
522 957 651 1015 nimium
675 963 813 1032 pertaeso,
843 959 938 1032 turpis
994 957 1078 1013 toria
1091 960 1467 1035 Bernardusprimomane
1484 979 1679 1039 consurgens,
1694 967 1823 1025 venitad

102 1043 236 1101 tironum
268 1045 416 1118 petitionis
441 1046 604 1104 ambitione
632 1047 800 1104 admodum
831 1048 937 1118 tristes,
993 1060 1096 1115 regem
1125 1047 1309 1106 Ludovieum
1335 1050 1438 1107 diceus
1453 1067 1460 1106 ι
1477 1073 1490 1102 a
1506 1053 1632 1110 Domine
1653 1071 1714 1124 rex,
1742 1057 1823 1114 velo·

19 1153 26 1192 ⁴.
101 1132 327 1190 meditabantur
340 1133 491 1193 interitum
518 1135 598 1207 regis
620 1137 810 1193 retractando
834 1135 940 1193 unani·
993 1129 1173 1206 ciussurge,
1196 1137 1319 1210 etquid
1346 1139 1726 1208 agendumsit,seoretius
1752 1162 1822 1202 cum

15 1228 31 1282 ·.'.
101 1236 179 1277 mes.
195 1223 230 1278 tlt
244 1227 345 1279 autem
356 1239 459 1294 regem
472 1223 610 1298 decipere
622 1223 724 1297 aliquo
743 1224 873 1281 subdolo
888 1240 938 1281 co·
994 1221 1051 1277 tuis
1075 1223 1194 1280 rimare.
1220 1226 1348 1282 Alterius
1374 1226 1467 1284 moris
1487 1230 1531 1284 est
1550 1243 1624 1298 gens
1645 1231 1708 1287 haec
1730 1249 1823 1305 quam

101 1309 227 1369 nemine
261 1311 438 1385 quivissent,
462 1313 739 1369 Nortbmannorum
777 1313 936 1386 optimates
994 1312 1187 1384 francigena,
1214 1320 1437 1386 argumentosae
1461 1315 1629 1374 calliditatis
1653 1319 1743 1375 nimis
1765 1321 1824 1394 ple-

20 1441 28 1462 ,
103 1398 252 1458 miserunt
267 1400 307 1458 ed
331 1400 527 1470 Haigroldum
542 1416 645 1473 regem
669 1401 764 1458 Daciae
785 1401 938 1459 nobilioris
993 1414 1042 1456 ua.
1061 1421 1075 1450 a
1088 1402 1306 1475 Tuncquidam
1326 1403 1475 1462 recubans
1499 1403 1688 1476 intrinsecus,
1702 1423 1824 1481 respon·

10 1519 17 1543 a
71 1491 136 1544 'et
150 1489 264 1546 ditioris
277 1489 417 1564 potentiae
433 1489 551 1558 milites,
568 1495 601 1546 ut
623 1490 771 1548 Richardo
798 1490 939 1548 Willelmi
992 1488 1036 1546 dit
1050 1489 1211 1561 Bernardo,
1238 1507 1307 1564 rege
1329 1493 1493 1563 adnuente,
1523 1495 1612 1550 stanti
1640 1493 1824 1552 forinsecus:

10 1609 24 1643 ‚·
101 1577 210 1649 magni
224 1578 310 1636 ducis
325 1579 386 1636 fibo
416 1579 641 1650 consanguineo
668 1595 839 1637 succurrere
858 1580 938 1638 festi·
993 1599 1008 1626 u
1023 1580 1089 1634 Pete
1103 1578 1267 1636 dormitum
1281 1579 1378 1651 citius,
1391 1581 1464 1654 quia
1485 1596 1547 1638 non
1571 1598 1714 1640 curamus
1728 1584 1765 1641 de
1786 1589 1826 1641 ta-

8 1695 21 1730 <
100 1671 191 1724 naret
207 1667 299 1742 ;quia
313 1684 365 1725 rex
392 1668 522 1724 franciae
541 1667 636 1738 gentis
651 1669 743 1724 totius
763 1669 974 1737 northman-n
992 1664 1109 1723 libus.»
1127 1670 1295 1726 Bernartius
1311 1685 1383 1726 vero
1397 1671 1609 1741 huiuscemodi
1630 1673 1729 1729 verbis
1743 1671 1826 1732 exa's·

10 1787 12 1792 ,
100 1755 163 1812 nire
178 1755 387 1813 monarchiam
402 1755 576 1813 vindicabat
589 1755 656 1826 sibi,
670 1757 808 1813 auferens
815 1773 938 1814 omnem
993 1762 1124 1829 paratus,
1139 1759 1254 1832 repetiit
1281 1762 1378 1816 castra
1405 1759 1658 1829 Rotbomegensia
1684 1763 1823 1819 velocius.

100 1842 255 1901 honorem
279 1858 374 1918 puero
402 1843 551 1901 Richardo
573 1848 657 1901 eruto
682 1845 749 1916 ejus
770 1845 936 1902 avunculis.
992 1849 1144 1904 AEstuante
1158 1861 1230 1904 vero
1245 1848 1307 1904 sole
1330 1847 1406 1905 hora
1420 1847 1479 1904 diei
1497 1849 1591 1916 tertia,
1608 1855 1764 1923 coeperunt
1777 1852 1825 1908 Di-

100 1931 287 2004 Haigroldus
301 1947 373 1989 vero
387 1949 439 1990 rex
453 1933 549 1990 Dacioe
565 1933 780 2004 magnanimus
792 1933 832 1990 ob
855 1949 938 1992 amo-
991 1952 1037 1992 voe
1049 1935 1168 1993 alveum
1199 1936 1492 1993 constantinensium
1520 1937 1825 2013 Baiocacensiumque

98 2037 171 2078 rem
186 2021 382 2078 Richardisui
396 2021 567 2095 propinqui,
582 2021 696 2092 legatos
718 2022 938 2081 Nortbmannc·
992 2024 1119 2082 transire
1140 2025 1273 2095 agmina.
1299 2025 1467 2082 bernardus
1491 2029 1593 2082 autem
1615 2027 1672 2083 boc
1694 2027 1824 2098 intuens,

9 2140 13 2174 ;
99 2126 176 2166 rum
191 2111 353 2167 honorilice
368 2111 497 2183 suscepit
512 2129 518 2180 ;
534 2112 769 2185 constructisque
795 2113 937 2182 navibus,
991 2130 1094 2187 regem
1109 2114 1215 2170 iterum
1243 2113 1373 2187 expetiit,
1398 2113 1501 2170 dicens
1518 2133 1524 2171 ι
1543 2139 1557 2164 «
1578 2117 1675 2189 Supra
1687 2117 1758 2174 satis
1773 2133 1825 2174 rex

98 2197 214 2271 hisque
226 2199 345 2255 cibariis
357 2204 386 2255 et
395 2198 539 2256 militibus
554 2200 685 2273 repletis,
700 2201 740 2258 ad
758 2201 856 2259 littora
872 2200 938 2258 sali-
992 2203 1153 2261 dormitare
1165 2203 1265 2260 adbuc
1278 2202 1374 2271 stude,
1389 2203 1461 2276 quia
1472 2217 1546 2273 gens
1563 2204 1714 2276 Dacigena
1727 2210 1825 2264 trans-

99 2303 150 2344 nss
167 2285 400 2360 Carbonisque
425 2287 497 2344 Diva
513 2288 619 2362 rapido
643 2295 746 2348 meatu
771 2290 938 2363 procelloso
992 2308 1095 2363 gressa
1110 2292 1188 2348 llivae
1199 2292 1313 2348 flumen
1328 2296 1386 2348 stat
1403 2291 1550 2364 equestris
1563 2292 1594 2348 in
1608 2291 1825 2365 littore,nescio

101 2375 184 2432 mari
199 2391 230 2432 se
242 2375 384 2448 infundit,
397 2393 467 2434 cum
478 2377 646 2434 incredibili
659 2379 791 2436 tironum
805 2378 938 2436 multitu·
993 2383 1079 2454 cujus
1092 2380 1289 2450 animositatis
1300 2380 1473 2436 intentione.
1492 2402 1506 2430 ι»
1535 2382 1596 2437 Rex
1611 2397 1679 2438 vero
1702 2381 1826 2440 minaci-

103 2465 187 2538 dine,
209 2465 295 2524 citius
308 2483 403 2539 quam
427 2466 522 2540 quivit
536 2471 626 2524 venit.
651 2468 860 2526 constantines
888 2484 939 2525 au·
992 2471 1050 2528 bus
1064 2470 1163 2528 verbis
1176 2470 1330 2538 excitatus,
1355 2470 1482 2526 surrexit
1497 2469 1591 2538 ocius,
1618 2470 1827 2545 comitumque

104 2557 167 2610 tem
192 2558 221 2611 et
244 2555 459 2627 bajocacenses
487 2555 642 2612 audientes
670 2556 834 2614 adventum
861 2555 940 2626 regis
993 2564 1023 2616 et
1035 2558 1164 2617 militum
1178 2557 1345 2630 frequentia
1359 2556 1544 2630 constipatus
1559 2556 1718 2614 festinabat
1731 2558 1773 2615 ire
1787 2557 1827 2614 ad

106 2643 260 2714 llaigroldi
285 2647 407 2718 propter
433 2660 569 2701 amorem
581 2643 722 2700 Richardi
737 2645 833 2716 pueri,
853 2659 940 2701 vene·
995 2649 1041 2705 sui
1065 2647 1248 2721 colloquium
1270 2645 1416 2702 interitus.
1440 2649 1675 2717 convocansque
1703 2646 1828 2701 Bernar

104 2732 357 2789 suntservireilli.
374 2735 465 2790 Fama
478 2731 557 2788 illico
585 2748 640 2806 per
663 2733 792 2790 Francia.
819 2733 940 2790 climata
994 2737 1069 2794 dum
1083 2736 1204 2794 dixitad
1219 2752 1289 2792 eum
1304 2752 1310 2790 :
1328 2757 1342 2785 ι(
1357 2733 1461 2791 Nescio
1471 2734 1545 2808 quid
1569 2733 1738 2790 meusmibi
1751 2749 1828 2806 prae-

106 2821 240 2879 celeriter
256 2821 433 2897 penetravit,
445 2821 627 2878 denuntians
638 2820 855 2879 inaestimabilis
867 2821 942 2878 mul-
995 2827 1216 2898 sagittamus,
1231 2824 1349 2898 placida
1359 2841 1421 2882 non
1436 2823 1511 2880 mihi
1536 2827 1581 2880 est
1593 2822 1692 2896 quiete
1708 2827 1829 2880 conten·

106 2911 242 2968 titudinis
255 2927 392 2987 paganos
407 2911 514 2969 adesse
529 2910 677 2968 littoribus
690 2912 939 2970 Nortbmannicis.
994 2919 1054 2973 tus.
1083 2917 1142 2972 Aut
1162 2929 1310 2988 pugnam,
1334 2917 1385 2968 aut
1416 2911 1529 2984 aliquid
1558 2927 1671 2968 navum
1699 2910 1830 2982 exagitat

107 3001 278 3058 Bernardus
291 3001 389 3072 igitur,
404 3001 561 3074 onerique
573 3002 841 3072 Rothomagenses,
865 3002 941 3059 fide·
956 3032 977 3089 C
995 3005 1068 3062 mibi
1094 3003 1237 3060 invadere
1257 3001 1409 3059 sollicitus.
1436 3024 1450 3052 »
1476 3001 1520 3057 ad
1547 3001 1610 3056 baec
1638 2999 1825 3058 bernardus:

107 3090 222 3148 litatem
236 3089 314 3161 regis
329 3089 470 3146 tudovici
481 3088 583 3146 verbis'
596 3088 781 3158 simulantes,
797 3091 942 3148 miserunt
996 3115 1010 3146 a
1026 3097 1129 3152 Nonne
1140 3091 1281 3166 prohibui
1303 3090 1405 3147 multis
1430 3089 1701 3164 prosecutionibus,
1715 3105 1754 3146 ne
1776 3105 1827 3146 co·

108 3180 147 3236 ad
164 3192 235 3236 eum
250 3179 281 3236 in
294 3179 375 3250 dolo,
391 3179 546 3235 dicentes:
568 3178 748 3245 «Quoniam
772 3179 943 3236 innumera·
996 3200 1061 3241 mes
1087 3181 1244 3239 llerluinus
1268 3182 1328 3238 bue
1351 3179 1568 3236 conduceretur
1582 3179 1596 3234 t
1609 3200 1623 3228 a
1651 3178 1702 3234 llis
1729 3177 1826 3248 (lictis

108 3267 179 3324 bibe
194 3267 384 3342 copiosaeque
399 3266 598 3323 multitudinis
608 3267 720 3340 pagani
734 3268 885 3341 primaevae
896 3269 944 3339 ju-
995 3274 1076 3330 veuit
1101 3271 1140 3329 ad
1156 3270 1268 3339 locum,
1295 3285 1357 3342 quo
1386 3267 1530 3342 placitum
1549 3271 1614 3323 erat
1636 3265 1827 3338 dispositum.

107 3357 239 3413 ventutis
252 3357 325 3413 flore
342 3355 438 3427 nitidi,
462 3356 571 3412 nostris
585 3356 698 3412 finibus
722 3362 792 3414 sunt
805 3356 941 3427 advecti;
996 3363 1099 3420 Stabat
1111 3365 1211 3417 autem
1222 3359 1280 3415 illic
1297 3373 1367 3414 cum
1382 3354 1684 3414 constantinensibus
1701 3358 1730 3409 et
1743 3354 1829 3424 Bajo-

107 3462 272 3521 precamur
282 3450 433 3519 quatenus
448 3445 540 3502 ascita
565 3461 658 3502 manu
686 3446 817 3515 militari,
837 3446 944 3504 subve·
997 3448 1173 3505 cacensibus
1187 3463 1239 3504 rex
1255 3445 1444 3517 ilaigroldus,
1459 3460 1529 3516 rege
1546 3440 1829 3516 Ludovieopropius
1871 3493 1874 3500 .

108 3537 178 3593 nias
201 3534 334 3591 velocius
359 3534 458 3605 nobis,
499 3533 523 3590 si
547 3535 786 3592 Nortbmannicae
814 3536 943 3607 regionis
997 3541 1093 3594 stante
1106 3554 1175 3594 cum
1191 3535 1380 3607 Francigenis
1397 3534 1582 3592 altrinsecus.
1610 3531 1712 3588 Stabat
1726 3535 1828 3587 autem

109 3623 283 3698 principatu
297 3623 429 3696 gaudere
444 3623 581 3680 mavis.»
608 3626 667 3680 Rex
696 3628 796 3681 autem
824 3624 942 3696 legato:
998 3626 1095 3683 atillic
1119 3629 1267 3683 Dacorum
1283 3624 1397 3681 delecta
1421 3625 1575 3695 juventus,
1590 3620 1703 3678 adnixa
1723 3619 1826 3688 hastis,

109 3717 202 3772 Fama
215 3713 370 3770 nuntiante
386 3712 488 3769 audivi
515 3728 620 3768 verum
638 3727 703 3768 esse
717 3713 799 3786 quod
827 3713 911 3771 dicis.
929 3737 943 3766 u
997 3720 1163 3790 tenensque
1179 3719 1263 3772 scuta
1276 3715 1309 3771 in
1323 3713 1476 3780 manibus,
1501 3710 1679 3785 querebant
1697 3709 1829 3766 occasio·

110 3802 302 3874 Quapropter
316 3817 369 3857 rex
380 3800 548 3858 Ludovicus
560 3801 651 3872 hujus
664 3801 810 3874 pestiferae
822 3802 944 3874 legatio·
998 3822 1077 3874 nem,
1093 3823 1155 3880 qua
1170 3810 1294 3880 possent
1308 3809 1437 3864 Francos
1450 3803 1586 3860 occidere
1600 3806 1629 3857 et
1644 3816 1755 3872 regem.
1771 3803 1829 3857 idu-

109 3890 157 3947 nis
172 3890 269 3948 relatu
281 3890 463 3958 admonitus,
482 3890 629 3947 concitato
644 3891 832 3962 Francigenae
848 3892 944 3964 gentis
999 3901 1056 3952 tuae
1072 3895 1161 3966 igitur
1173 3893 1334 3952 voluntatis
1359 3890 1519 3963 colloquio,
1544 3903 1613 3956 rege
1624 3887 1785 3951 Ludovieo,
1801 3890 1830 3940 et

109 3980 253 4050 exercitu,
268 3979 351 4037 venit
365 3979 404 4036 ad
416 3980 640 4050 Rotbomagum
652 3980 835 4052 repentinus,
850 3981 946 4038 addu·
999 3984 1095 4041 liaciae
1109 3999 1179 4054 rege
1195 3981 1387 4054 llaigroldo,'
1402 3976 1614 4036 contuentibus
1626 3972 1830 4043 Francigenis-

109 4085 183 4126 cens
208 4085 311 4126 secum
337 4067 513 4126 Herluinum
536 4068 676 4124 comitem
701 4073 730 4125 et
754 4069 945 4127 bantbertum
978 4071 1058 4146 'qne
1073 4075 1102 4128 et
1127 4071 1293 4141 llecigenis,
1318 4082 1438 4124 necnon
1465 4061 1705 4134 constantigenis
1732 4065 1760 4117 et
1779 4062 1831 4117 Ba·

110 4158 233 4216 trabem
247 4158 321 4231 ejus.
336 4160 397 4214 Rex
410 4162 512 4215 autem
523 4155 703 4228 Haigroldus
717 4158 795 4229 regis
816 4159 945 4215 Francia
996 4159 1149 4234 jocacenis
1170 4157 1305 4230 undique
1329 4171 1431 4212 secum
1453 4151 1587 4223 armatis,
1617 4148 1832 4208 circumstanti·

110 4246 240 4305 aaidieus
257 4244 624 4320 adventum,fraudulentc
635 4245 760 4304 consilio
770 4248 947 4304 Nortbman-
999 4251 1057 4307 bus
1073 4248 1212 4318 ;cuidam
1225 4245 1310 4304 militi
1318 4249 1390 4302 noto
1401 4242 1558 4317 quondam
1572 4241 1628 4298 sibi
1640 4239 1715 4298 dixit
1729 4255 1831 4297 comes

110 4351 224 4393 norum
240 4334 396 4393 mandavit
417 4334 518 4391 venire
532 4334 618 4390 illum
631 4337 736 4391 contra
749 4351 780 4392 se
804 4335 843 4392 ad
855 4334 946 4409 placi·
998 4339 1157 4396 Herluinus
1171 4354 1178 4393 :
1193 4359 1207 4387 α
1220 4335 1311 4409 cujus
1324 4333 1484 4408 sospitetis,
1510 4332 1656 4404 cujusque
1680 4328 1830 4404 prosperi·

110 4431 186 4482 tum.
203 4427 282 4497 Rege
297 4429 399 4482 autem
414 4423 564 4481 Ludovico
592 4423 753 4481 confidenti
765 4424 796 4481 in
814 4423 946 4481 multitu·
999 4428 1078 4496 tatis,
1088 4427 1137 4484 vel
1150 4427 1237 4499 cujus
1249 4424 1408 4494 facultatis,
1424 4427 1455 4480 tu
1466 4426 1495 4479 et
1509 4421 1593 4494 origo
1609 4419 1651 4477 tui
1664 4419 1799 4492 generisi
1815 4437 1830 4468 r

109 4514 182 4570 dine
196 4513 381 4570 exercituum
395 4517 425 4572 et
438 4512 481 4568 ire
496 4511 668 4587 disponenti
693 4528 754 4569 sura
775 4511 945 4570 damnatio-
1000 4515 1163 4591 Respondit
1176 4515 1224 4572 ille
1241 4534 1275 4571 :a
1288 4512 1420 4572 Salubnis
1433 4529 1500 4570 sum
1513 4509 1739 4578 incolumitatis,
1750 4508 1831 4563 locu-

108 4604 159 4660 nis
175 4601 217 4662 ad
232 4602 388 4677 placitum,
403 4601 477 4658 dixit
495 4601 665 4658 bernardus
698 4600 946 4672 Rothomagensis
1000 4607 1147 4686 pictisque
1157 4604 1315 4674 felicitatis,
1339 4607 1430 4677 atque
1446 4599 1621 4660 sufficientis
1645 4594 1829 4654 ubertatis.»

110 4709 143 4751 ὓθ
167 4691 290 4750 fidelem
316 4690 462 4750 Simulflns
490 4693 696 4748 Francorum:
712 4712 726 4741 ⁴(
741 4693 819 4747 Gens
842 4695 947 4748 contra
1000 4695 1262 4755 constantinenses
1276 4709 1348 4751 vero
1358 4693 1612 4764 etBajocacenses
1627 4687 1782 4759 coeperunt
1791 4679 1831 4736 ab

109 4797 209 4858 quam
232 4779 429 4856 proficisceris
453 4780 493 4840 ad
507 4779 741 4851 conciliandum,
764 4779 887 4836 interne
902 4779 945 4836 di·
999 4785 1181 4856 interrogato
1205 4784 1355 4857 inquirere
1369 4781 1513 4854 quisnam
1527 4780 1616 4844 esset,
1631 4773 1684 4846 qui
1697 4771 1736 4827 de
1749 4785 1832 4867 com-

109 4871 248 4928 100501118
263 4885 365 4927 ⁸1³⁰&
381 4867 525 4938 recolens,
536 4867 640 4925 dilexit
652 4873 789 4925 nostrum
805 4868 944 4925 comitem
1000 4873 1099 4931 modis
1109 4889 1171 4929 sua
1186 4869 1390 4947 prosperitatis
1415 4873 1478 4925 tam
1497 4861 1681 4922 familiariter
1701 4858 1832 4954 sciscita-

110 4960 303 5030 Willelmum,
317 4964 346 5017 et
363 4974 419 5034 pro
447 4975 509 5032 quo
538 4958 748 5032 martyrizatus
775 4962 820 5015 est
840 4958 946 5015 intimo
1000 4964 1091 5023 retur.
1113 4959 1276 5036 Respondit
1298 4957 1347 5016 ille
1373 4953 1615 5029 inquirentibus:
1645 4969 1659 4997 α
1674 4945 1833 5042 Herlumus

110 5050 214 5108 cordis
226 5049 336 5111 affectu
346 5048 412 5106 odit
425 5047 563 5114 minium.
580 5048 639 5106 Lite
658 5047 739 5108 enim
751 5047 883 5104 Herluini
894 5063 946 5104 co·
1002 5046 1206 5110 monasterioli
1216 5046 1307 5104 castri
1321 5060 1424 5102 comes
1431 5041 1613 5116 praecipuus.
1630 5058 1644 5086 a
1665 5037 1833 5092 constanti-

109 5140 206 5213 mitis,
219 5137 416 5198 Nortbmanni
429 5137 481 5195 tali
495 5137 571 5196 duce
583 5137 700 5212 privati,
716 5138 947 5210 congredientur
1001 5154 1110 5204 nenses
1125 5141 1227 5202 aum
1239 5135 1379 5199 dixerunt
1407 5124 1658 5202 Baiocaecnsibus
1675 5142 1681 5181 :
1699 5145 1713 5174 a
1730 5126 1833 5180 Nonne

110 5228 278 5288 intentione
290 5227 394 5284 mortis
407 5227 437 5284 in
452 5242 532 5296 eum,
557 5226 582 5282 si
604 5226 678 5283 forte
708 5241 778 5290 eum
808 5225 945 5282 viderint.
1001 5229 1061 5293 uc,
1087 5225 1172 5298 cuius
1193 5223 1293 5296 jurgio
1318 5221 1367 5278 vel
1396 5235 1451 5294 pro
1479 5234 1540 5291 quo
1566 5215 1709 5288 deceptus
1732 5216 1779 5268 est
1805 5215 1834 5312 et

111 5319 304 5392 Quapropter
316 5332 386 5374 eum
415 5314 476 5376 noli
495 5315 603 5372 ducere
619 5319 729 5376 tecum,
744 5329 783 5370 ne
797 5315 882 5384 forte,
912 5311 967 5370 eo‘
1002 5312 1211 5386 martyrisatus
1245 5315 1348 5368 noster
1372 5307 1471 5365 senior
1502 5303 1683 5374 Willclmus,
1705 5300 1834 5361 biarchrc

110 5405 246 5477 cognito,
266 5409 409 5464 nascatur
430 5403 584 5480 utriusque
599 5401 745 5460 exercitus
771 5400 917 5472 jurgium.
932 5423 946 5451 a
1002 5403 1126 5475 duxque
1149 5396 1413 5455 honestissimus?
1441 5397 1603 5451 Eruetume
1637 5392 1686 5449 hic
1706 5389 1833 5446 infestus

109 5499 196 5553 Tunc
209 5493 336 5568 quidam
359 5510 396 5551 ex
410 5493 557 5555 tironibus
582 5490 731 5549 Bernmdo
758 5489 948 5563 respondisse
1002 5489 1112 5548 nostris
1124 5487 1265 5545 manibus
1278 5488 1293 5544 ‘l
1308 5508 1323 5537 »
1338 5485 1388 5541 llis
1402 5483 1497 5552 dietis,
1513 5477 1665 5539 commoto
1679 5491 1834 5535 murmure

110 5585 208 5642 femur
223 5601 230 5640 :
247 5603 263 5638 ι
276 5587 298 5640 Ν
302 5600 353 5640 um
364 5588 485 5657 propter
497 5588 525 5640 te
538 5586 720 5655 ceterosque
734 5578 869 5636 advenas
884 5578 949 5636 talis
1003 5575 1242 5651 incompescibili
1256 5578 1419 5648 torqueunt
1433 5588 1519 5630 arma
1533 5586 1640 5629 omnes
1666 5567 1834 5636 Decigenae,

109 5689 228 5744 comes,
244 5677 278 5735 ut
303 5677 349 5732 est
373 5671 543 5744 llerluinus,
569 5669 638 5729 ullis
664 5668 786 5730 latebris
799 5667 949 5743 repositus
1003 5667 1087 5726 furiis
1116 5664 1317 5734 stomachati3
1342 5661 1477 5737 tantique
1509 5659 1626 5718 domini
1645 5659 1743 5714 morte
1768 5654 1834 5712 lello
