3996 6178
177 208 233 267 m
774 197 926 256 nonnum
943 195 1053 261 REGIS
1069 199 1294 262 WNCORUM.
1848 197 1905 256 Εὖ

177 326 397 402 mammeri
409 325 530 388 tenebat
544 324 761 387 eharitatamin
771 321 1007 390 moribusonod
1022 321 1172 387 aiterum
1185 325 1332 396 decuma,
1347 341 1441 400 ᾳιιιιιι
1450 323 1617 400 assumpsit
1629 338 1667 382 ax
1678 321 1768 381 dietis
1784 321 1907 378 mato.

177 419 331 476 admirans
346 419 375 472 et
394 417 491 474 Deum
513 415 705 488 hymnisonis
731 412 857 472 vocibus
884 411 1009 470 laudare
1064 423 1134 466 rum
1147 413 1278 474 Patrum.

177 507 313 584 cupiens,
328 503 512 564 0m¹15ffl0di⁵
526 505 610 565 'illum
624 503 774 578 prohibei,
788 507 821 560 ut
835 500 1009 573 &jactantia
1100 500 1171 565 Quis
1184 507 1285 560 autem
1297 504 1324 560 ei
1340 520 1406 560 mos
1423 503 1510 560 luerit
1524 501 1635 560 dandae
1648 499 1862 570 eleemosynae
1877 495 1908 550 in

177 593 312 672 superbe
327 593 436 652 mande
450 597 561 650 extoto
576 609 607 650 sc
621 593 763 660 liberans,
793 591 844 648 liei
866 590 899 646 in
913 588 1009 646 omni·
1064 587 1110 644 sui
1122 591 1206 662 regni
1222 592 1344 650 sedibus
1355 608 1416 648 non
1431 590 1693 666 praetermittimus.
1723 592 1757 644 ln
1773 585 1910 644 Parisius

176 682 233 740 bus
248 681 424 744 collaudans
435 683 576 742 virtutem
590 681 701 740 diceret
725 697 795 740 cum
810 679 903 736 David
919 696 926 738 :
941 679 1007 750 qu
1063 676 1190 750 civitate,
1204 679 1387 750 Silvanectis,
1404 679 1580 746 Aurelianis,
1597 677 1735 746 Divione,
1759 675 1912 734 antissio

176 789 243 832 suen,
256 773 363 830 vermis
378 778 406 829 et
420 772 589 842 cochomo,
610 772 786 846 opprobium
802 771 956 828 homiuum
980 774 1008 826 et
1062 764 1147 836 dore,
1160 767 1302 842 Avalone,
1317 769 1484 835 lieloduno,
1500 767 1642 840 stampis,
1665 765 1698 822 in
1712 779 1911 838 unaquaque

177 861 302 934 abjectio
316 861 410 932 plebis
423 863 518 932 (Paul,
532 879 592 934 xri,
609 866 647 928 7).
664 865 698 918 Et
712 861 818 922 iterum
835 877 842 914 ε
858 860 1009 918 Ηιιιιιιιιιι-
1062 854 1172 912 harum
1187 858 1268 926 sede,
1285 857 1432 928 trecentis,
1448 857 1505 926 vel,
1521 856 1605 932 quod
1619 859 1667 912 est
1681 853 1797 924 verius,
1825 851 1911 908 mille

177 957 224 1010 tus
239 967 304 1012 sum
317 967 535 1026 usquequaque,
548 953 695 1022 Doruiue,·
707 952 824 1020 vivifica
842 965 889 1008 me
902 965 1007 1008 seeun—
1062 947 1248 1018 pauperibus
1263 947 1392 1004 dabatur
1404 947 1492 1021 panis
1508 951 1536 1004 et
1557 945 1620 1002 ιιιιι
1646 942 1860 1008 abundantia,
1885 945 1914 998 at

177 1040 249 1098 dum
264 1041 590 1113 verdumtuuthsal.
606 1055 704 1109 cxvru,
720 1041 791 1112 tor).
1062 1035 1120 1092 hoc
1134 1036 1292 1108 specialius
1306 1037 1372 1110 ipso
1388 1052 1451 1110 quo
1474 1035 1513 1094 ad
1539 1036 1635 1092 Deum
1663 1033 1786 1092 transiit
1813 1047 1913 1100 anuo,

213 1129 351 1200 Legimus
365 1129 398 1188 in
411 1129 522 1186 divinis
549 1128 755 1188 voluminibus
784 1128 868 1202 quod
896 1129 1009 1184 seruire
1062 1125 1116 1197 qui
1125 1131 1171 1182 est
1182 1126 1396 1184 incarnationis
1412 1125 1572 1184 dominice
1585 1123 1786 1184 millessimus
1797 1121 1914 1178 tricesi-

177 1219 237 1276 Deo
252 1233 380 1290 rapuere
391 1224 444 1276 est.
460 1218 548 1285 Quod
560 1233 615 1292 pro
629 1221 708 1276 certo
732 1217 871 1289 cognovit
884 1217 937 1292 qui
956 1216 1008 1275 ad·
1062 1231 1132 1274 mus
1147 1215 1307 1277 secundus.
1321 1219 1428 1272 Preter
1442 1215 1517 1284 baec,
1543 1230 1605 1287 quo
1631 1213 1696 1270 ibat
1722 1211 1869 1287 quotidie
1882 1212 1914 1266 in

176 1307 303 1380 monde,
318 1307 421 1364 dicens
437 1327 445 1364 ι
460 1308 575 1368 Seruite
587 1309 713 1365 Domino
728 1309 759 1364 tn
783 1309 887 1364 tunore
912 1307 1007 1378 (Psoi.
1063 1309 1168 1364 sanctu
1182 1305 1420 1377 Quadragesima
1432 1321 1447 1360 c
1460 1309 1512 1360 aut
1523 1320 1555 1360 ce
1568 1302 1698 1374 jubebat
1712 1301 1912 1376 pauperihus

176 1412 207 1464 u,
220 1395 273 1466 til.
292 1397 379 1463 Quod
394 1397 496 1470 utique
511 1396 565 1455 iste
580 1403 692 1466 noster,
711 1396 748 1454 de
768 1412 830 1469 quo
845 1396 1007 1468 loquimur,
1062 1394 1127 1454 dari
1137 1411 1259 1469 panem,
1273 1395 1402 1470 piscium
1415 1399 1445 1452 et
1460 1394 1521 1451 vini
1538 1393 1662 1452 cibaria.
1690 1397 1722 1450 ln
1734 1393 1787 1449 die
1803 1395 1914 1448 autem

175 1483 342 1542 virbeatus
357 1485 533 1560 adimplevit
546 1503 602 1561 pro
626 1502 714 1560 posse
738 1490 767 1543 et
780 1485 864 1541 velle.
886 1488 919 1542 Et
934 1485 1009 1543 sicut
1063 1485 1158 1540 Coenss
1174 1484 1303 1553 Domini,
1316 1500 1379 1542 uon
1394 1483 1563 1540 videntibus
1585 1480 1778 1552 incredibile,
1803 1480 1915 1536 viden-

176 1575 290 1646 ldoyses
305 1573 356 1634 liei
370 1572 513 1646 famulus,
527 1575 667 1648 precibus
689 1574 886 1642 humillimus
914 1573 1009 1635 mani·
1063 1573 1142 1632 tibus
1157 1589 1227 1630 vero
1242 1579 1271 1632 at
1284 1571 1482 1630 servientibus
1496 1572 1528 1628 in
1547 1571 1596 1630 tali
1612 1570 1736 1641 negotio
1750 1569 1831 1626 satis
1861 1569 1914 1626 ad-

175 1661 373 1724 nusexteusts
388 1665 550 1737 prostravit
564 1662 725 1730 amalech3
752 1662 794 1722 ita
817 1666 846 1718 at
858 1662 907 1720 bio
921 1678 1009 1719 verus
1025 1678 1046 1732 [q
1063 1662 1210 1729 mirabile,
1227 1680 1297 1724 cum
1311 1677 1373 1719 uon
1395 1663 1496 1718 minus
1510 1677 1603 1736 quam
1623 1660 1748 1718 trecenti
1774 1660 1849 1734 ipsa
1864 1659 1914 1716 die

176 1750 227 1808 Dei
241 1749 370 1819 amicus,
389 1752 450 1810 suis
465 1751 589 1808 demotis
616 1750 753 1810 hostibus
781 1751 888 1808 virtute
914 1751 1009 1807 sancti
1063 1768 1119 1810 sua
1131 1751 1321 1826 providentia
1342 1751 1527 1822 congregati,
1543 1749 1581 1806 dc
1601 1750 1669 1822 ejus
1685 1752 1794 1808 sancta
1809 1763 1915 1804 manu

177 1839 312 1916 Spiritus,
328 1855 447 1916 semper
462 1843 556 1898 Deum
569 1839 675 1900 habuit
689 1839 870 1912 adjutorem,
900 1840 952 1918 qui
965 1844 1010 1896 est
1062 1840 1140 1898 flexo
1155 1841 1267 1916 poplite
1287 1842 1318 1899 in
1331 1847 1451 1908 terram,
1465 1839 1676 1914 unusquisque
1689 1837 1854 1910 legumen,
1871 1839 1915 1912 pi-

176 1928 257 1986 salus
269 1929 419 1988 omnium
433 1929 651 2004 Resplendehat
665 1929 778 2008 quippe
802 1929 833 1986 in
860 1945 895 1987 ec
915 1928 1009 1989 animi
1062 1946 1153 1997 seem,
1169 1945 1292 2004 panem,
1307 1929 1467 1990 denarium
1481 1943 1577 1984 unum
1593 1926 1737 1984 sumebat
1751 1927 1785 1982 in
1804 1927 1914 1984 maui-

176 2016 315 2084 dulcedo,
331 2033 394 2090 qua
408 2034 532 2076 omnem
557 2018 613 2078 sibi
638 2017 818 2080 conciliabat
841 2019 1006 2080 homiuem.
1062 2020 1129 2076 bus.
1159 2023 1191 2078 Et
1215 2019 1272 2079 hoc
1301 2019 1375 2076 hora
1394 2016 1454 2074 diei
1475 2017 1569 2074 tertia.
1591 2019 1671 2074 liora
1685 2016 1793 2078 itidem
1808 2021 1913 2072 sexta.

177 2106 283 2166 Eratei
297 2106 445 2180 sapientia
459 2107 607 2177 salutaris,
623 2124 685 2182 qua
710 2107 916 2168 delectabatur
937 2125 1008 2164 cum
1063 2108 1168 2166 itidem
1196 2113 1317 2166 centum
1345 2107 1459 2164 clericis
1484 2106 1671 2183 pauperibus
1701 2105 1914 2180 praebenbam

176 2194 250 2252 suis.
272 2195 404 2255 Docebat
429 2196 581 2270 quosdam
608 2196 640 2254 iu
665 2195 854 2266 lectionibus,
882 2196 956 2254 alios
976 2197 1007 2254 in
1061 2198 1161 2269 panis,
1177 2197 1308 2272 piscis,et
1323 2193 1778 2262 viniconcedcbat;duodecim
1792 2211 1913 2252 unum-

175 2283 297 2358 hymnis
311 2290 340 2341 et
353 2283 508 2356 laudibus,
520 2290 549 2344 at
563 2284 603 2342 ad
615 2285 686 2342 talia
701 2301 820 2358 semper
835 2286 1006 2356 exhortans,
1061 2303 1214 2360 quemque
1229 2287 1382 2350 honorans
1395 2283 1538 2353 denariis,
1553 2285 1644 2342 corda
1659 2290 1688 2342 et
1707 2300 1760 2342 ore
1787 2285 1914 2342 bacidi-

176 2387 268 2430 cmne
292 2371 460 2432 secundum
482 2373 653 2450 apostolum
676 2373 819 2438 omnibus
844 2373 945 2446 fiebat,
976 2379 1008 2430 ut
1062 2391 1114 2432 cos
1130 2392 1248 2450 semper
1262 2375 1427 2434 decantans
1441 2374 1585 2449 psalmos.
1598 2377 1668 2432 Post
1676 2390 1822 2432 mensam
1835 2391 1912 2432 vero

176 2461 290 2522 cunctis
303 2461 488 2522 lucrifaceret
503 2463 531 2534 (I
538 2463 607 2520 Cor.
621 2463 661 2530 ix,
679 2463 734 2535 ιι).
763 2465 909 2522 Ceterum
924 2465 1008 2537 quod
1061 2480 1237 2539 preparans
1253 2480 1283 2522 se
1298 2465 1338 2524 ad
1351 2464 1403 2521 [tei
1417 2464 1571 2522 servitium
1585 2479 1638 2520 rex
1657 2463 1783 2520 humilis
1806 2481 1912 2538 pone-

175 2549 332 2626 pontifices
345 2550 403 2627 ipsi
418 2551 603 2624 abbatesque
614 2550 711 2608 iacere
730 2551 922 2626 pigritabant,
933 2569 1008 2626 quo·
1061 2553 1116 2611 bat
1142 2555 1319 2612 vestimenta
1340 2569 1406 2625 sua,
1427 2553 1550 2612 indutus
1574 2553 1614 2610 ad
1646 2568 1772 2613 carnem
1793 2553 1911 2619 cilitio,

175 2655 243 2696 rum
268 2644 470 2702 struentes
494 2641 641 2714 corrigere
668 2647 697 2698 et
732 2642 830 2701 honos
870 2657 1007 2717 quosque
1062 2644 1266 2716 adjunctoque
1281 2643 1458 2700 clericorum
1470 2641 1596 2714 collegio
1608 2647 1731 2701 centum
1740 2643 1913 2714 sexaginta

175 2730 314 2806 exemplo
328 2747 383 2790 suo
399 2731 576 2790 admeliora
589 2747 765 2804 provocare,
781 2732 844 2805 ipse
857 2747 944 2791 serus
958 2733 1008 2790 liei
1061 2737 1093 2796 et
1118 2749 1154 2789 eo
1183 2732 1314 2806 amplius
1340 2747 1478 2802 numero,
1507 2731 1547 2814 ad
1574 2731 1749 2804 exemplum
1784 2733 1911 2790 Domini

175 2819 291 2880 amicus
305 2820 456 2888 audahat;
482 2820 520 2877 de
536 2823 622 2892 cujus
637 2821 735 2879 cordis
750 2821 890 2881 thesauro
906 2835 1008 2896 proce·
1061 2838 1167 2879 eorum
1182 2821 1276 2896 pedes
1290 2821 1396 2886 lavans
1412 2820 1527 2896 capillis
1547 2821 1654 2896 capitis
1678 2821 1726 2878 sui
1750 2821 1909 2892 tergebat,

175 2907 269 2966 dehet
288 2925 348 2968 uox
371 2908 576 2968 exsultationis
601 2913 630 2965 et
647 2908 762 2978 salutis,
783 2924 845 2986 qua
867 2909 1008 2969 delectari
1060 2913 1139 2975 etad
1154 2911 1334 2972 mandatum
1348 2911 1466 2971 Domini
1481 2911 1618 2982 singulos
1646 2925 1754 2968 eorum
1778 2910 1911 2968 duobus

175 2995 328 3068 gaudebat
341 3013 411 3056 cum
425 2998 568 3060 omnihus
594 2998 716 3066 sanctis,
738 2998 906 3056 secundum
929 3001 1043 3088 Apo-G
1060 3001 1166 3057 solidis
1201 3015 1412 3070 remunerans,
1441 2999 1519 3056 clero
1546 3005 1695 3073 praesente
1722 3003 1751 3056 et
1770 2999 1908 3059 diacono

176 3085 287 3146 statum
300 3102 422 3146 carnem
448 3104 536 3146 suam
563 3087 767 3163 crucifigendo
796 3105 865 3145 cum
889 3088 966 3149 vitiis
979 3094 1008 3150 et
1061 3094 1177 3148 astante
1181 3089 1425 3163 ,quilectionem
1439 3088 1730 3160 legeretsccuudum
1751 3091 1908 3146 loannem

175 3177 424 3252 concupiscentiis
436 3177 543 3238 mundi
554 3179 645 3250 huJus
660 3179 740 3250 (Gal.
755 3195 774 3234 ι
777 3181 857 3250 ,ιιι
879 3178 1006 3240 delecta-
1059 3195 1091 3235 ιιι
1105 3183 1196 3237 ιοιιιι
1208 3177 1326 3236 Domini
1338 3177 1451 3238 dicum
1472 3184 1501 3234 et
1514 3177 1638 3243 tactam
1662 3177 1786 3234 Talibus
1814 3177 1904 3234 iactis

173 3264 234 3323 hile
259 3281 380 3341 semper
405 3266 550 3329 divmitati
576 3268 710 3340 seipsum
733 3284 910 3344 praeparans
935 3274 1007 3328 tem-
1059 3268 1230 3344 occupabat
1244 3283 1274 3323 se
1290 3284 1343 3327 res
1356 3267 1468 3326 meritis
1491 3266 1652 3340 gloriosus,
1682 3266 1754 3324 loca
1783 3275 1907 3324 sancto

173 3354 269 3428 plum·
283 3356 330 3415 Ad
343 3356 481 3416 divinum
507 3355 640 3418 officium
665 3356 793 3436 primus,
821 3358 861 3413 ad
880 3355 1005 3416 laudan·
1057 3373 1127 3414 rum
1138 3355 1350 3430 perlustrando
1367 3362 1428 3414 toto
1439 3357 1487 3417 die
1503 3360 1607 3416 sancto
1623 3359 1906 3414 Pmesceveetcru-

173 3442 248 3500 dum
264 3446 357 3502 berun
370 3444 502 3500 sedulus.
529 3447 715 3519 Quocunque
736 3445 777 3504 illi
792 3449 855 3506 erat
869 3445 1004 3503 eundum
1057 3462 1125 3503 cem
1136 3445 1254 3508 Domini
1266 3445 1424 3506 adorando
1439 3461 1536 3518 usque
1549 3445 1580 3502 in
1595 3443 1699 3516 vigilia
1721 3451 1839 3504 sanctor
1855 3451 1905 3502 tte

173 3532 401 3603 praeparabatur
415 3532 597 3599 vehiculum,
623 3532 707 3606 quod
720 3533 891 3606 deportaret
912 3531 1004 3588 divini
1059 3533 1261 3604 surrectionis,
1278 3535 1307 3592 in
1323 3550 1385 3611 qua
1398 3533 1573 3592 assumebat
1596 3534 1698 3590 statim
1715 3533 1903 3590 sacrificium

173 3617 328 3677 ministerii
342 3619 512 3678 tentorium.
529 3622 595 3687 Quo
609 3620 640 3676 ιιι
655 3625 764 3682 terram
779 3621 850 3687 tixo,
873 3619 1005 3692 depone·
1056 3622 1166 3689 laudis,
1182 3639 1250 3696 quae
1265 3640 1327 3680 non
1342 3623 1435 3680 deluit
1450 3623 1489 3680 ab
1499 3624 1565 3694 ejus
1575 3639 1627 3678 ore
1642 3623 1674 3680 in
1687 3623 1841 3680 omnihus
1853 3642 1903 3680 se

172 3703 336 3763 hauturibi
351 3709 465 3777 sanem,
481 3705 1002 3781 utquiasecundumPsalmistam:
1057 3712 1142 3769 culis.
1160 3711 1472 3784 llisetbujuseemodi
1491 3711 1633 3769 virtutum
1660 3712 1779 3769 meritis
1806 3713 1903 3770 bono-

173 3795 488 3856 commissumque
502 3796 659 3867 plenitudo
674 3799 749 3868 ejus,
761 3796 840 3853 ordis
852 3803 1003 3856 terrarum
1056 3817 1186 3873 rumque
1209 3817 1337 3874 operum
1362 3799 1598 3858 exhibitionibus
1624 3799 1779 3872 gloriosus
1795 3805 1827 3858 et
1841 3807 1901 3859 toto

172 3888 200 3940 et
212 3886 346 3941 autumi
359 3886 410 3956 qui
424 3884 563 3942 ιιαιιιαιιι
573 3887 604 3942 in
619 3900 652 3942 eo
667 3885 759 3957 (Psot.
776 3902 858 3956 xxiii,
877 3887 914 3958 t),
932 3903 1002 3960 pro·
1056 3890 1130 3948 orbe
1137 3889 1350 3961 praedicandus
1359 3890 1517 3948 Rothertus
1526 3905 1577 3945 rex
1586 3906 1617 3945 se
1626 3889 1805 3948 mirabilem
1814 3908 1901 3948 mun-

172 3970 256 4038 daret
270 3988 302 4029 se
317 3973 462 4033 devotum
475 3972 636 4044 famulum,
657 3973 766 4047 quovis
794 3973 825 4030 in
849 3974 918 4032 loco
943 3979 1003 4032 bec
1056 3977 1096 4035 dc
1111 3977 1250 4052 prebuit,
1264 3979 1379 4034 cunctis
1395 3978 1522 4055 posteris
1535 3978 1712 4037 imitabilem
1724 3979 1899 4054 dereliquit

170 4059 296 4120 devctm
310 4062 478 4138 persolvere
492 4061 709 4120 laudeslirant
722 4062 804 4121 enim
814 4063 874 4120 fixe
888 4068 917 4120 et
925 4063 1003 4121 bene
1093 4069 1143 4123 Hic
1167 4071 1268 4123 autam
1294 4071 1363 4140 post
1389 4069 1483 4124 Deum
1508 4067 1645 4140 specialis
1665 4067 1764 4138 gloria
1779 4085 1899 4140 regum,

170 4146 305 4221 plantata
330 4148 361 4204 in
387 4148 477 4207 corde
500 4151 733 4211 mansuetissimi
757 4157 786 4208 ot
809 4153 903 4208 licum
925 4149 1002 4208 bene
1056 4171 1111 4228 prc
1123 4160 1240 4215 sacrato
1256 4162 1429 4214 sanctorum
1444 4157 1653 4233 apostolorum
1663 4173 1806 4228 numero,
1819 4175 1900 4232 quos

171 4236 300 4295 amantis
311 4236 391 4308 regis
403 4237 569 4297 beatissimi
587 4239 707 4296 Antonii
732 4238 848 4297 verba:
870 4262 883 4289 α
899 4241 1002 4296 lesum
1056 4261 1178 4318 semper
1193 4245 1316 4303 amabat
1337 4245 1427 4302 corde
1440 4244 1572 4316 benigno
1584 4251 1614 4302 et
1628 4261 1761 4320 quorum
1788 4245 1902 4302 solem-

171 4322 320 4388 Christum
335 4340 454 4400 semper
465 4325 642 4394 desiderate,
670 4327 743 4402 quia
768 4327 799 4386 in
824 4327 908 4384 omni
931 4327 1002 4384 sede
1055 4349 1109 4390 nes
1124 4333 1294 4392 testivitates
1308 4335 1410 4393 votivo
1426 4334 1760 4408 preveniebatjejunio,
1781 4334 1821 4388 ad
1837 4335 1895 4389 bes

170 4414 317 4476 tertuum
332 4414 491 4476 constituta
506 4420 577 4474 sunt
599 4432 693 4486 regna
717 4415 873 4474 coelorum.
891 4439 905 4466 ι
930 4419 1001 4474 San-
1055 4439 1124 4480 rum
1139 4422 1311 4496 exemplum
1328 4423 1489 4481 duodecim
1504 4439 1654 4498 pauperes
1677 4439 1777 4480 secum
1800 4422 1900 4480 duce-

169 4507 231 4569 ctae
243 4507 348 4566 noctes
360 4503 419 4570 hcc
435 4510 479 4565 est
493 4506 654 4566 nativitatis
674 4506 803 4574 Domini,
829 4508 926 4564 sancti
946 4509 1000 4564 Pa·
1054 4511 1118 4580 bat.
1131 4527 1209 4585 quos
1225 4512 1383 4584 specialius
1411 4513 1563 4585 diligebat.
1591 4513 1708 4582 Quibus
1736 4513 1804 4586 ipse
1832 4523 1901 4572 erat

169 4591 248 4652 sebe
263 4598 292 4656 et
304 4595 500 4662 pentecostes,
520 4595 563 4654 sic
586 4599 663 4654 totas
691 4596 821 4653 ducebat
845 4595 999 4654 insomnes
1054 4617 1124 4658 vera
1138 4601 1256 4676 requies
1269 4606 1338 4674 post
1352 4601 1482 4659 labores.
1497 4605 1572 4658 Nam
1590 4603 1638 4658 his
1654 4603 1770 4660 sanctis
1781 4619 1900 4680 paupe

169 4697 266 4756 usqua
280 4682 322 4742 ad
335 4698 490 4748 summum
506 4699 595 4745 mane
610 4689 644 4742 ut
657 4699 713 4744 nec
725 4684 834 4742 sedens
849 4684 898 4742 vel
917 4690 999 4742 stans
1053 4688 1138 4745 ribus
1154 4705 1335 4764 comparans
1346 4689 1524 4747 fortissimos
1536 4691 1692 4748 asinorum
1703 4691 1820 4764 pullos,
1829 4699 1898 4748 ante

169 4777 458 4846 sumnumcaperet,
472 4771 569 4832 donec
584 4787 678 4853 quam
693 4773 889 4846 exspectabat
907 4775 999 4832 etde·
1053 4795 1095 4849 se,
1110 4778 1281 4855 ubicunque
1294 4781 1450 4852 pergebat,
1462 4781 1609 4850 temutes,
1641 4783 1737 4838 Deum
1770 4782 1900 4840 laudan·

168 4860 320 4922 siderabat
335 4861 520 4924 emutilatum
535 4861 670 4936 corporis
684 4867 713 4920 et
727 4863 883 4933 sanguinis
899 4865 998 4922 [tomi-
1053 4871 1097 4922 tes
1111 4871 1140 4924 et
1151 4867 1286 4926 animam
1311 4883 1399 4928 suam
1425 4869 1637 4927 benedicentes
1667 4869 1837 4942 dirigebat.
1868 4877 1897 4928 tn

166 4949 198 5006 ni
225 4951 320 5010 nostri
345 4953 414 5008 lesu
438 4950 544 5010 carati
565 4952 789 5028 perceptionem
823 4952 996 5029 perciperet
1052 4956 1240 5032 bisnemque
1259 4962 1287 5014 et
1312 4957 1378 5014 aliis
1402 4958 1675 5025 innumerabilibus
1704 4961 1897 5036 pauperibus

166 5037 294 5102 Probata
308 5040 346 5098 de
360 5055 396 5100 eo
411 5040 529 5099 resista
552 5040 609 5097 et'
601 5055 632 5096 m
659 5041 743 5098 omni
769 5041 878 5098 saeculo
904 5043 998 5100 mani-
1052 5045 1225 5104 recreandis
1254 5061 1413 5122 nunquam
1435 5047 1542 5105 hahuit
1565 5047 1654 5124 nolle,
1683 5047 1739 5108 sed
1775 5067 1897 5126 semper

166 5126 281 5190 ιιιιιιιι.
298 5127 488 5196 Solemnitate
503 5145 574 5188 vero
589 5129 751 5191 cernuus
766 5130 861 5188 sancti
874 5131 998 5188 loannis
1052 5134 1137 5192 velle.
1164 5134 1307 5193 Morituris
1333 5135 1380 5192 his
1404 5135 1486 5197 fortis
1513 5140 1577 5194 erat
1600 5136 1749 5236 provisio,
1774 5141 1896 5216 nequis

168 5217 315 5288 Baptista,
330 5218 409 5276 hauc
423 5235 518 5297 quam
531 5219 564 5277 in
576 5218 731 5278 sauvitate
747 5219 866 5278 Domini
879 5219 999 5282 tenebat
1051 5223 1237 5282 minueretur
1247 5224 1284 5281 de
1296 5239 1434 5294 numero,
1450 5229 1573 5299 cratque
1587 5225 1629 5282 eis
1654 5225 1803 5294 vivorum
1829 5246 1895 5284 sue-

167 5305 414 5368 consuetudincm
428 5313 462 5371 ut
475 5312 544 5381 post
556 5307 763 5369 laudationem
779 5308 907 5376 Domini,
928 5326 997 5384 que
1052 5313 1148 5372 cessio
1163 5318 1191 5370 et
1206 5313 1288 5390 apud
1305 5316 1397 5383 licum
1411 5313 1484 5370 tanti
1498 5330 1577 5385 regis
1598 5313 1723 5372 oblatio.
1750 5315 1817 5373 Hoc
1834 5322 1892 5374 stu-

167 5392 382 5467 sstinhymno
396 5399 434 5456 Te
450 5401 541 5458 Deum
558 5398 729 5467 laudamus,
752 5397 846 5456 missa
868 5398 998 5456 celebra·
1051 5400 1148 5470 dium,
1173 5403 1237 5459 baec
1260 5403 1325 5473 ejus
1354 5420 1473 5477 semper
1499 5403 1554 5460 luit
1576 5404 1658 5462 bona
1672 5404 1830 5474 voluntas,
1847 5409 1894 5463 cui

166 5485 247 5541 retur
260 5481 377 5550 devote,
390 5501 458 5559 quae
474 5486 584 5542 sanctis
599 5489 645 5542 est
663 5484 747 5542 libris
761 5491 937 5561 praenotata,
965 5485 997 5541 ιιι
1051 5506 1171 5563 semper
1195 5492 1371 5562 adheserat,
1401 5493 1628 5566 participatione
1656 5495 1773 5550 summi
1797 5496 1893 5564 boni3

165 5572 265 5648 primo
278 5589 379 5635 manc.
394 5575 454 5632 Hoc
468 5579 573 5632 sancta
585 5575 737 5634 constituit
749 5575 910 5632 auctoritas
932 5577 999 5632 Gre-
1051 5593 1123 5636 vera
1138 5579 1266 5648 bonitas,
1283 5579 1388 5654 inqua
1416 5580 1599 5637 clarissimus
1625 5580 1817 5642 versificator
1847 5585 1894 5640 bis

166 5662 243 5734 florii
256 5661 397 5734 ltcguiet
413 5659 543 5728 ιιιοιιιιιι
567 5663 598 5722 in
625 5664 996 5739 missa;ema1sriivcro
1051 5667 1190 5725 versibus
1204 5671 1249 5726 est
1261 5667 1447 5730 delectatus:
