4044 6184
94 191 127 243 01
386 217 389 222 -
751 150 1166 248 11110100010011111.
1356 145 1361 152 ’
1775 193 1810 248 10

95 309 213 366 surium
227 309 258 365 in
273 307 381 366 eodem
392 305 524 381 positum
539 324 545 364 :
563 307 715 365 Gloriosus
735 314 778 366 est
800 309 928 369 Murtia—
945 315 968 368 Α
981 311 1096 384 ligandi
1107 317 1136 370 01
1148 311 1283 370 solvendi
1297 311 1468 386 accepisset,
1476 315 1509 369 ut
1519 311 1584 386 ipse
1593 311 1810 383 Langobardus

96 400 134 455 lis
150 399 305 470 apostolus
321 398 439 467 Gallim,
455 398 508 470 qui
530 399 573 454 ito
585 398 738 468 plautavit
753 399 929 472 Ecclesiam,
982 404 1132 473 mentitur,
1145 403 1186 461 sic
1199 419 1320 478 quoque
1332 417 1395 458 non
1408 401 1572 473 incongrue
1585 407 1686 475 posset
1702 403 1810 478 pradi-

97 496 130 545 01
147 505 216 545 cum
232 489 294 558 ipse
305 489 402 544 multo
417 487 589 558 pertulerit,
606 488 638 544 ia
656 494 843 557 paratomon
858 491 930 560 defi·
984 493 1044 550 cari
1059 493 1224 568 apostolus.
1238 497 1312 550 Num
1327 497 1356 549 01
1369 491 1575 565 Hieronymus,
1603 495 1738 552 maxima
1763 510 1812 552 co-

98 579 276 636 0100111000
295 579 327 634 ia
348 592 426 648 poce
452 578 607 634 dimiserit.
632 578 678 634 Ad
699 578 826 636 baccilia
843 598 850 636 :
867 602 881 630 u
898 585 932 638 Et
983 581 1089 642 lumna
1115 583 1260 652 1100100110,
1287 586 1317 639 01
1339 580 1418 637 Beda
1445 581 1627 638 Venerabilis
1655 583 1813 657 presbyter

98 669 157 722 hoc
171 666 332 740 antiquum
347 669 465 721 estnon
480 681 605 735 novum,
628 670 656 722 01
675 667 728 740 qui
742 667 823 724 hunc
837 667 931 726 dictu·
984 673 1172 730 Timotheum
1186 671 1367 745 discipulum
1380 670 1462 728 Paub
1471 671 1813 746 pradicautapostolum

99 761 163 812 10111
177 754 350 828 composuit
362 753 481 827 sapiens
494 753 558 811 init.
580 778 594 805 »
615 757 685 811 11010
699 755 885 812 ostendimus
904 757 931 814 ei
984 761 1014 818 in
1030 761 1091 819 suis
1107 761 1267 830 chronicis,
1294 753 1387 835 quem
1400 759 1510 816 Paulus
1525 759 1564 816 ad
1577 759 1670 818 fidem
1684 763 1772 820 traxit
1786 766 1815 819 et

97 860 252 902 annosum
267 843 427 915 hythmum
443 842 657 917 sequentialem
672 843 700 899 in
720 844 827 901 eodem
846 845 930 902 volu·
984 850 1162 924 episcopum
1186 848 1344 918 ordinavit,
1370 848 1423 922 qui
1451 847 1541 904 ctiam
1569 847 1645 904 diras
1671 850 1813 924 epistolas

98 933 179 990 minc
194 931 344 988 veteribus
357 929 460 988 litteris
474 931 587 989 iactum
603 950 610 988 ι
626 935 710 990 Ciues
730 935 872 992 coelicoloe
898 941 932 991 ut
985 939 1110 1014 scripsit.
1127 940 1283 998 Onesimus
1299 954 1420 1013 quoque
1435 937 1600 1011 discipulus
1615 938 1696 994 Pauli
1714 955 1731 995 a
1746 939 1814 1014 plu-

98 1024 259 1094 coilegum,
275 1023 369 1078 omnis
383 1037 470 1078 surim
489 1024 536 1078 ali
560 1024 727 1093 apostolum
753 1024 929 1096 Aqudonia.
984 1028 1067 1086 ribus
1081 1029 1215 1085 Ecclesiis
1230 1027 1386 1100 apostolus
1400 1026 1591 1100 praedicatur,
1618 1030 1647 1083 et
1661 1027 1724 1101 ipse
1738 1030 1814 1094 Pau·
1889 1067 1891 1072 ,

99 1116 133 1169 Et
146 1111 196 1168 ille
207 1111 248 1168 011
264 1131 270 1168 ;
287 1135 300 1162 0
318 1111 380 1168 Ηο0
394 1116 468 1185 puto
482 1127 543 1168 uon
559 1117 605 1169 est
628 1111 691 1169 sine
706 1113 808 1170 (111100
829 1113 933 1170 volun·
985 1116 1033 1173 lus
1062 1117 1310 1192 Epaphroditum,
1337 1132 1440 1189 quem,
1464 1115 1702 1189 Philippensibus
1725 1116 1814 1186 misit,

98 1206 170 1270 tale,
201 1201 286 1276 quod
310 1217 327 1257 a
354 1201 442 1256 vobis
470 1201 626 1274 apostolus
649 1202 838 1275 praedicatur,
861 1203 932 1276 quia
985 1207 1129 1280 praedicat
1143 1206 1323 1281 apostolum.
1341 1208 1453 1262 Marcus
1468 1205 1557 1262 etiam
1572 1211 1601 1262 01
1616 1209 1709 1262 Lucas
1725 1222 1816 1263 evan·

95 1307 177 1364 pene
192 1289 293 1346 omnis
305 1289 385 1346 orbis
402 1294 545 1346 terrarum
558 1290 623 1362 jam
644 1291 702 1347 hoc
724 1291 829 1353 auditu
843 1291 932 1348 lamec
986 1296 1096 1368 gelista
1111 1295 1249 1369 discipuli
1265 1295 1470 1368 apostolorum
1492 1311 1510 1351 a
1525 1294 1664 1367 pluribus
1679 1296 1815 1352 Ecclesiis

96 1380 258 1454 comperit.
276 1403 291 1430 »
305 1379 408 1436 Nescio
420 1379 511 1436 aliud.
529 1379 606 1446 Quid
620 1381 688 1456 plus
709 1380 891 1438 auctoritatis
906 1381 932 1437 ei
987 1385 1115 1459 apostoli
1130 1385 1424 1459 praedicantur·.Mam
1440 1386 1569 1440 Marcum
1581 1386 1682 1440 Petrus
1693 1385 1818 1441 Alexan-

95 1471 269 1546 panderem
289 1476 357 1544 post
372 1470 443 1526 istas
457 1473 526 1541 tres,
542 1487 611 1527 cum
626 1471 656 1528 in
671 1487 722 1528 ore
736 1471 867 1528 duorum
882 1476 935 1529 aut
987 1473 1057 1531 (11100
1083 1473 1162 1530 misit
1186 1475 1249 1530 sine
1272 1473 1459 1530 ordinatione
1474 1471 1646 1546 episcopali.
1673 1472 1817 1538 01110010

98 1561 193 1617 trium
220 1559 340 1616 testium
365 1563 421 1616 stet
444 1575 534 1616 omne
556 1559 710 1619 verbum?
736 1564 935 1630 11010101,οῐ
987 1562 1175 1635 provinciam
1189 1561 1306 1636 AEgypti
1320 1561 1436 1635 primus
1448 1561 1650 1630 convertisset,
1672 1577 1690 1618 0
1713 1561 1816 1617 11011110

96 1649 308 1707 discessimus.
325 1648 446 1707 Coenavi
463 1655 570 1718 tecum,
594 1666 612 1707 0
635 1650 826 1707 dilectissime
841 1649 932 1719 abba,
950 1668 969 1722 g
989 1652 1137 1725 episcopis
1150 1651 1217 1709 licet
1231 1651 1287 1708 sibi
1310 1650 1449 1724 pollicem
1476 1666 1587 1707 manus
1616 1650 1818 1724 amputaverit

97 1745 128 1796 et
143 1739 219 1812 quia
245 1738 377 1796 crastino
398 1738 531 1795 diluculo
559 1738 598 1796 nd
623 1739 804 1811 Egolismam
828 1741 933 1797 urbem
987 1747 1020 1798 ut
1035 1742 1200 1800 sacerdotio
1214 1739 1361 1815 reprobus
1373 1743 1459 1806 essct,
1475 1739 1697 1797 tameninvitus
1712 1755 1817 1797 conse-

96 1829 244 1886 volebam
256 1827 363 1898 redire,
377 1827 527 1886 licentera
541 1833 569 1886 te
583 1829 725 1886 dimissus
745 1847 822 1887 sum.
848 1833 934 1887 Facto
988 1835 1088 1888 cratus
1102 1835 1148 1888 ast
1166 1830 1337 1904 episcopus,
1353 1829 1406 1902 qui
1421 1827 1553 1884 secundo
1575 1844 1657 1884 anno
1670 1832 1740 1901 post
1764 1831 1817 1885 110-

99 1935 194 1974 01000
222 1917 366 1974 eaniuum
395 1917 628 1988 Langobardum
655 1919 757 1992 ipsum
780 1919 853 1991 vidi,
879 1936 935 1977 nec
990 1921 1063 1978 mini
1090 1920 1297 1979 ascensionem
1325 1934 1362 1975 ex
1389 1918 1468 1974 tribu
1497 1917 1563 1973 Levi
1586 1917 1818 1991 predicantibus

98 2012 227 2082 propter
239 2007 294 2063 iter
306 2022 409 2062 meum
422 2023 492 2064 cum
516 2023 551 2064 eo
578 2008 859 2066 sermocinationem
882 2009 936 2066 ha·
990 2009 1133 2084 apostolis
1147 2023 1308 2066 conversus
1323 2007 1427 2063 iuerat.
1443 2006 1489 2064 Sic
1504 2009 1533 2062 et
1547 2005 1685 2064 Martialis
1698 2005 1722 2062 si
1732 2006 1819 2063 disci-

99 2097 219 2152 bui.Et
234 2095 260 2151 si
270 2095 395 2152 scissem
410 2096 479 2169 quis
493 2095 542 2153 ille
557 2099 611 2164 est,
635 2102 840 2170 exspectarem
865 2115 935 2155 eum
989 2098 1078 2173 putus
1105 2097 1212 2156 Christi
1239 2097 1271 2152 in
1296 2111 1384 2153 carue
1408 2109 1470 2150 non
1493 2099 1582 2162 esset,
1611 2094 1694 2168 quod
1719 2095 1817 2151 dicere

101 2185 281 2242 Lemovices
306 2200 368 2240 uno
392 2199 484 2253 anuo,
509 2201 668 2260 quousque
687 2187 846 2244 contritum
859 2190 938 2244 esset
989 2188 1117 2263 impium
1142 2192 1196 2256 est,
1223 2203 1259 2244 00
1282 2185 1366 2260 quod
1384 2189 1484 2241 tamen
1498 2184 1614 2258 primus
1627 2184 1818 2258 Aquitaniam

99 2275 275 2348 0000101110
290 2273 495 2347 serpentinum
508 2275 593 2346 virga
611 2275 734 2333 10110010
749 2293 834 2334 meae.
852 2280 937 2334 Mam
990 2277 1143 2344 convertit,
1173 2281 1250 2333 recte
1276 2279 1374 2350 potest
1386 2273 1543 2347 praedicari
1558 2274 1722 2348 apostolus.
1744 2279 1818 2332 Nam

101 2380 135 2419 se
149 2363 203 2420 ille
215 2378 362 2436 squameo
374 2362 540 2419 draconino
553 2364 629 2420 collo
652 2365 813 2439 resupinus
832 2369 937 2439 postea
990 2368 1030 2424 ab
1041 2367 1115 2424 urbe
1127 2369 1222 2424 Homa
1237 2381 1333 2438 usque
1349 2361 1387 2420 ad
1401 2345 1521 2420 montes¹
1538 2366 1695 2437 Pyrenaeos
1718 2363 1819 2420 nullus

97 2452 261 2525 iactitavit,
277 2467 308 2508 se
323 2443 483 2509 connisum
496 2452 623 2527 praeliari
643 2470 762 2512 mecum
778 2471 833 2529 pro
848 2455 937 2512 beato
990 2458 1064 2516 alter
1088 2462 1262 2515 sanctorum
1287 2458 1332 2512 est
1352 2455 1404 2528 qui
1417 2457 1510 2511 totam
1524 2470 1617 2511 unam
1632 2455 1819 2528 provinciam

99 2541 247 2617 apostolo
262 2542 389 2600 Martiale
401 2547 431 2600 ct
444 2558 492 2599 me
506 2542 574 2599 ideo
598 2544 777 2617 quantocius
803 2544 914 2616 fugisse
930 2563 936 2614 ;
991 2545 1226 2615 00010110111,101
1241 2545 1294 2618 qui
1308 2542 1489 2616 abantiquis
1503 2543 1534 2600 10
1548 2542 1657 2600 litaniis
1669 2543 1700 2600 in
1715 2545 1818 2602 ordine

100 2631 286 2706 episcopum
311 2631 476 2689 terdenum
502 2632 619 2705 atejus
658 2633 819 2690 canonicos
847 2648 937 2690 omne
992 2634 1198 2710 apostolorum
1231 2633 1358 2706 scriptus
1385 2629 1472 2688 tuerit
1496 2646 1592 2704 usque
1629 2631 1728 2700 hodie,
1762 2631 1819 2688 uisi

101 2721 190 2796 quod
218 2722 436 2779 inchoaverant
462 2721 623 2795 respuisse,
650 2738 858 2796 necunquam
873 2739 939 2780 am-
992 2723 1183 2782 solummodo
1209 2721 1356 2781 Martialis.
1387 2721 1551 2794 Episcopus
1577 2720 1666 2778 etiam
1689 2722 1822 2778 1010011-
1856 2766 1862 2776 .

102 2810 186 2884 plius
197 2809 270 2866 huic
286 2809 464 2884 apostolatui
484 2826 683 2868 consensuros
710 2827 774 2868 esse
799 2811 871 2885 quia
884 2827 938 2870 au·
992 2815 1088 2873 censis
1104 2812 1246 2871 Geraldns
1261 2815 1329 2870 autc
1352 2809 1409 2868 hos
1432 2809 1605 2884 quindecim
1620 2826 1716 2868 annos
1731 2812 1820 2868 0110-

102 2898 226 2956 dieraut
238 2898 338 2973 ipsum
352 2915 416 2956 esse
429 2899 687 2962 contradictorem.
992 2920 1043 2961 ma
1055 2917 1220 2974 regressus,
1237 2903 1391 2958 attestatus
1407 2902 1451 2956 est
1464 2897 1552 2955 nobis
1577 2898 1698 2956 fortuitu
1712 2898 1821 2970 legisse

139 2991 219 3046 Cum
234 2983 301 3061 ips'o
312 2986 469 3045 Hebiouita
486 2988 567 3046 veuit
581 2988 708 3062 quidam
722 2988 879 3046 medicinae
894 3005 939 3047 ar·
954 3023 974 3080 C
993 3011 1024 3050 se
1038 2992 1081 3048 ibi
1091 2990 1243 3060 volumen,
1259 2987 1312 3046 ubi
1326 2988 1471 3062 scriptum
1485 2991 1550 3045 erat
1563 2987 1690 3062 qualiter
1708 2987 1822 3045 Martia·

102 3077 140 3134 tis
169 3076 320 3148 egregius,
349 3075 471 3133 nomine
500 3075 680 3146 bernardus,
710 3076 750 3132 ad
783 3076 939 3134 buxeriam
991 3082 1028 3138 lis
1044 3079 1159 3154 primus
1183 3080 1330 3135 Havennm
1356 3075 1561 3151 praedicaverit
1583 3077 1732 3135 cbristum
1747 3077 1822 3133 dum

101 3165 279 3224 monachus
295 3167 454 3234 Havenuae,
471 3165 611 3239 quidum
635 3181 755 3223 meeum
769 3164 853 3239 apud
867 3169 940 3236 Ego
993 3172 1024 3230 in
1039 3169 1163 3227 Galliam
1178 3167 1301 3239 veniret,
1315 3170 1424 3239 etpost
1438 3181 1507 3223 eum
1528 3165 1741 3239 appolinarem
1755 3170 1824 3240 post

101 3253 682 3314 1100100100100010010101010101111101
702 3253 939 3334 contrariosalle
993 3261 1119 3330 longum
1147 3261 1264 3330 tempus
1293 3255 1334 3312 ibi
1359 3254 1474 3311 venisse
1497 3254 1696 3326 apostolicum
1712 3255 1821 3313 virum.

103 3347 213 3401 sancto
241 3342 380 3416 apostolo
406 3341 535 3400 Martiale
563 3343 658 3401 multa
681 3344 836 3416 proferret,
864 3333 941 3402 sicut
995 3346 1077 3404 Unde
1104 3349 1133 3402 01
1153 3345 1185 3402 10
1209 3344 1272 3400 Vita
1299 3344 1364 3416 ejus
1388 3343 1440 3399 sic·
1453 3341 1599 3416 scriptum
1614 3345 1658 3398 001
1678 3361 1685 3398 :
1702 3361 1718 3397 e
1733 3342 1824 3413 Igitur

103 3433 247 3492 audierat
259 3449 279 3491 a
293 3431 492 3504 Longobardo
504 3432 676 3507 supradicto
696 3438 725 3490 et
746 3434 942 3506 interrogaret
992 3433 1130 3494 Martialis
1144 3450 1215 3491 cum
1225 3432 1377 3506 discipulis
1392 3431 1454 3489 suis
1467 3445 1627 3504 permenso
1638 3434 1700 3488 tam
1710 3445 1823 3503 magno

104 3523 213 3580 diceus
242 3520 346 3579 abbati
373 3537 441 3578 meo
467 3521 641 3594 Ravennati,
656 3544 670 3572 «
690 3522 774 3597 quod
795 3528 885 3597 caput
897 3523 941 3580 di·
994 3531 1142 3584 terrarum
1158 3523 1266 3598 spatio,
1295 3522 1463 3597 praedicans
1492 3522 1604 3595 ubique
1627 3521 1824 3579 seminarium

103 3629 177 3670 cam
188 3611 264 3686 quia
279 3610 416 3669 Martialis
429 3610 664 3685 estapcstolus?
681 3634 695 3663 a
709 3628 728 3669 a
742 3629 790 3670 me
805 3612 941 3686 protinus
994 3615 1078 3673 verbi
1092 3613 1153 3683 Dei,
1167 3613 1319 3685 ingressus
1345 3611 1568 3669 Lemovicinnm
1591 3610 1671 3667 venit
1694 3611 1735 3668 ad
1761 3609 1825 3668 Tul-

106 3701 215 3760 audit:
233 3723 248 3750 u
264 3701 338 3766 Quia
352 3700 518 3775 discipulus
533 3700 651 3757 Homini
665 3701 729 3772 luit,
746 3701 822 3759 sicut
840 3704 941 3759 Petrus
995 3705 1058 3762 lum
1070 3703 1236 3762 castellum.
1254 3724 1268 3754 u
1283 3705 1360 3759 Inter
1374 3702 1528 3774 apostolos
1545 3717 1614 3758 vero
1633 3705 1662 3757 et
1685 3700 1825 3775 apostoli·

106 3796 137 3850 01
150 3791 192 3848 ab
205 3791 275 3865 ipso
287 3788 413 3847 Domino
429 3790 459 3845 in
474 3805 563 3848 carne
576 3794 756 3863 potestatem
779 3790 893 3861 ligandi
914 3795 943 3849 01
996 3811 1047 3852 000
1060 3793 1139 3851 virus
1153 3793 1350 3865 Hieronymus
1360 3793 1439 3848 hanc
1455 3791 1654 3848 differentiam
1662 3790 1734 3847 dicit
1742 3789 1825 3865 quod

108 3879 247 3938 solvendi
274 3879 398 3954 accepit.
426 3881 494 3937 Haec
519 3885 563 3936 est
599 3896 720 3938 summa
758 3881 943 3954 apostolatus
996 3883 1123 3961 apostoli
1136 3886 1205 3939 sunt
1214 3883 1267 3956 qui
1276 3881 1364 3956 primi
1379 3897 1626 3955 unamquamque
1639 3880 1825 3952 provinciam

109 3972 188 4043 ejus.
205 3988 222 4023 ›
248 3968 298 4026 1110
323 3973 425 4026 autem
438 3969 593 4043 respondit
609 3987 615 4026 :
633 3991 647 4020 «
664 3970 838 4027 Benedictus
862 3970 944 4044 prior
995 3974 1159 4049 praedicare
1175 3970 1457 4047 cmperuut,undeet
1470 3969 1619 4042 hodieque
1635 3968 1741 4025 astruit
1755 3984 1826 4040 apo-

109 4061 152 4118 de
178 4059 276 4131 Clusa,
301 4059 516 4131 grammaticus
540 4059 699 4134 perfectus,
724 4060 855 4131 abnegat
873 4077 943 4118 eum
997 4063 1088 4121 stolos
1101 4060 1266 4136 pcssefieri
1279 4059 1311 4116 in
1325 4056 1694 4132 Ecclesia,quorumsigna
1707 4061 1735 4114 et
1748 4056 1825 4114 indi-

108 4147 295 4222 discipulum
309 4149 403 4207 fuisse
419 4150 546 4220 Domini,
562 4151 615 4208 sed
640 4154 758 4208 Petrum
778 4150 849 4208 dicit
872 4168 943 4209 con·
996 4151 1042 4208 cia
1053 4149 1239 4224 apostolatus
1255 4145 1461 4220 complentur;
1476 4145 1562 4202 idest
1577 4144 1602 4200 si
1617 4145 1766 4218 hodieque
1779 4144 1826 4201 vel

108 4237 237 4295 10111000
250 4253 334 4308 enm,
349 4242 378 4295 et
391 4239 509 4296 dedisse
536 4239 563 4296 ei
587 4243 765 4314 potestatem
788 4239 902 4311 ligandi
916 4245 945 4298 01
996 4239 1133 4314 usquein
1148 4237 1241 4295 finem
1254 4236 1361 4292 muudi
1385 4235 1486 4310 aliqua
1504 4234 1660 4309 provincia
1683 4234 1771 4291 fuerit
1795 4235 1825 4291 in

109 4325 261 4398 solvendi,
277 4327 353 4384 sicut
376 4327 509 4402 episcopi
532 4329 607 4385 daut
630 4329 694 4386 aliis
713 4345 791 4403 quos
805 4328 945 4388 ordinant
995 4328 1167 4404 quanullus
1182 4331 1250 4385 ante
1260 4325 1439 4400 predicator
1453 4323 1619 4394 accesserit,
1644 4324 1697 4398 qui
1710 4324 1826 4398 primus

108 4417 284 4490 episcopos.
299 4416 409 4473 astruit
422 4433 544 4491 quoque
562 4417 658 4475 Vitam
672 4417 762 4476 istam
775 4418 852 4491 ejus,
875 4435 943 4494 quse
997 4419 1036 4476 ad
1051 4434 1118 4475 eam
1129 4414 1337 4490 aliquomodo
1352 4415 1499 4472 accedeus
1512 4430 1580 4470 eam
1595 4412 1759 4488 praedicare
1770 4429 1828 4470 coe-

108 4504 140 4560 10
153 4505 204 4560 his
217 4503 355 4578 partibus
370 4505 507 4576 babetur,
536 4521 599 4562 non
622 4522 688 4564 esse
711 4510 840 4564 veterem
865 4507 945 4581 prio·
995 4507 1114 4584 perit‚et
1125 4523 1219 4564 uuam
1231 4503 1423 4562 solummodo
1432 4502 1593 4560 Ecclesiam
1601 4502 1631 4559 iu
1639 4518 1676 4560 ea
1684 4501 1826 4560 fundave-

109 4609 186 4663 rem,
210 4592 264 4650 sed
279 4609 389 4650 novam
404 4598 639 4652 commentatam
653 4595 821 4670 aquodam
836 4613 944 4654 mona·
996 4598 1122 4669 rit,recte
1133 4596 1288 4670 apostolus
1297 4598 1342 4653 est
1354 4614 1360 4664 ;
1374 4594 1427 4660 uui
1440 4609 1512 4650 vero
1528 4597 1598 4666 post
1610 4608 1679 4649 eum
1693 4591 1827 4648 venerint

76 4685 83 4696 '
110 4683 169 4750 cbo
183 4689 255 4741 ante
270 4683 325 4740 bos
340 4687 460 4741 centnm
475 4699 592 4754 annos3
619 4689 648 4742 et
674 4685 733 4742 alio
759 4685 852 4743 modo
876 4701 944 4744 eam
996 4686 1206 4761 praedicatores
1221 4689 1250 4742 et
1263 4683 1406 4758 episcopi,
1435 4683 1476 4739 illi
1500 4685 1569 4739 sunt
1591 4679 1745 4754 apostolici
1759 4676 1824 4734 viri.

110 4773 219 4830 baberi
233 4773 266 4830 iu
280 4774 499 4846 longobardia,
516 4775 569 4832 ubi
582 4775 653 4833 dicit
667 4792 736 4832 eum
751 4791 857 4850 parem
880 4793 944 4834 esse
997 4774 1182 4850 apostolicos
1191 4774 1271 4831 viros
1286 4774 1367 4830 enim
1381 4772 1453 4828 dicit
1466 4787 1532 4830 esse
1550 4771 1603 4844 qui
1614 4773 1683 4842 post
1705 4769 1825 4840 aposto-

111 4866 223 4918 saucto
248 4862 437 4936 sppouinari,
458 4867 487 4920 01
500 4863 609 4920 sanctis
631 4867 748 4933 110010,
774 4865 944 4933 Saturnino,
997 4863 1043 4922 los
1063 4864 1102 4920 ad
1116 4862 1302 4920 dilatandam
1321 4859 1571 4920 christianitatem
1597 4857 1628 4913 in
1649 4855 1786 4927 regiones
1798 4857 1827 4912 et

110 4949 271 5020 Dionysio,
286 4951 505 5021 austremonio,
515 4949 625 5008 Hilario
640 4952 945 5022 Pictaveusi,Martino
996 4952 1165 5028 provincias
1193 4952 1233 5009 ab
1257 4951 1298 5007 cis
1325 4952 1389 5023 J'am
1411 4948 1603 5016 illuminatas,
1621 4949 1649 5001 01
1669 4943 1774 5000 invita
1799 4947 1828 5000 et

108 5039 289 5096 Tmcuensi.
306 5062 319 5090 υ
334 5043 410 5098 Tum
425 5057 481 5112 ego
496 5041 685 5098 occasionem
700 5041 857 5098 deridendi
872 5042 945 5099 stul·
997 5047 1067 5116 post
1080 5041 1196 5098 0111111111
1209 5057 1313 5098 eorum
1328 5038 1471 5100 venerint,
1488 5034 1535 5092 vel
1548 5050 1625 5108 qnos
1641 5031 1768 5105 apostoli
1782 5049 1827 5090 01-

109 5135 177 5186 tum
195 5133 312 5198 nactus,
325 5129 420 5188 risum
432 5131 586 5204 proterens
600 5131 648 5189 aio
665 5148 672 5188 τ
698 5155 711 5183 «
730 5133 758 5190 Si
773 5133 946 5203 grammati·
998 5131 1155 5198 dinabant‚
1171 5133 1204 5186 ut
1218 5143 1408 5186 successores
1423 5126 1453 5182 in
1466 5123 1532 5180 loco
1556 5138 1661 5179 eorum
1686 5137 1738 5195 per
1756 5122 1826 5179 civi-

108 5235 165 5275 cus
181 5217 708 5294 essetperleotus,u0nistaproterret
718 5221 943 5292 Langobardos.
998 5223 1072 5276 tates
1086 5217 1245 5293 provincia
1260 5218 1339 5274 illius
1354 5231 1448 5291 qnam
1460 5211 1707 5287 predicaverunt,
1720 5212 1827 5268 existe-

110 5307 140 5365 Si
156 5307 255 5364 altera
269 5307 332 5366 Vita
345 5313 389 5366 est
403 5325 472 5382 quar
487 5310 575 5366 istam
588 5325 692 5367 veram
710 5303 859 5381 obscuret,
875 5326 945 5384 pro·
998 5311 1073 5366 rent.
1103 5308 1175 5364 Hinc
1198 5306 1294 5363 litum
1316 5301 1598 5378 dicitapostolicnm
1621 5301 1730 5370 virum,
1755 5300 1827 5376 quia

110 5397 161 5453 cul
176 5395 414 5472 dubicreproba
430 5398 545 5456 0110100
565 5403 617 5472 001,
635 5403 663 5457 01
677 5399 848 5456 0011010000
863 5415 881 5456 a
896 5416 945 5457 ca·
999 5397 1107 5453 Paulus
1136 5411 1205 5450 cum
1228 5394 1259 5450 in
1284 5391 1439 5466 provincia
1463 5393 1564 5458 Crctae,
1585 5405 1679 5462 quam
1710 5388 1827 5462 primus

112 5485 227 5542 thelica
243 5484 372 5544 Ecclesia
386 5487 566 5562 recipienda,
581 5493 609 5544 et
621 5505 639 5544 0
649 5487 737 5545 1101110
751 5494 785 5545 01
796 5504 947 5546 venenum
999 5484 1223 5561 predicaverat,
1240 5482 1358 5555 reliquit
1373 5481 1517 5538 vicarium
1532 5480 1587 5536 sihi
1600 5498 1607 5550 ;
1620 5483 1653 5535 ut
1667 5477 1826 5535 constitne-

112 5574 304 5631 exsecrauda
318 5579 374 5632 est.
391 5577 602 5634 Verumtamen
624 5577 648 5632 01
662 5575 799 5635 Martialis
813 5565 947 5650 discipu·
999 5579 1044 5633 ret
1055 5591 1109 5648 per
1123 5571 1255 5630 civitates
1269 5570 1460 5646 presbyteros
1475 5570 1535 5628 sive
1561 5569 1729 5643 episcopos.
1756 5567 1826 5624 Hinc

113 5662 255 5722 tuscani
269 5665 482 5724 tantummodo
500 5669 589 5736 esset,
618 5671 647 5723 et
669 5665 708 5723 ab
720 5681 756 5724 eo
771 5666 946 5740 potestateid
1001 5663 1082 5721 idem
1097 5663 1295 5735 Hieronymus
1308 5661 1339 5718 in
1353 5659 1477 5736 epistola
1488 5659 1527 5718 ad
1534 5659 1691 5718 Paulinum
1703 5654 1827 5731 presby·
