<?xml version="1.0" encoding="UTF-8"?>
<!DOCTYPE html PUBLIC "-//W3C//DTD XHTML 1.0 Transitional//EN"
    "http://www.w3.org/TR/xhtml1/DTD/xhtml1-transitional.dtd">
<html xmlns="http://www.w3.org/1999/xhtml" xml:lang="en" lang="en">
 <head>
  <title>
</title>
<meta http-equiv="Content-Type" content="text/html;charset=utf-8" />
  <meta name='ocr-system' content='tesseract 3.04.00' />
  <meta name='ocr-capabilities' content='ocr_page ocr_carea ocr_par ocr_line ocrx_word'/>
</head>
<body>
  <div class='ocr_page' id='page_1' title='image "./patrologiaecurs127unkngoog_0129.png"; bbox 0 0 3998 6176; ppageno 0'>
   <div class='ocr_carea' id='block_1_1' title="bbox 125 141 1838 204">
    <p class='ocr_par' dir='ltr' id='par_1_1' title="bbox 125 141 1838 204">
     <span class='ocr_line' id='line_1_1' title="bbox 125 141 1838 204; baseline 0 0"><span class='ocrx_word' id='word_1_1' title='bbox 125 147 178 204; x_wconf 69' lang='grc' dir='ltr'><strong><em>Μ</em></strong></span> <span class='ocrx_word' id='word_1_2' title='bbox 887 141 1074 202; x_wconf 75' lang='lat' dir='ltr'><strong>EPlS&#39;l&#39;OLAE.</strong></span> <span class='ocrx_word' id='word_1_3' title='bbox 1784 147 1838 204; x_wconf 67' lang='lat' dir='ltr'><strong>hit)</strong></span> 
     </span>
    </p>
   </div>
   <div class='ocr_carea' id='block_1_2' title="bbox 112 267 1840 1502">
    <p class='ocr_par' dir='ltr' id='par_1_2' title="bbox 112 267 1840 1502">
     <span class='ocr_line' id='line_1_2' title="bbox 119 267 1836 343; baseline 0.002 -18"><span class='ocrx_word' id='word_1_4' title='bbox 119 270 219 325; x_wconf 75' lang='lat' dir='ltr'><strong>testem</strong></span> <span class='ocrx_word' id='word_1_5' title='bbox 229 270 359 339; x_wconf 80' lang='lat' dir='ltr'><strong>justum,</strong></span> <span class='ocrx_word' id='word_1_6' title='bbox 372 269 436 340; x_wconf 77' lang='lat' dir='ltr'><strong>ipse</strong></span> <span class='ocrx_word' id='word_1_7' title='bbox 462 274 505 326; x_wconf 83' lang='lat' dir='ltr'><strong>cst</strong></span> <span class='ocrx_word' id='word_1_8' title='bbox 519 271 654 328; x_wconf 65' lang='lat' dir='ltr'><strong>worado</strong></span> <span class='ocrx_word' id='word_1_9' title='bbox 676 285 734 340; x_wconf 80' lang='lat' dir='ltr'><strong>pro</strong></span> <span class='ocrx_word' id='word_1_10' title='bbox 747 270 876 342; x_wconf 85' lang='lat' dir='ltr'><strong>pcccatis</strong></span> <span class='ocrx_word' id='word_1_11' title='bbox 886 271 989 328; x_wconf 75' lang='lat' dir='ltr'><strong>uos-t</strong></span> <span class='ocrx_word' id='word_1_12' title='bbox 1007 282 1079 340; x_wconf 77' lang='lat' dir='ltr'><strong>ergo</strong></span> <span class='ocrx_word' id='word_1_13' title='bbox 1090 271 1160 342; x_wconf 89' lang='lat' dir='ltr'><strong>post</strong></span> <span class='ocrx_word' id='word_1_14' title='bbox 1174 272 1217 326; x_wconf 90' lang='lat' dir='ltr'><strong>tot</strong></span> <span class='ocrx_word' id='word_1_15' title='bbox 1223 267 1439 343; x_wconf 88' lang='lat' dir='ltr'><strong>prohibitiones</strong></span> <span class='ocrx_word' id='word_1_16' title='bbox 1448 269 1513 326; x_wconf 78' lang='lat' dir='ltr'><strong>heo</strong></span> <span class='ocrx_word' id='word_1_17' title='bbox 1526 267 1646 326; x_wconf 66' lang='lat' dir='ltr'><strong>durata</strong></span> <span class='ocrx_word' id='word_1_18' title='bbox 1660 267 1836 343; x_wconf 84' lang='lat' dir='ltr'><strong>apostolica,</strong></span> 
     </span>
     <span class='ocr_line' id='line_1_3' title="bbox 121 357 1838 434; baseline 0 -19"><span class='ocrx_word' id='word_1_19' title='bbox 121 359 176 416; x_wconf 83' lang='lat' dir='ltr'><strong>tris</strong></span> <span class='ocrx_word' id='word_1_20' title='bbox 188 359 218 430; x_wconf 86' lang='lat' dir='ltr'><strong>(i</strong></span> <span class='ocrx_word' id='word_1_21' title='bbox 227 359 316 416; x_wconf 76' lang='lat' dir='ltr'><strong>doun.</strong></span> <span class='ocrx_word' id='word_1_22' title='bbox 330 375 361 428; x_wconf 89' lang='lat' dir='ltr'><strong>n,</strong></span> <span class='ocrx_word' id='word_1_23' title='bbox 380 363 416 426; x_wconf 81' lang='grc' dir='ltr'><strong>ι).</strong></span> <span class='ocrx_word' id='word_1_24' title='bbox 432 360 467 416; x_wconf 84' lang='lat' dir='ltr'><strong>Et</strong></span> <span class='ocrx_word' id='word_1_25' title='bbox 480 359 546 434; x_wconf 89' lang='lat' dir='ltr'><strong>ipse</strong></span> <span class='ocrx_word' id='word_1_26' title='bbox 558 359 779 419; x_wconf 86' lang='lat' dir='ltr'><strong>Dominusait:</strong></span> <span class='ocrx_word' id='word_1_27' title='bbox 803 360 952 416; x_wconf 79' lang='lat' dir='ltr'><strong><em>Gaudium</em></strong></span> <span class='ocrx_word' id='word_1_28' title='bbox 1007 360 1036 413; x_wconf 90' lang='lat' dir='ltr'><strong>et</strong></span> <span class='ocrx_word' id='word_1_29' title='bbox 1060 357 1198 430; x_wconf 80' lang='lat' dir='ltr'>synodali</span> <span class='ocrx_word' id='word_1_30' title='bbox 1221 358 1394 415; x_wconf 86' lang='lat' dir='ltr'><strong>auctoritate</strong></span> <span class='ocrx_word' id='word_1_31' title='bbox 1420 360 1565 415; x_wconf 79' lang='lat' dir='ltr'><strong>renovata</strong></span> <span class='ocrx_word' id='word_1_32' title='bbox 1590 361 1734 414; x_wconf 86' lang='lat' dir='ltr'><strong>temerare</strong></span> <span class='ocrx_word' id='word_1_33' title='bbox 1760 373 1838 432; x_wconf 82' lang='lat' dir='ltr'><strong>pree·</strong></span> 
     </span>
     <span class='ocr_line' id='line_1_4' title="bbox 117 445 1839 520; baseline 0.001 -16"><span class='ocrx_word' id='word_1_34' title='bbox 117 453 160 504; x_wconf 82' lang='lat' dir='ltr'><strong>est</strong></span> <span class='ocrx_word' id='word_1_35' title='bbox 173 449 292 520; x_wconf 63' lang='lat' dir='ltr'><strong>meretis</strong></span> <span class='ocrx_word' id='word_1_36' title='bbox 306 448 465 520; x_wconf 84' lang='lat' dir='ltr'><strong>Deieuper</strong></span> <span class='ocrx_word' id='word_1_37' title='bbox 490 464 550 506; x_wconf 82' lang='lat' dir='ltr'><strong>uno</strong></span> <span class='ocrx_word' id='word_1_38' title='bbox 567 455 727 520; x_wconf 78' lang='lat' dir='ltr'><strong><em>peccatore</em></strong></span> <span class='ocrx_word' id='word_1_39' title='bbox 745 449 953 519; x_wconf 72' lang='lat' dir='ltr'><strong>pendentium</strong></span> <span class='ocrx_word' id='word_1_40' title='bbox 1007 446 1177 520; x_wconf 79' lang='lat' dir='ltr'><strong>sumpserit,</strong></span> <span class='ocrx_word' id='word_1_41' title='bbox 1202 446 1316 519; x_wconf 75' lang='lat' dir='ltr'><strong>gradiu</strong></span> <span class='ocrx_word' id='word_1_42' title='bbox 1334 447 1381 503; x_wconf 91' lang='lat' dir='ltr'><strong>sui</strong></span> <span class='ocrx_word' id='word_1_43' title='bbox 1406 445 1538 520; x_wconf 88' lang='lat' dir='ltr'><strong>periculo</strong></span> <span class='ocrx_word' id='word_1_44' title='bbox 1564 445 1741 518; x_wconf 86' lang='lat' dir='ltr'><strong>subjacebit.</strong></span> <span class='ocrx_word' id='word_1_45' title='bbox 1757 447 1839 505; x_wconf 88' lang='lat' dir='ltr'><strong>Vide·</strong></span> 
     </span>
     <span class='ocr_line' id='line_1_5' title="bbox 116 535 1837 611; baseline 0.001 -18"><span class='ocrx_word' id='word_1_46' title='bbox 116 541 236 607; x_wconf 69' lang='lat' dir='ltr'><strong>ocante,</strong></span> <span class='ocrx_word' id='word_1_47' title='bbox 250 551 342 609; x_wconf 81' lang='lat' dir='ltr'><strong>quum</strong></span> <span class='ocrx_word' id='word_1_48' title='bbox 357 551 448 606; x_wconf 81' lang='lat' dir='ltr'><strong>super</strong></span> <span class='ocrx_word' id='word_1_49' title='bbox 472 538 639 609; x_wconf 76' lang='lat' dir='ltr'><strong>uoncqiutc</strong></span> <span class='ocrx_word' id='word_1_50' title='bbox 661 553 765 596; x_wconf 82' lang='lat' dir='ltr'><strong>uocem</strong></span> <span class='ocrx_word' id='word_1_51' title='bbox 783 538 887 608; x_wconf 83' lang='lat' dir='ltr'><strong>justis,</strong></span> <span class='ocrx_word' id='word_1_52' title='bbox 902 537 955 607; x_wconf 82' lang='lat' dir='ltr'><strong>qui</strong></span> <span class='ocrx_word' id='word_1_53' title='bbox 1006 551 1075 592; x_wconf 90' lang='lat' dir='ltr'><strong>mus</strong></span> <span class='ocrx_word' id='word_1_54' title='bbox 1087 551 1159 608; x_wconf 80' lang='lat' dir='ltr'><strong>ergo</strong></span> <span class='ocrx_word' id='word_1_55' title='bbox 1169 536 1336 611; x_wconf 87' lang='lat' dir='ltr'><strong>capitulum</strong></span> <span class='ocrx_word' id='word_1_56' title='bbox 1349 551 1435 592; x_wconf 79' lang='lat' dir='ltr'><strong>novae</strong></span> <span class='ocrx_word' id='word_1_57' title='bbox 1445 535 1519 607; x_wconf 79' lang='lat' dir='ltr'><strong>legis</strong></span> <span class='ocrx_word' id='word_1_58' title='bbox 1529 538 1651 592; x_wconf 82' lang='lat' dir='ltr'><strong>vetusta</strong></span> <span class='ocrx_word' id='word_1_59' title='bbox 1662 551 1837 610; x_wconf 72' lang='lat' dir='ltr'>congruere,</span> 
     </span>
     <span class='ocr_line' id='line_1_6' title="bbox 115 623 1838 700; baseline 0.002 -20"><span class='ocrx_word' id='word_1_60' title='bbox 115 641 178 681; x_wconf 82' lang='lat' dir='ltr'><strong>uon</strong></span> <span class='ocrx_word' id='word_1_61' title='bbox 193 625 332 696; x_wconf 72' lang='lat' dir='ltr'><strong>iudicem</strong></span> <span class='ocrx_word' id='word_1_62' title='bbox 345 625 521 695; x_wconf 81' lang='lat' dir='ltr'><strong>penitentia</strong></span> <span class='ocrx_word' id='word_1_63' title='bbox 533 625 672 697; x_wconf 60' lang='lat' dir='ltr'><strong>(lucar.</strong></span> <span class='ocrx_word' id='word_1_64' title='bbox 682 631 734 696; x_wconf 84' lang='grc' dir='ltr'>ιιι).</span> <span class='ocrx_word' id='word_1_65' title='bbox 744 629 863 684; x_wconf 82' lang='lat' dir='ltr'><strong>Cerbrm</strong></span> <span class='ocrx_word' id='word_1_66' title='bbox 873 623 953 682; x_wconf 89' lang='lat' dir='ltr'><strong>enim</strong></span> <span class='ocrx_word' id='word_1_67' title='bbox 1007 639 1062 681; x_wconf 87' lang='lat' dir='ltr'><strong>nec</strong></span> <span class='ocrx_word' id='word_1_68' title='bbox 1076 641 1154 698; x_wconf 90' lang='lat' dir='ltr'><strong>opus</strong></span> <span class='ocrx_word' id='word_1_69' title='bbox 1168 631 1214 682; x_wconf 88' lang='lat' dir='ltr'><strong>est</strong></span> <span class='ocrx_word' id='word_1_70' title='bbox 1227 625 1358 700; x_wconf 88' lang='lat' dir='ltr'><strong>amplius</strong></span> <span class='ocrx_word' id='word_1_71' title='bbox 1368 624 1442 698; x_wconf 92' lang='lat' dir='ltr'><strong>quid</strong></span> <span class='ocrx_word' id='word_1_72' title='bbox 1455 624 1494 681; x_wconf 90' lang='lat' dir='ltr'><strong>de</strong></span> <span class='ocrx_word' id='word_1_73' title='bbox 1515 623 1565 681; x_wconf 92' lang='lat' dir='ltr'><strong>illo</strong></span> <span class='ocrx_word' id='word_1_74' title='bbox 1577 623 1706 682; x_wconf 87' lang='lat' dir='ltr'><strong>diacono</strong></span> <span class='ocrx_word' id='word_1_75' title='bbox 1727 625 1838 683; x_wconf 86' lang='lat' dir='ltr'><strong>lacien-</strong></span> 
     </span>
     <span class='ocr_line' id='line_1_7' title="bbox 117 713 1839 787; baseline 0.002 -17"><span class='ocrx_word' id='word_1_76' title='bbox 117 713 209 770; x_wconf 87' lang='lat' dir='ltr'><strong>babet</strong></span> <span class='ocrx_word' id='word_1_77' title='bbox 234 713 382 772; x_wconf 88' lang='lat' dir='ltr'><strong>catholica</strong></span> <span class='ocrx_word' id='word_1_78' title='bbox 407 713 493 782; x_wconf 85' lang='lat' dir='ltr'><strong>tides,</strong></span> <span class='ocrx_word' id='word_1_79' title='bbox 526 719 559 772; x_wconf 90' lang='lat' dir='ltr'><strong>ut</strong></span> <span class='ocrx_word' id='word_1_80' title='bbox 579 715 678 772; x_wconf 86' lang='lat' dir='ltr'><strong>verbis</strong></span> <span class='ocrx_word' id='word_1_81' title='bbox 705 714 786 774; x_wconf 89' lang='lat' dir='ltr'><strong>beati</strong></span> <span class='ocrx_word' id='word_1_82' title='bbox 807 713 954 784; x_wconf 79' lang='lat' dir='ltr'><strong>Fulgentii</strong></span> <span class='ocrx_word' id='word_1_83' title='bbox 1006 713 1082 770; x_wconf 90' lang='lat' dir='ltr'><strong>dum</strong></span> <span class='ocrx_word' id='word_1_84' title='bbox 1105 714 1141 770; x_wconf 90' lang='lat' dir='ltr'><strong>sit</strong></span> <span class='ocrx_word' id='word_1_85' title='bbox 1161 714 1309 772; x_wconf 88' lang='lat' dir='ltr'><strong>dubitare.</strong></span> <span class='ocrx_word' id='word_1_86' title='bbox 1336 717 1388 772; x_wconf 83' lang='lat' dir='ltr'><strong>Est</strong></span> <span class='ocrx_word' id='word_1_87' title='bbox 1413 713 1494 770; x_wconf 90' lang='lat' dir='ltr'><strong>enim</strong></span> <span class='ocrx_word' id='word_1_88' title='bbox 1519 713 1626 787; x_wconf 88' lang='lat' dir='ltr'><strong>procul</strong></span> <span class='ocrx_word' id='word_1_89' title='bbox 1647 713 1741 771; x_wconf 91' lang='lat' dir='ltr'><strong>dubio</strong></span> <span class='ocrx_word' id='word_1_90' title='bbox 1755 721 1839 774; x_wconf 85' lang='lat' dir='ltr'><strong>extra</strong></span> 
     </span>
     <span class='ocr_line' id='line_1_8' title="bbox 115 801 1839 879; baseline 0.001 -19"><span class='ocrx_word' id='word_1_91' title='bbox 115 807 194 870; x_wconf 87' lang='lat' dir='ltr'><strong>utar,</strong></span> <span class='ocrx_word' id='word_1_92' title='bbox 211 802 286 877; x_wconf 90' lang='lat' dir='ltr'><strong>quia</strong></span> <span class='ocrx_word' id='word_1_93' title='bbox 299 819 482 876; x_wconf 90' lang='lat' dir='ltr'><strong>quocunque</strong></span> <span class='ocrx_word' id='word_1_94' title='bbox 495 807 629 878; x_wconf 89' lang='lat' dir='ltr'><strong>tempore</strong></span> <span class='ocrx_word' id='word_1_95' title='bbox 642 805 734 862; x_wconf 91' lang='lat' dir='ltr'><strong>homo</strong></span> <span class='ocrx_word' id='word_1_96' title='bbox 747 805 840 876; x_wconf 79' lang='lat' dir='ltr'><strong>egerit</strong></span> <span class='ocrx_word' id='word_1_97' title='bbox 856 801 953 878; x_wconf 85' lang='lat' dir='ltr'><strong>poeni·</strong></span> <span class='ocrx_word' id='word_1_98' title='bbox 1006 804 1133 861; x_wconf 86' lang='lat' dir='ltr'><strong>chorum</strong></span> <span class='ocrx_word' id='word_1_99' title='bbox 1147 804 1358 878; x_wconf 90' lang='lat' dir='ltr'><strong>deponendus,</strong></span> <span class='ocrx_word' id='word_1_100' title='bbox 1371 803 1543 879; x_wconf 85' lang='lat' dir='ltr'><strong>poenitentia</strong></span> <span class='ocrx_word' id='word_1_101' title='bbox 1557 802 1839 876; x_wconf 76' lang='lat' dir='ltr'><strong>plectendusouod</strong></span> 
     </span>
     <span class='ocr_line' id='line_1_9' title="bbox 115 891 1839 967; baseline 0.001 -19"><span class='ocrx_word' id='word_1_102' title='bbox 115 891 252 960; x_wconf 69' lang='lat' dir='ltr'><strong>enham,</strong></span> <span class='ocrx_word' id='word_1_103' title='bbox 267 891 434 966; x_wconf 77' lang='lat' dir='ltr'><strong>quamlibet</strong></span> <span class='ocrx_word' id='word_1_104' title='bbox 449 907 592 962; x_wconf 88' lang='lat' dir='ltr'><strong>annosus,</strong></span> <span class='ocrx_word' id='word_1_105' title='bbox 608 893 633 950; x_wconf 89' lang='lat' dir='ltr'><strong>si</strong></span> <span class='ocrx_word' id='word_1_106' title='bbox 645 897 707 951; x_wconf 91' lang='lat' dir='ltr'><strong>toto</strong></span> <span class='ocrx_word' id='word_1_107' title='bbox 727 893 817 951; x_wconf 89' lang='lat' dir='ltr'><strong>corde</strong></span> <span class='ocrx_word' id='word_1_108' title='bbox 844 908 953 950; x_wconf 87' lang='lat' dir='ltr'><strong>renun-</strong></span> <span class='ocrx_word' id='word_1_109' title='bbox 1007 893 1032 948; x_wconf 95' lang='grc' dir='ltr'><strong>ιι</strong></span> <span class='ocrx_word' id='word_1_110' title='bbox 1049 891 1087 948; x_wconf 90' lang='lat' dir='ltr'><strong>de</strong></span> <span class='ocrx_word' id='word_1_111' title='bbox 1101 892 1287 965; x_wconf 80' lang='lat' dir='ltr'><strong>longitudine</strong></span> <span class='ocrx_word' id='word_1_112' title='bbox 1301 893 1482 967; x_wconf 74' lang='lat' dir='ltr'><strong>penitentia</strong></span> <span class='ocrx_word' id='word_1_113' title='bbox 1500 892 1627 967; x_wconf 74' lang='lat' dir='ltr'><strong>quaestio</strong></span> <span class='ocrx_word' id='word_1_114' title='bbox 1645 891 1708 961; x_wconf 85' lang='lat' dir='ltr'><strong>fiat,</strong></span> <span class='ocrx_word' id='word_1_115' title='bbox 1734 893 1839 950; x_wconf 90' lang='lat' dir='ltr'><strong>memi-</strong></span> 
     </span>
     <span class='ocr_line' id='line_1_10' title="bbox 117 979 1838 1057; baseline 0 -19"><span class='ocrx_word' id='word_1_116' title='bbox 117 981 550 1057; x_wconf 82' lang='lat' dir='ltr'><strong>tiaveritpeocatisproeteritis,</strong></span> <span class='ocrx_word' id='word_1_117' title='bbox 568 986 665 1056; x_wconf 91' lang='lat' dir='ltr'><strong>etpro</strong></span> <span class='ocrx_word' id='word_1_118' title='bbox 684 982 771 1040; x_wconf 90' lang='lat' dir='ltr'><strong>eisin</strong></span> <span class='ocrx_word' id='word_1_119' title='bbox 790 986 953 1057; x_wconf 89' lang='lat' dir='ltr'><strong>conspectu</strong></span> <span class='ocrx_word' id='word_1_120' title='bbox 1005 979 1087 1038; x_wconf 91' lang='lat' dir='ltr'><strong>nisse</strong></span> <span class='ocrx_word' id='word_1_121' title='bbox 1112 981 1260 1038; x_wconf 90' lang='lat' dir='ltr'><strong>debemus</strong></span> <span class='ocrx_word' id='word_1_122' title='bbox 1285 981 1364 1038; x_wconf 90' lang='lat' dir='ltr'><strong>illius</strong></span> <span class='ocrx_word' id='word_1_123' title='bbox 1402 982 1565 1051; x_wconf 78' lang='lat' dir='ltr'><strong>sententies,</strong></span> <span class='ocrx_word' id='word_1_124' title='bbox 1590 998 1657 1057; x_wconf 78' lang='lat' dir='ltr'><strong>que</strong></span> <span class='ocrx_word' id='word_1_125' title='bbox 1685 979 1725 1038; x_wconf 89' lang='lat' dir='ltr'><strong>ad</strong></span> <span class='ocrx_word' id='word_1_126' title='bbox 1760 982 1838 1038; x_wconf 84' lang='lat' dir='ltr'><strong>hanc</strong></span> 
     </span>
     <span class='ocr_line' id='line_1_11' title="bbox 115 1069 1839 1146; baseline -0.001 -19"><span class='ocrx_word' id='word_1_127' title='bbox 115 1071 167 1127; x_wconf 85' lang='lat' dir='ltr'><strong>hei</strong></span> <span class='ocrx_word' id='word_1_128' title='bbox 184 1086 249 1128; x_wconf 91' lang='lat' dir='ltr'><strong>non</strong></span> <span class='ocrx_word' id='word_1_129' title='bbox 262 1070 361 1126; x_wconf 91' lang='lat' dir='ltr'><strong>solum</strong></span> <span class='ocrx_word' id='word_1_130' title='bbox 376 1071 509 1145; x_wconf 90' lang='lat' dir='ltr'><strong>corporis</strong></span> <span class='ocrx_word' id='word_1_131' title='bbox 520 1071 574 1129; x_wconf 89' lang='lat' dir='ltr'><strong>sed</strong></span> <span class='ocrx_word' id='word_1_132' title='bbox 588 1072 678 1129; x_wconf 91' lang='lat' dir='ltr'><strong>etiam</strong></span> <span class='ocrx_word' id='word_1_133' title='bbox 690 1073 789 1131; x_wconf 92' lang='lat' dir='ltr'><strong>cordis</strong></span> <span class='ocrx_word' id='word_1_134' title='bbox 802 1072 954 1146; x_wconf 76' lang='lat' dir='ltr'><strong>lacrymas</strong></span> <span class='ocrx_word' id='word_1_135' title='bbox 1005 1069 1203 1142; x_wconf 75' lang='lat' dir='ltr'><strong>quaestionem</strong></span> <span class='ocrx_word' id='word_1_136' title='bbox 1216 1071 1379 1144; x_wconf 79' lang='lat' dir='ltr'><strong>respondet</strong></span> <span class='ocrx_word' id='word_1_137' title='bbox 1389 1072 1448 1129; x_wconf 91' lang='lat' dir='ltr'><strong>hoc</strong></span> <span class='ocrx_word' id='word_1_138' title='bbox 1456 1070 1550 1128; x_wconf 92' lang='lat' dir='ltr'><strong>modo</strong></span> <span class='ocrx_word' id='word_1_139' title='bbox 1564 1088 1571 1127; x_wconf 78' lang='grc' dir='ltr'><strong>ι</strong></span> <span class='ocrx_word' id='word_1_140' title='bbox 1587 1073 1757 1129; x_wconf 86' lang='lat' dir='ltr'><strong>tlensuram</strong></span> <span class='ocrx_word' id='word_1_141' title='bbox 1766 1075 1839 1127; x_wconf 78' lang='lat' dir='ltr'><strong>tem</strong></span> 
     </span>
     <span class='ocr_line' id='line_1_12' title="bbox 115 1159 1840 1234; baseline 0.001 -19"><span class='ocrx_word' id='word_1_142' title='bbox 115 1159 241 1230; x_wconf 86' lang='lat' dir='ltr'><strong>inderit,</strong></span> <span class='ocrx_word' id='word_1_143' title='bbox 254 1159 447 1218; x_wconf 87' lang='lat' dir='ltr'><strong>etmalorum</strong></span> <span class='ocrx_word' id='word_1_144' title='bbox 465 1175 592 1234; x_wconf 87' lang='lat' dir='ltr'><strong>operum</strong></span> <span class='ocrx_word' id='word_1_145' title='bbox 608 1161 743 1218; x_wconf 84' lang='lat' dir='ltr'><strong>maculas</strong></span> <span class='ocrx_word' id='word_1_146' title='bbox 758 1161 846 1219; x_wconf 90' lang='lat' dir='ltr'><strong>honis</strong></span> <span class='ocrx_word' id='word_1_147' title='bbox 859 1159 957 1234; x_wconf 86' lang='lat' dir='ltr'><strong>operi-</strong></span> <span class='ocrx_word' id='word_1_148' title='bbox 1006 1159 1087 1232; x_wconf 84' lang='lat' dir='ltr'><strong>poris</strong></span> <span class='ocrx_word' id='word_1_149' title='bbox 1099 1159 1131 1217; x_wconf 90' lang='lat' dir='ltr'><strong>in</strong></span> <span class='ocrx_word' id='word_1_150' title='bbox 1143 1161 1264 1231; x_wconf 80' lang='lat' dir='ltr'><strong>agenda</strong></span> <span class='ocrx_word' id='word_1_151' title='bbox 1275 1160 1573 1234; x_wconf 78' lang='lat' dir='ltr'><strong>penitentiaideireo</strong></span> <span class='ocrx_word' id='word_1_152' title='bbox 1587 1175 1648 1217; x_wconf 92' lang='lat' dir='ltr'><strong>non</strong></span> <span class='ocrx_word' id='word_1_153' title='bbox 1664 1159 1734 1217; x_wconf 91' lang='lat' dir='ltr'><strong>satis</strong></span> <span class='ocrx_word' id='word_1_154' title='bbox 1746 1165 1840 1218; x_wconf 90' lang='lat' dir='ltr'><strong>atten-</strong></span> 
     </span>
     <span class='ocr_line' id='line_1_13' title="bbox 113 1246 1839 1324; baseline 0 -20"><span class='ocrx_word' id='word_1_155' title='bbox 113 1248 174 1304; x_wconf 86' lang='lat' dir='ltr'><strong>bus</strong></span> <span class='ocrx_word' id='word_1_156' title='bbox 188 1246 305 1305; x_wconf 90' lang='lat' dir='ltr'><strong>diluere</strong></span> <span class='ocrx_word' id='word_1_157' title='bbox 321 1248 476 1318; x_wconf 82' lang='lat' dir='ltr'>curaverit,</span> <span class='ocrx_word' id='word_1_158' title='bbox 492 1249 630 1307; x_wconf 90' lang='lat' dir='ltr'><strong>omnium</strong></span> <span class='ocrx_word' id='word_1_159' title='bbox 644 1254 839 1324; x_wconf 87' lang='lat' dir='ltr'><strong>peccatorum</strong></span> <span class='ocrx_word' id='word_1_160' title='bbox 855 1247 953 1306; x_wconf 91' lang='lat' dir='ltr'><strong>indul-</strong></span> <span class='ocrx_word' id='word_1_161' title='bbox 1005 1252 1033 1306; x_wconf 90' lang='lat' dir='ltr'><strong>te</strong></span> <span class='ocrx_word' id='word_1_162' title='bbox 1046 1249 1207 1322; x_wconf 76' lang='lat' dir='ltr'><strong>praefigunt</strong></span> <span class='ocrx_word' id='word_1_163' title='bbox 1220 1261 1351 1306; x_wconf 86' lang='lat' dir='ltr'><strong>oenones</strong></span> <span class='ocrx_word' id='word_1_164' title='bbox 1366 1265 1422 1323; x_wconf 89' lang='lat' dir='ltr'><strong>pro</strong></span> <span class='ocrx_word' id='word_1_165' title='bbox 1437 1265 1623 1324; x_wconf 90' lang='lat' dir='ltr'><strong>unoquoque</strong></span> <span class='ocrx_word' id='word_1_166' title='bbox 1635 1248 1769 1318; x_wconf 89' lang='lat' dir='ltr'><strong>crimine,</strong></span> <span class='ocrx_word' id='word_1_167' title='bbox 1785 1247 1839 1304; x_wconf 91' lang='lat' dir='ltr'><strong>sed</strong></span> 
     </span>
     <span class='ocr_line' id='line_1_14' title="bbox 113 1336 1837 1411; baseline -0.001 -17"><span class='ocrx_word' id='word_1_168' title='bbox 113 1337 250 1408; x_wconf 77' lang='lat' dir='ltr'><strong>gentiam</strong></span> <span class='ocrx_word' id='word_1_169' title='bbox 261 1352 333 1393; x_wconf 86' lang='lat' dir='ltr'><strong>mox</strong></span> <span class='ocrx_word' id='word_1_170' title='bbox 345 1336 478 1396; x_wconf 87' lang='lat' dir='ltr'><strong>habebit.</strong></span> <span class='ocrx_word' id='word_1_171' title='bbox 496 1341 613 1406; x_wconf 87' lang='lat' dir='ltr'><strong>Verum,</strong></span> <span class='ocrx_word' id='word_1_172' title='bbox 630 1344 663 1396; x_wconf 88' lang='lat' dir='ltr'><strong>ut</strong></span> <span class='ocrx_word' id='word_1_173' title='bbox 676 1339 718 1398; x_wconf 91' lang='lat' dir='ltr'><strong>ait</strong></span> <span class='ocrx_word' id='word_1_174' title='bbox 738 1341 824 1397; x_wconf 88' lang='lat' dir='ltr'><strong>Pater</strong></span> <span class='ocrx_word' id='word_1_175' title='bbox 838 1343 953 1411; x_wconf 76' lang='lat' dir='ltr'><strong>Augus·</strong></span> <span class='ocrx_word' id='word_1_176' title='bbox 994 1337 1103 1408; x_wconf 19' lang='lat' dir='ltr'><strong>,magis</strong></span> <span class='ocrx_word' id='word_1_177' title='bbox 1117 1337 1148 1395; x_wconf 90' lang='lat' dir='ltr'><strong>in</strong></span> <span class='ocrx_word' id='word_1_178' title='bbox 1162 1338 1285 1396; x_wconf 89' lang='lat' dir='ltr'><strong>arbitrio</strong></span> <span class='ocrx_word' id='word_1_179' title='bbox 1295 1338 1433 1396; x_wconf 73' lang='lat' dir='ltr'><strong>mestitia</strong></span> <span class='ocrx_word' id='word_1_180' title='bbox 1447 1338 1641 1396; x_wconf 88' lang='lat' dir='ltr'><strong>statuendum</strong></span> <span class='ocrx_word' id='word_1_181' title='bbox 1654 1336 1837 1410; x_wconf 90' lang='lat' dir='ltr'><strong>relinquunt,</strong></span> 
     </span>
     <span class='ocr_line' id='line_1_15' title="bbox 112 1424 1838 1502; baseline -0.002 -19"><span class='ocrx_word' id='word_1_182' title='bbox 112 1427 208 1496; x_wconf 89' lang='lat' dir='ltr'><strong>tinus,</strong></span> <span class='ocrx_word' id='word_1_183' title='bbox 223 1424 409 1500; x_wconf 82' lang='lat' dir='ltr'><strong>quiveniam</strong></span> <span class='ocrx_word' id='word_1_184' title='bbox 422 1426 578 1500; x_wconf 70' lang='lat' dir='ltr'><strong>penitenti</strong></span> <span class='ocrx_word' id='word_1_185' title='bbox 589 1429 736 1502; x_wconf 91' lang='lat' dir='ltr'><strong>promisit,</strong></span> <span class='ocrx_word' id='word_1_186' title='bbox 751 1426 953 1484; x_wconf 79' lang='lat' dir='ltr'><strong>dissimulanti</strong></span> <span class='ocrx_word' id='word_1_187' title='bbox 1005 1427 1077 1500; x_wconf 86' lang='lat' dir='ltr'><strong>quia</strong></span> <span class='ocrx_word' id='word_1_188' title='bbox 1092 1426 1175 1500; x_wconf 89' lang='lat' dir='ltr'><strong>apud</strong></span> <span class='ocrx_word' id='word_1_189' title='bbox 1193 1427 1355 1484; x_wconf 87' lang='lat' dir='ltr'><strong>Dominum</strong></span> <span class='ocrx_word' id='word_1_190' title='bbox 1370 1443 1432 1484; x_wconf 93' lang='lat' dir='ltr'><strong>non</strong></span> <span class='ocrx_word' id='word_1_191' title='bbox 1457 1430 1576 1483; x_wconf 87' lang='lat' dir='ltr'><strong>tantum</strong></span> <span class='ocrx_word' id='word_1_192' title='bbox 1597 1424 1676 1482; x_wconf 84' lang='lat' dir='ltr'><strong>valet</strong></span> <span class='ocrx_word' id='word_1_193' title='bbox 1695 1438 1838 1482; x_wconf 88' lang='lat' dir='ltr'><strong>mensura</strong></span> 
     </span>
    </p>
   </div>
   <div class='ocr_carea' id='block_1_3' title="bbox 114 1513 951 1590">
    <p class='ocr_par' dir='ltr' id='par_1_3' title="bbox 114 1513 951 1590">
     <span class='ocr_line' id='line_1_16' title="bbox 114 1513 951 1590; baseline 0.001 -18"><span class='ocrx_word' id='word_1_194' title='bbox 114 1515 199 1572; x_wconf 69' lang='lat' dir='ltr'><strong>mem</strong></span> <span class='ocrx_word' id='word_1_195' title='bbox 215 1513 382 1571; x_wconf 87' lang='lat' dir='ltr'><strong>crastinum</strong></span> <span class='ocrx_word' id='word_1_196' title='bbox 395 1530 457 1572; x_wconf 91' lang='lat' dir='ltr'><strong>uon</strong></span> <span class='ocrx_word' id='word_1_197' title='bbox 472 1517 645 1590; x_wconf 84' lang='lat' dir='ltr'><strong>spopondit.</strong></span> <span class='ocrx_word' id='word_1_198' title='bbox 671 1521 824 1588; x_wconf 79' lang='lat' dir='ltr'><strong>Rogamus</strong></span> <span class='ocrx_word' id='word_1_199' title='bbox 850 1517 951 1588; x_wconf 81' lang='lat' dir='ltr'><strong>eham,</strong></span> 
     </span>
    </p>
   </div>
   <div class='ocr_carea' id='block_1_4' title="bbox 1005 1514 1838 1590">
    <p class='ocr_par' dir='ltr' id='par_1_4' title="bbox 1005 1514 1838 1590">
     <span class='ocr_line' id='line_1_17' title="bbox 1005 1514 1838 1590; baseline -0.002 -18"><span class='ocrx_word' id='word_1_200' title='bbox 1005 1516 1159 1589; x_wconf 86' lang='lat' dir='ltr'><strong>temporis,</strong></span> <span class='ocrx_word' id='word_1_201' title='bbox 1176 1533 1271 1590; x_wconf 88' lang='lat' dir='ltr'><strong>quam</strong></span> <span class='ocrx_word' id='word_1_202' title='bbox 1285 1517 1397 1574; x_wconf 90' lang='lat' dir='ltr'><strong>doloris</strong></span> <span class='ocrx_word' id='word_1_203' title='bbox 1410 1535 1417 1586; x_wconf 90' lang='lat'>;</span> <span class='ocrx_word' id='word_1_204' title='bbox 1442 1531 1498 1574; x_wconf 91' lang='lat' dir='ltr'><strong>nec</strong></span> <span class='ocrx_word' id='word_1_205' title='bbox 1525 1514 1707 1572; x_wconf 88' lang='lat' dir='ltr'><strong>abstinentia</strong></span> <span class='ocrx_word' id='word_1_206' title='bbox 1719 1517 1838 1570; x_wconf 78' lang='lat' dir='ltr'><strong>tannim</strong></span> 
     </span>
    </p>
   </div>
   <div class='ocr_carea' id='block_1_5' title="bbox 114 1602 1838 1682">
    <p class='ocr_par' dir='ltr' id='par_1_5' title="bbox 114 1602 1838 1682">
     <span class='ocr_line' id='line_1_18' title="bbox 114 1602 1838 1682; baseline -0.004 -19"><span class='ocrx_word' id='word_1_207' title='bbox 114 1606 236 1672; x_wconf 74' lang='lat' dir='ltr'><strong>trabes,</strong></span> <span class='ocrx_word' id='word_1_208' title='bbox 251 1608 286 1661; x_wconf 91' lang='lat' dir='ltr'><strong>ut</strong></span> <span class='ocrx_word' id='word_1_209' title='bbox 314 1603 463 1662; x_wconf 89' lang='lat' dir='ltr'><strong>domnum</strong></span> <span class='ocrx_word' id='word_1_210' title='bbox 489 1607 520 1663; x_wconf 77' lang='lat' dir='ltr'><strong>F.</strong></span> <span class='ocrx_word' id='word_1_211' title='bbox 544 1607 745 1664; x_wconf 78' lang='lat' dir='ltr'><strong>venerabilem</strong></span> <span class='ocrx_word' id='word_1_212' title='bbox 773 1607 951 1682; x_wconf 89' lang='lat' dir='ltr'><strong>episcopum</strong></span> <span class='ocrx_word' id='word_1_213' title='bbox 967 1625 986 1680; x_wconf 69' lang='grc' dir='ltr'>Β</span> <span class='ocrx_word' id='word_1_214' title='bbox 1005 1605 1155 1676; x_wconf 92' lang='lat' dir='ltr'><strong>ciborum,</strong></span> <span class='ocrx_word' id='word_1_215' title='bbox 1171 1605 1225 1662; x_wconf 91' lang='lat' dir='ltr'><strong>sed</strong></span> <span class='ocrx_word' id='word_1_216' title='bbox 1236 1605 1425 1662; x_wconf 87' lang='lat' dir='ltr'><strong>mortificatio</strong></span> <span class='ocrx_word' id='word_1_217' title='bbox 1436 1604 1537 1679; x_wconf 89' lang='lat' dir='ltr'><strong>potius</strong></span> <span class='ocrx_word' id='word_1_218' title='bbox 1550 1603 1700 1660; x_wconf 89' lang='lat' dir='ltr'><strong>vitiorum.</strong></span> <span class='ocrx_word' id='word_1_219' title='bbox 1726 1602 1838 1658; x_wconf 85' lang='lat' dir='ltr'><strong>luves-</strong></span> 
     </span>
    </p>
   </div>
   <div class='ocr_carea' id='block_1_6' title="bbox 112 1694 951 1950">
    <p class='ocr_par' dir='ltr' id='par_1_6' title="bbox 112 1694 951 1950">
     <span class='ocr_line' id='line_1_19' title="bbox 112 1694 950 1767; baseline 0 -15"><span class='ocrx_word' id='word_1_220' title='bbox 112 1695 179 1752; x_wconf 85' lang='lat' dir='ltr'><strong>vice</strong></span> <span class='ocrx_word' id='word_1_221' title='bbox 200 1699 308 1752; x_wconf 89' lang='lat' dir='ltr'><strong>nostra</strong></span> <span class='ocrx_word' id='word_1_222' title='bbox 335 1694 465 1752; x_wconf 86' lang='lat' dir='ltr'><strong>salutare</strong></span> <span class='ocrx_word' id='word_1_223' title='bbox 487 1700 516 1753; x_wconf 91' lang='lat' dir='ltr'><strong>et</strong></span> <span class='ocrx_word' id='word_1_224' title='bbox 539 1695 707 1755; x_wconf 85' lang='lat' dir='ltr'><strong>confortare</strong></span> <span class='ocrx_word' id='word_1_225' title='bbox 735 1696 950 1767; x_wconf 86' lang='lat' dir='ltr'><strong>memineritis3</strong></span> 
     </span>
     <span class='ocr_line' id='line_1_20' title="bbox 112 1783 951 1860; baseline 0.001 -20"><span class='ocrx_word' id='word_1_226' title='bbox 112 1787 198 1840; x_wconf 85' lang='lat' dir='ltr'><strong>certo</strong></span> <span class='ocrx_word' id='word_1_227' title='bbox 215 1783 342 1841; x_wconf 89' lang='lat' dir='ltr'><strong>scientes</strong></span> <span class='ocrx_word' id='word_1_228' title='bbox 357 1800 413 1842; x_wconf 90' lang='lat' dir='ltr'><strong>sua</strong></span> <span class='ocrx_word' id='word_1_229' title='bbox 427 1784 521 1843; x_wconf 82' lang='lat' dir='ltr'><strong>tristia</strong></span> <span class='ocrx_word' id='word_1_230' title='bbox 535 1790 639 1844; x_wconf 89' lang='lat' dir='ltr'><strong>nostra</strong></span> <span class='ocrx_word' id='word_1_231' title='bbox 661 1803 739 1858; x_wconf 89' lang='lat' dir='ltr'><strong>esse,</strong></span> <span class='ocrx_word' id='word_1_232' title='bbox 753 1790 856 1844; x_wconf 90' lang='lat' dir='ltr'><strong>nostra</strong></span> <span class='ocrx_word' id='word_1_233' title='bbox 868 1801 951 1860; x_wconf 87' lang='lat' dir='ltr'><strong>pros·</strong></span> 
     </span>
     <span class='ocr_line' id='line_1_21' title="bbox 112 1871 548 1950; baseline 0 -20"><span class='ocrx_word' id='word_1_234' title='bbox 112 1889 263 1946; x_wconf 81' lang='lat' dir='ltr'><strong>peresus.</strong></span> <span class='ocrx_word' id='word_1_235' title='bbox 276 1871 375 1930; x_wconf 78' lang='lat' dir='ltr'><strong>valete</strong></span> <span class='ocrx_word' id='word_1_236' title='bbox 390 1889 460 1933; x_wconf 90' lang='lat' dir='ltr'><strong>cum</strong></span> <span class='ocrx_word' id='word_1_237' title='bbox 472 1875 548 1950; x_wconf 90' lang='lat' dir='ltr'><strong>ipso.</strong></span> 
     </span>
    </p>
   </div>
   <div class='ocr_carea' id='block_1_7' title="bbox 280 1977 790 2155">
    <p class='ocr_par' dir='ltr' id='par_1_7' title="bbox 280 1977 790 2155">
     <span class='ocr_line' id='line_1_22' title="bbox 280 1977 790 2053; baseline 0.008 -21"><span class='ocrx_word' id='word_1_238' title='bbox 280 1977 449 2034; x_wconf 78' lang='lat' dir='ltr'><strong>srtsrott</strong></span> <span class='ocrx_word' id='word_1_239' title='bbox 461 1979 565 2036; x_wconf 76' lang='lat' dir='ltr'><strong>xcviii</strong></span> <span class='ocrx_word' id='word_1_240' title='bbox 581 1977 665 2050; x_wconf 89' lang='lat' dir='ltr'><strong>[otim</strong></span> <span class='ocrx_word' id='word_1_241' title='bbox 681 1979 790 2053; x_wconf 76' lang='lat' dir='ltr'><strong>xxxvl.</strong></span> 
     </span>
     <span class='ocr_line' id='line_1_23' title="bbox 392 2079 676 2155; baseline 0.014 -19"><span class='ocrx_word' id='word_1_242' title='bbox 392 2079 486 2152; x_wconf 80' lang='lat' dir='ltr'><strong>(Circa</strong></span> <span class='ocrx_word' id='word_1_243' title='bbox 501 2097 550 2139; x_wconf 90' lang='lat' dir='ltr'><strong>an.</strong></span> <span class='ocrx_word' id='word_1_244' title='bbox 563 2083 676 2155; x_wconf 88' lang='lat' dir='ltr'><strong>eumd.)</strong></span> 
     </span>
    </p>
   </div>
   <div class='ocr_carea' id='block_1_8' title="bbox 111 2182 952 2344">
    <p class='ocr_par' dir='ltr' id='par_1_8' title="bbox 111 2182 952 2344">
     <span class='ocr_line' id='line_1_24' title="bbox 111 2182 952 2256; baseline 0.001 -17"><span class='ocrx_word' id='word_1_245' title='bbox 111 2183 232 2239; x_wconf 75' lang='grc' dir='ltr'>Ιιιιειιο</span> <span class='ocrx_word' id='word_1_246' title='bbox 247 2182 339 2239; x_wconf 84' lang='lat' dir='ltr'><strong>Patri</strong></span> <span class='ocrx_word' id='word_1_247' title='bbox 352 2189 379 2239; x_wconf 90' lang='lat' dir='ltr'><strong>ct</strong></span> <span class='ocrx_word' id='word_1_248' title='bbox 395 2183 565 2255; x_wconf 72' lang='lat' dir='ltr'><strong>coephcopo</strong></span> <span class='ocrx_word' id='word_1_249' title='bbox 590 2200 643 2242; x_wconf 83' lang='lat' dir='ltr'><strong>suo</strong></span> <span class='ocrx_word' id='word_1_250' title='bbox 663 2187 707 2256; x_wconf 68' lang='lat' dir='ltr'><strong>G,</strong></span> <span class='ocrx_word' id='word_1_251' title='bbox 729 2185 890 2243; x_wconf 75' lang='lat' dir='ltr'><strong>Funeratus</strong></span> <span class='ocrx_word' id='word_1_252' title='bbox 908 2185 952 2240; x_wconf 88' lang='lat' dir='ltr'><strong>oi-</strong></span> 
     </span>
     <span class='ocr_line' id='line_1_25' title="bbox 408 2275 656 2344; baseline 0.008 -14"><span class='ocrx_word' id='word_1_253' title='bbox 408 2289 486 2344; x_wconf 86' lang='lat' dir='ltr'><strong>ucre,</strong></span> <span class='ocrx_word' id='word_1_254' title='bbox 502 2280 530 2330; x_wconf 83' lang='lat' dir='ltr'><strong>ct</strong></span> <span class='ocrx_word' id='word_1_255' title='bbox 546 2275 656 2332; x_wconf 88' lang='lat' dir='ltr'><strong>cutcre.</strong></span> 
     </span>
    </p>
   </div>
   <div class='ocr_carea' id='block_1_9' title="bbox 110 2374 953 3056">
    <p class='ocr_par' dir='ltr' id='par_1_9' title="bbox 110 2374 953 3056">
     <span class='ocr_line' id='line_1_26' title="bbox 145 2374 952 2451; baseline 0.004 -21"><span class='ocrx_word' id='word_1_256' title='bbox 145 2377 254 2431; x_wconf 84' lang='lat' dir='ltr'><strong>Vester</strong></span> <span class='ocrx_word' id='word_1_257' title='bbox 268 2374 392 2432; x_wconf 88' lang='lat' dir='ltr'><strong>clericus</strong></span> <span class='ocrx_word' id='word_1_258' title='bbox 404 2375 595 2451; x_wconf 89' lang='lat' dir='ltr'><strong>propinquus</strong></span> <span class='ocrx_word' id='word_1_259' title='bbox 619 2382 720 2434; x_wconf 91' lang='lat' dir='ltr'><strong>noster</strong></span> <span class='ocrx_word' id='word_1_260' title='bbox 735 2377 766 2434; x_wconf 80' lang='lat' dir='ltr'><strong>F.</strong></span> <span class='ocrx_word' id='word_1_261' title='bbox 780 2377 820 2434; x_wconf 89' lang='lat' dir='ltr'><strong>ad</strong></span> <span class='ocrx_word' id='word_1_262' title='bbox 832 2393 889 2434; x_wconf 90' lang='lat' dir='ltr'><strong>nos</strong></span> <span class='ocrx_word' id='word_1_263' title='bbox 903 2391 952 2433; x_wconf 86' lang='lat' dir='ltr'><strong>ve-</strong></span> 
     </span>
     <span class='ocr_line' id='line_1_27' title="bbox 112 2463 952 2541; baseline -0.001 -19"><span class='ocrx_word' id='word_1_264' title='bbox 112 2465 205 2522; x_wconf 88' lang='lat' dir='ltr'><strong>niens</strong></span> <span class='ocrx_word' id='word_1_265' title='bbox 220 2480 258 2520; x_wconf 93' lang='lat' dir='ltr'><strong>eo</strong></span> <span class='ocrx_word' id='word_1_266' title='bbox 271 2480 303 2520; x_wconf 89' lang='lat' dir='ltr'><strong>se</strong></span> <span class='ocrx_word' id='word_1_267' title='bbox 329 2463 525 2534; x_wconf 70' lang='lat' dir='ltr'><strong>gratiosorem</strong></span> <span class='ocrx_word' id='word_1_268' title='bbox 552 2463 696 2535; x_wconf 75' lang='lat' dir='ltr'><strong>exhibuit,</strong></span> <span class='ocrx_word' id='word_1_269' title='bbox 725 2482 788 2541; x_wconf 93' lang='lat' dir='ltr'><strong>quo</strong></span> <span class='ocrx_word' id='word_1_270' title='bbox 811 2465 848 2523; x_wconf 95' lang='lat' dir='ltr'><strong>de</strong></span> <span class='ocrx_word' id='word_1_271' title='bbox 867 2465 952 2522; x_wconf 86' lang='lat' dir='ltr'><strong>vohis</strong></span> 
     </span>
     <span class='ocr_line' id='line_1_28' title="bbox 110 2553 952 2626; baseline 0.001 -14"><span class='ocrx_word' id='word_1_272' title='bbox 110 2555 192 2612; x_wconf 88' lang='lat' dir='ltr'><strong>bene</strong></span> <span class='ocrx_word' id='word_1_273' title='bbox 216 2568 273 2626; x_wconf 88' lang='lat' dir='ltr'><strong>per</strong></span> <span class='ocrx_word' id='word_1_274' title='bbox 313 2553 417 2610; x_wconf 92' lang='lat' dir='ltr'><strong>omnia</strong></span> <span class='ocrx_word' id='word_1_275' title='bbox 453 2553 611 2614; x_wconf 84' lang='lat' dir='ltr'><strong>nuntiavit.</strong></span> <span class='ocrx_word' id='word_1_276' title='bbox 647 2557 730 2613; x_wconf 84' lang='lat' dir='ltr'>Unde</span> <span class='ocrx_word' id='word_1_277' title='bbox 758 2572 840 2614; x_wconf 90' lang='lat' dir='ltr'><strong>nunc</strong></span> <span class='ocrx_word' id='word_1_278' title='bbox 867 2555 952 2613; x_wconf 89' lang='lat' dir='ltr'><strong>illum</strong></span> 
     </span>
     <span class='ocr_line' id='line_1_29' title="bbox 111 2641 952 2714; baseline -0.001 -14"><span class='ocrx_word' id='word_1_279' title='bbox 111 2641 305 2700; x_wconf 76' lang='lat' dir='ltr'><strong>salutationis</strong></span> <span class='ocrx_word' id='word_1_280' title='bbox 331 2642 470 2714; x_wconf 80' lang='lat' dir='ltr'><strong>gerulum</strong></span> <span class='ocrx_word' id='word_1_281' title='bbox 501 2642 653 2710; x_wconf 85' lang='lat' dir='ltr'><strong>iacientes.</strong></span> <span class='ocrx_word' id='word_1_282' title='bbox 678 2650 706 2702; x_wconf 91' lang='lat' dir='ltr'><strong>et</strong></span> <span class='ocrx_word' id='word_1_283' title='bbox 732 2645 859 2702; x_wconf 75' lang='lat' dir='ltr'><strong>claritati</strong></span> <span class='ocrx_word' id='word_1_284' title='bbox 885 2660 952 2700; x_wconf 83' lang='lat' dir='ltr'><strong>ves-</strong></span> 
     </span>
     <span class='ocr_line' id='line_1_30' title="bbox 112 2731 953 2804; baseline 0.002 -16"><span class='ocrx_word' id='word_1_285' title='bbox 112 2737 164 2788; x_wconf 75' lang='lat' dir='ltr'><strong>tra</strong></span> <span class='ocrx_word' id='word_1_286' title='bbox 193 2731 363 2804; x_wconf 88' lang='lat' dir='ltr'><strong>comparati</strong></span> <span class='ocrx_word' id='word_1_287' title='bbox 385 2731 574 2789; x_wconf 77' lang='lat' dir='ltr'><strong>munusculis</strong></span> <span class='ocrx_word' id='word_1_288' title='bbox 600 2749 723 2790; x_wconf 83' lang='lat' dir='ltr'><strong>exorare</strong></span> <span class='ocrx_word' id='word_1_289' title='bbox 747 2733 898 2804; x_wconf 83' lang='lat' dir='ltr'><strong>volumus,</strong></span> <span class='ocrx_word' id='word_1_290' title='bbox 928 2749 953 2789; x_wconf 79' lang='lat' dir='ltr'><strong>st</strong></span> 
     </span>
     <span class='ocr_line' id='line_1_31' title="bbox 111 2821 953 2894; baseline -0.001 -16"><span class='ocrx_word' id='word_1_291' title='bbox 111 2824 235 2878; x_wconf 88' lang='lat' dir='ltr'><strong>nonest</strong></span> <span class='ocrx_word' id='word_1_292' title='bbox 249 2821 469 2894; x_wconf 89' lang='lat' dir='ltr'><strong>importunum,</strong></span> <span class='ocrx_word' id='word_1_293' title='bbox 489 2825 523 2877; x_wconf 91' lang='lat' dir='ltr'><strong>ut</strong></span> <span class='ocrx_word' id='word_1_294' title='bbox 543 2837 611 2878; x_wconf 90' lang='lat' dir='ltr'><strong>eam</strong></span> <span class='ocrx_word' id='word_1_295' title='bbox 626 2823 754 2893; x_wconf 81' lang='lat' dir='ltr'><strong>gratiam</strong></span> <span class='ocrx_word' id='word_1_296' title='bbox 776 2821 834 2879; x_wconf 90' lang='lat' dir='ltr'><strong>sibi</strong></span> <span class='ocrx_word' id='word_1_297' title='bbox 846 2821 953 2878; x_wconf 90' lang='lat' dir='ltr'><strong>sentiat</strong></span> 
     </span>
     <span class='ocr_line' id='line_1_32' title="bbox 111 2909 953 2983; baseline 0 -17"><span class='ocrx_word' id='word_1_298' title='bbox 111 2909 274 2983; x_wconf 84' lang='lat' dir='ltr'><strong>prodesse,</strong></span> <span class='ocrx_word' id='word_1_299' title='bbox 301 2925 396 2983; x_wconf 91' lang='lat' dir='ltr'><strong>quam</strong></span> <span class='ocrx_word' id='word_1_300' title='bbox 413 2909 495 2983; x_wconf 91' lang='lat' dir='ltr'><strong>apud</strong></span> <span class='ocrx_word' id='word_1_301' title='bbox 518 2925 574 2968; x_wconf 84' lang='lat' dir='ltr'><strong>vos</strong></span> <span class='ocrx_word' id='word_1_302' title='bbox 594 2911 778 2983; x_wconf 86' lang='lat' dir='ltr'><strong>jamdudum</strong></span> <span class='ocrx_word' id='word_1_303' title='bbox 792 2927 847 2968; x_wconf 87' lang='lat' dir='ltr'><strong>vos</strong></span> <span class='ocrx_word' id='word_1_304' title='bbox 862 2909 953 2967; x_wconf 88' lang='lat' dir='ltr'><strong>credi-</strong></span> 
     </span>
     <span class='ocr_line' id='line_1_33' title="bbox 113 2997 456 3056; baseline -0.006 0"><span class='ocrx_word' id='word_1_305' title='bbox 113 3015 185 3056; x_wconf 86' lang='lat' dir='ltr'><strong>mus</strong></span> <span class='ocrx_word' id='word_1_306' title='bbox 201 2997 360 3056; x_wconf 84' lang='lat' dir='ltr'><strong>habuisse.</strong></span> <span class='ocrx_word' id='word_1_307' title='bbox 377 2999 456 3055; x_wconf 86' lang='lat' dir='ltr'><strong>Vale.</strong></span> 
     </span>
    </p>
   </div>
   <div class='ocr_carea' id='block_1_10' title="bbox 113 3101 956 4076">
    <p class='ocr_par' dir='ltr' id='par_1_10' title="bbox 291 3101 783 3265">
     <span class='ocr_line' id='line_1_34' title="bbox 291 3101 783 3176; baseline 0.006 -20"><span class='ocrx_word' id='word_1_308' title='bbox 291 3101 460 3158; x_wconf 73' lang='lat' dir='ltr'><strong>aristote</strong></span> <span class='ocrx_word' id='word_1_309' title='bbox 471 3103 548 3160; x_wconf 73' lang='lat' dir='ltr'><strong>teht</strong></span> <span class='ocrx_word' id='word_1_310' title='bbox 564 3101 646 3174; x_wconf 86' lang='lat' dir='ltr'><strong>[otim</strong></span> <span class='ocrx_word' id='word_1_311' title='bbox 662 3103 783 3176; x_wconf 69' lang='lat' dir='ltr'><strong>illitu.</strong></span> 
     </span>
     <span class='ocr_line' id='line_1_35' title="bbox 387 3189 686 3265; baseline 0 -17"><span class='ocrx_word' id='word_1_312' title='bbox 387 3189 482 3261; x_wconf 87' lang='lat' dir='ltr'><strong>(Circa</strong></span> <span class='ocrx_word' id='word_1_313' title='bbox 504 3207 555 3248; x_wconf 88' lang='lat' dir='ltr'><strong>an.</strong></span> <span class='ocrx_word' id='word_1_314' title='bbox 571 3191 686 3265; x_wconf 88' lang='lat' dir='ltr'><strong>eumd.)</strong></span> 
     </span>
    </p>

    <p class='ocr_par' dir='ltr' id='par_1_11' title="bbox 113 3280 951 3352">
     <span class='ocr_line' id='line_1_36' title="bbox 113 3280 951 3352; baseline -0.002 -12"><span class='ocrx_word' id='word_1_315' title='bbox 113 3283 219 3340; x_wconf 77' lang='lat' dir='ltr'><strong>curro</strong></span> <span class='ocrx_word' id='word_1_316' title='bbox 232 3280 364 3337; x_wconf 76' lang='lat' dir='ltr'><strong>Potrici</strong></span> <span class='ocrx_word' id='word_1_317' title='bbox 376 3283 547 3352; x_wconf 71' lang='lat' dir='ltr'><strong>coepiscopo</strong></span> <span class='ocrx_word' id='word_1_318' title='bbox 559 3296 612 3340; x_wconf 83' lang='lat' dir='ltr'><strong>suo</strong></span> <span class='ocrx_word' id='word_1_319' title='bbox 634 3283 761 3352; x_wconf 84' lang='lat' dir='ltr'><strong>Guroour,</strong></span> <span class='ocrx_word' id='word_1_320' title='bbox 779 3284 951 3339; x_wconf 83' lang='lat' dir='ltr'><strong>Fumesrns.</strong></span> 
     </span>
    </p>

    <p class='ocr_par' dir='ltr' id='par_1_12' title="bbox 113 3369 956 4076">
     <span class='ocr_line' id='line_1_37' title="bbox 149 3369 954 3453; baseline -0.001 -16"><span class='ocrx_word' id='word_1_321' title='bbox 149 3379 180 3438; x_wconf 87' lang='lat' dir='ltr'><strong>Si</strong></span> <span class='ocrx_word' id='word_1_322' title='bbox 195 3378 331 3436; x_wconf 89' lang='lat' dir='ltr'><strong>diacono</strong></span> <span class='ocrx_word' id='word_1_323' title='bbox 345 3379 398 3452; x_wconf 90' lang='lat' dir='ltr'><strong>qui</strong></span> <span class='ocrx_word' id='word_1_324' title='bbox 424 3395 456 3436; x_wconf 91' lang='lat' dir='ltr'><strong>se</strong></span> <span class='ocrx_word' id='word_1_325' title='bbox 470 3369 681 3453; x_wconf 82' lang='lat' dir='ltr'><strong>presbyierum</strong></span> <span class='ocrx_word' id='word_1_326' title='bbox 707 3379 869 3453; x_wconf 82' lang='lat' dir='ltr'><strong>simularit,</strong></span> <span class='ocrx_word' id='word_1_327' title='bbox 884 3380 954 3438; x_wconf 89' lang='lat' dir='ltr'><strong>mis-</strong></span> 
     </span>
     <span class='ocr_line' id='line_1_38' title="bbox 114 3467 953 3545; baseline 0 -19"><span class='ocrx_word' id='word_1_328' title='bbox 114 3485 247 3543; x_wconf 85' lang='lat' dir='ltr'><strong>samque</strong></span> <span class='ocrx_word' id='word_1_329' title='bbox 262 3467 415 3525; x_wconf 86' lang='lat' dir='ltr'><strong>celebrare</strong></span> <span class='ocrx_word' id='word_1_330' title='bbox 427 3469 630 3543; x_wconf 71' lang='lat' dir='ltr'><strong>presumpsit,</strong></span> <span class='ocrx_word' id='word_1_331' title='bbox 658 3469 784 3526; x_wconf 90' lang='lat' dir='ltr'><strong>modum</strong></span> <span class='ocrx_word' id='word_1_332' title='bbox 809 3469 953 3545; x_wconf 90' lang='lat' dir='ltr'><strong>poeniten·</strong></span> 
     </span>
     <span class='ocr_line' id='line_1_39' title="bbox 117 3556 956 3632; baseline -0.004 -15"><span class='ocrx_word' id='word_1_333' title='bbox 117 3562 164 3616; x_wconf 78' lang='lat' dir='ltr'><strong>tiae</strong></span> <span class='ocrx_word' id='word_1_334' title='bbox 177 3559 211 3617; x_wconf 91' lang='lat' dir='ltr'><strong>in</strong></span> <span class='ocrx_word' id='word_1_335' title='bbox 221 3557 335 3614; x_wconf 80' lang='lat' dir='ltr'><strong>dirime</strong></span> <span class='ocrx_word' id='word_1_336' title='bbox 349 3556 467 3629; x_wconf 76' lang='lat' dir='ltr'><strong>legibus</strong></span> <span class='ocrx_word' id='word_1_337' title='bbox 476 3557 596 3632; x_wconf 89' lang='lat' dir='ltr'><strong>proprie</strong></span> <span class='ocrx_word' id='word_1_338' title='bbox 615 3562 759 3616; x_wconf 89' lang='lat' dir='ltr'><strong>statutum</strong></span> <span class='ocrx_word' id='word_1_339' title='bbox 771 3575 832 3616; x_wconf 92' lang='lat' dir='ltr'><strong>non</strong></span> <span class='ocrx_word' id='word_1_340' title='bbox 845 3557 956 3616; x_wconf 88' lang='lat' dir='ltr'><strong>inveni·</strong></span> 
     </span>
     <span class='ocr_line' id='line_1_40' title="bbox 113 3647 955 3722; baseline -0.002 -16"><span class='ocrx_word' id='word_1_341' title='bbox 113 3667 194 3718; x_wconf 87' lang='lat' dir='ltr'><strong>mus,</strong></span> <span class='ocrx_word' id='word_1_342' title='bbox 221 3662 278 3722; x_wconf 82' lang='lat' dir='ltr'><strong>per</strong></span> <span class='ocrx_word' id='word_1_343' title='bbox 302 3647 561 3706; x_wconf 77' lang='lat' dir='ltr'><strong>ratiocinationem</strong></span> <span class='ocrx_word' id='word_1_344' title='bbox 584 3647 711 3705; x_wconf 87' lang='lat' dir='ltr'><strong>similem</strong></span> <span class='ocrx_word' id='word_1_345' title='bbox 741 3649 782 3705; x_wconf 88' lang='lat' dir='ltr'><strong>sic</strong></span> <span class='ocrx_word' id='word_1_346' title='bbox 807 3650 955 3706; x_wconf 69' lang='lat' dir='ltr'><strong>{estimare</strong></span> 
     </span>
     <span class='ocr_line' id='line_1_41' title="bbox 116 3736 956 3812; baseline 0.001 -20"><span class='ocrx_word' id='word_1_347' title='bbox 116 3752 298 3812; x_wconf 86' lang='lat' dir='ltr'><strong>possumus.</strong></span> <span class='ocrx_word' id='word_1_348' title='bbox 315 3738 398 3804; x_wconf 81' lang='lat' dir='ltr'><strong>core,</strong></span> <span class='ocrx_word' id='word_1_349' title='bbox 410 3736 526 3792; x_wconf 81' lang='lat' dir='ltr'><strong>bathan</strong></span> <span class='ocrx_word' id='word_1_350' title='bbox 539 3739 568 3793; x_wconf 93' lang='lat' dir='ltr'><strong>et</strong></span> <span class='ocrx_word' id='word_1_351' title='bbox 579 3736 691 3793; x_wconf 75' lang='lat' dir='ltr'><strong>abiron</strong></span> <span class='ocrx_word' id='word_1_352' title='bbox 701 3737 816 3809; x_wconf 89' lang='lat' dir='ltr'><strong>judicio</strong></span> <span class='ocrx_word' id='word_1_353' title='bbox 826 3737 877 3794; x_wconf 87' lang='lat' dir='ltr'><strong>Dei</strong></span> <span class='ocrx_word' id='word_1_354' title='bbox 887 3752 956 3793; x_wconf 91' lang='lat' dir='ltr'><strong>con-</strong></span> 
     </span>
     <span class='ocr_line' id='line_1_42' title="bbox 120 3823 955 3901; baseline 0 -18"><span class='ocrx_word' id='word_1_355' title='bbox 120 3825 270 3897; x_wconf 89' lang='lat' dir='ltr'><strong>demnati,</strong></span> <span class='ocrx_word' id='word_1_356' title='bbox 286 3829 313 3882; x_wconf 88' lang='lat' dir='ltr'><strong>et</strong></span> <span class='ocrx_word' id='word_1_357' title='bbox 324 3823 458 3882; x_wconf 87' lang='lat' dir='ltr'><strong>horribili</strong></span> <span class='ocrx_word' id='word_1_358' title='bbox 468 3829 564 3882; x_wconf 89' lang='lat' dir='ltr'><strong>morte</strong></span> <span class='ocrx_word' id='word_1_359' title='bbox 578 3825 713 3883; x_wconf 86' lang='lat' dir='ltr'><strong>mulctati</strong></span> <span class='ocrx_word' id='word_1_360' title='bbox 730 3831 809 3894; x_wconf 92' lang='lat' dir='ltr'><strong>sunt,</strong></span> <span class='ocrx_word' id='word_1_361' title='bbox 821 3842 857 3883; x_wconf 92' lang='lat' dir='ltr'><strong>eo</strong></span> <span class='ocrx_word' id='word_1_362' title='bbox 871 3825 955 3901; x_wconf 90' lang='lat' dir='ltr'><strong>quod</strong></span> 
     </span>
     <span class='ocr_line' id='line_1_43' title="bbox 125 3913 955 3990; baseline 0.002 -20"><span class='ocrx_word' id='word_1_363' title='bbox 125 3919 227 3970; x_wconf 69' lang='lat' dir='ltr'><strong>Aaron</strong></span> <span class='ocrx_word' id='word_1_364' title='bbox 244 3913 391 3972; x_wconf 86' lang='lat' dir='ltr'><strong>sacerdoti</strong></span> <span class='ocrx_word' id='word_1_365' title='bbox 414 3929 445 3972; x_wconf 90' lang='lat' dir='ltr'><strong>se</strong></span> <span class='ocrx_word' id='word_1_366' title='bbox 470 3929 647 3990; x_wconf 89' lang='lat' dir='ltr'><strong>comparare</strong></span> <span class='ocrx_word' id='word_1_367' title='bbox 668 3915 794 3988; x_wconf 86' lang='lat' dir='ltr'><strong>ejusque</strong></span> <span class='ocrx_word' id='word_1_368' title='bbox 822 3915 955 3972; x_wconf 80' lang='lat' dir='ltr'><strong>officium</strong></span> 
     </span>
     <span class='ocr_line' id='line_1_44' title="bbox 121 4003 956 4076; baseline 0.002 -18"><span class='ocrx_word' id='word_1_369' title='bbox 121 4017 269 4076; x_wconf 85' lang='lat' dir='ltr'><strong>usurpare</strong></span> <span class='ocrx_word' id='word_1_370' title='bbox 287 4009 557 4076; x_wconf 74' lang='lat' dir='ltr'><strong>praesumpserunt.</strong></span> <span class='ocrx_word' id='word_1_371' title='bbox 581 4003 632 4060; x_wconf 86' lang='lat' dir='ltr'><strong>iiic</strong></span> <span class='ocrx_word' id='word_1_372' title='bbox 655 4007 757 4060; x_wconf 91' lang='lat' dir='ltr'><strong>autem</strong></span> <span class='ocrx_word' id='word_1_373' title='bbox 770 4003 860 4060; x_wconf 87' lang='lat' dir='ltr'><strong>levita</strong></span> <span class='ocrx_word' id='word_1_374' title='bbox 872 4019 956 4060; x_wconf 90' lang='lat' dir='ltr'><strong>more</strong></span> 
     </span>
    </p>
   </div>
   <div class='ocr_carea' id='block_1_11' title="bbox 1004 1689 1839 2662">
    <p class='ocr_par' dir='ltr' id='par_1_13' title="bbox 1004 1689 1839 2214">
     <span class='ocr_line' id='line_1_45' title="bbox 1006 1689 1839 1767; baseline -0.004 -17"><span class='ocrx_word' id='word_1_375' title='bbox 1006 1697 1243 1766; x_wconf 80' lang='lat' dir='ltr'><strong>traergomanu</strong></span> <span class='ocrx_word' id='word_1_376' title='bbox 1267 1694 1358 1752; x_wconf 90' lang='lat' dir='ltr'><strong>situm</strong></span> <span class='ocrx_word' id='word_1_377' title='bbox 1384 1699 1438 1766; x_wconf 90' lang='lat' dir='ltr'><strong>est,</strong></span> <span class='ocrx_word' id='word_1_378' title='bbox 1467 1691 1674 1767; x_wconf 79' lang='lat' dir='ltr'><strong>penitentiam</strong></span> <span class='ocrx_word' id='word_1_379' title='bbox 1699 1691 1765 1762; x_wconf 80' lang='lat' dir='ltr'><strong>eJ&#39;us</strong></span> <span class='ocrx_word' id='word_1_380' title='bbox 1790 1689 1839 1747; x_wconf 80' lang='lat' dir='ltr'><strong>vel</strong></span> 
     </span>
     <span class='ocr_line' id='line_1_46' title="bbox 1004 1780 1839 1860; baseline -0.006 -18"><span class='ocrx_word' id='word_1_381' title='bbox 1004 1783 1152 1850; x_wconf 84' lang='lat' dir='ltr'><strong>breviare,</strong></span> <span class='ocrx_word' id='word_1_382' title='bbox 1174 1785 1223 1842; x_wconf 86' lang='lat' dir='ltr'><strong>vel</strong></span> <span class='ocrx_word' id='word_1_383' title='bbox 1235 1785 1394 1860; x_wconf 86' lang='lat' dir='ltr'><strong>protelare,</strong></span> <span class='ocrx_word' id='word_1_384' title='bbox 1407 1785 1495 1856; x_wconf 82' lang='lat' dir='ltr'><strong>juxta</strong></span> <span class='ocrx_word' id='word_1_385' title='bbox 1521 1782 1604 1857; x_wconf 89' lang='lat' dir='ltr'><strong>quod</strong></span> <span class='ocrx_word' id='word_1_386' title='bbox 1618 1797 1689 1838; x_wconf 91' lang='lat' dir='ltr'><strong>eum</strong></span> <span class='ocrx_word' id='word_1_387' title='bbox 1700 1781 1732 1838; x_wconf 93' lang='lat' dir='ltr'><strong>in</strong></span> <span class='ocrx_word' id='word_1_388' title='bbox 1744 1780 1839 1854; x_wconf 84' lang='lat' dir='ltr'><strong>poeni-</strong></span> 
     </span>
     <span class='ocr_line' id='line_1_47' title="bbox 1006 1869 1839 1946; baseline -0.004 -17"><span class='ocrx_word' id='word_1_389' title='bbox 1006 1873 1096 1930; x_wconf 90' lang='lat' dir='ltr'><strong>tendo</strong></span> <span class='ocrx_word' id='word_1_390' title='bbox 1110 1873 1352 1946; x_wconf 80' lang='lat' dir='ltr'><strong>diligentem,seu</strong></span> <span class='ocrx_word' id='word_1_391' title='bbox 1365 1871 1567 1944; x_wconf 75' lang='lat' dir='ltr'><strong>negligentem</strong></span> <span class='ocrx_word' id='word_1_392' title='bbox 1578 1869 1721 1926; x_wconf 85' lang='lat' dir='ltr'><strong>videritis.</strong></span> <span class='ocrx_word' id='word_1_393' title='bbox 1737 1869 1839 1926; x_wconf 77' lang='lat' dir='ltr'><strong>Vatmt</strong></span> 
     </span>
     <span class='ocr_line' id='line_1_48' title="bbox 1006 1963 1270 2022; baseline 0.011 -4"><span class='ocrx_word' id='word_1_394' title='bbox 1006 1963 1148 2021; x_wconf 80' lang='lat' dir='ltr'><strong>sanctitas</strong></span> <span class='ocrx_word' id='word_1_395' title='bbox 1161 1967 1270 2022; x_wconf 87' lang='lat' dir='ltr'><strong>vestra.</strong></span> 
     </span>
     <span class='ocr_line' id='line_1_49' title="bbox 1196 2049 1651 2124; baseline -0.011 -14"><span class='ocrx_word' id='word_1_396' title='bbox 1196 2053 1364 2112; x_wconf 70' lang='lat' dir='ltr'><strong>aristote</strong></span> <span class='ocrx_word' id='word_1_397' title='bbox 1379 2052 1493 2124; x_wconf 88' lang='lat' dir='ltr'><strong>C[olim</strong></span> <span class='ocrx_word' id='word_1_398' title='bbox 1509 2049 1651 2121; x_wconf 78' lang='lat' dir='ltr'><strong>lxxxiitl.</strong></span> 
     </span>
     <span class='ocr_line' id='line_1_50' title="bbox 1256 2141 1588 2214; baseline -0.024 -13"><span class='ocrx_word' id='word_1_399' title='bbox 1256 2141 1350 2214; x_wconf 86' lang='lat' dir='ltr'><strong>(Circa</strong></span> <span class='ocrx_word' id='word_1_400' title='bbox 1364 2155 1479 2198; x_wconf 89' lang='lat' dir='ltr'><strong>aunum</strong></span> <span class='ocrx_word' id='word_1_401' title='bbox 1496 2142 1588 2208; x_wconf 79' lang='lat' dir='ltr'><strong>toti.)</strong></span> 
     </span>
    </p>

    <p class='ocr_par' dir='ltr' id='par_1_14' title="bbox 1006 2225 1839 2470">
     <span class='ocr_line' id='line_1_51' title="bbox 1006 2225 1837 2302; baseline -0.01 -14"><span class='ocrx_word' id='word_1_402' title='bbox 1006 2231 1203 2289; x_wconf 68' lang='lat' dir='ltr'><strong>Dilectissimo</strong></span> <span class='ocrx_word' id='word_1_403' title='bbox 1227 2231 1346 2288; x_wconf 73' lang='lat' dir='ltr'><strong>domim</strong></span> <span class='ocrx_word' id='word_1_404' title='bbox 1374 2230 1496 2302; x_wconf 74' lang='lat' dir='ltr'><strong>rapique</strong></span> <span class='ocrx_word' id='word_1_405' title='bbox 1518 2230 1659 2294; x_wconf 81' lang='lat' dir='ltr'><strong>Rosauro,</strong></span> <span class='ocrx_word' id='word_1_406' title='bbox 1675 2225 1837 2280; x_wconf 82' lang='lat' dir='ltr'><strong>Fummrus</strong></span> 
     </span>
     <span class='ocr_line' id='line_1_52' title="bbox 1042 2313 1839 2392; baseline -0.013 -12"><span class='ocrx_word' id='word_1_407' title='bbox 1042 2321 1165 2380; x_wconf 75' lang='lat' dir='ltr'><strong>humela</strong></span> <span class='ocrx_word' id='word_1_408' title='bbox 1178 2322 1332 2392; x_wconf 70' lang='lat' dir='ltr'><strong>apiacum</strong></span> <span class='ocrx_word' id='word_1_409' title='bbox 1346 2319 1547 2378; x_wconf 78' lang='lat' dir='ltr'><strong>bumilitatem</strong></span> <span class='ocrx_word' id='word_1_410' title='bbox 1559 2318 1591 2374; x_wconf 83' lang='lat' dir='ltr'><strong>iu</strong></span> <span class='ocrx_word' id='word_1_411' title='bbox 1596 2313 1839 2386; x_wconf 64' lang='lat' dir='ltr'><strong>prospeasfidu-</strong></span> 
     </span>
     <span class='ocr_line' id='line_1_53' title="bbox 1041 2411 1321 2470; baseline -0.014 0"><span class='ocrx_word' id='word_1_412' title='bbox 1041 2413 1118 2470; x_wconf 85' lang='lat' dir='ltr'><strong>eium</strong></span> <span class='ocrx_word' id='word_1_413' title='bbox 1131 2411 1161 2468; x_wconf 81' lang='lat' dir='ltr'><strong>ia</strong></span> <span class='ocrx_word' id='word_1_414' title='bbox 1177 2411 1321 2468; x_wconf 75' lang='lat' dir='ltr'><strong>cavera.</strong></span> 
     </span>
    </p>

    <p class='ocr_par' dir='ltr' id='par_1_15' title="bbox 1006 2491 1838 2662">
     <span class='ocr_line' id='line_1_54' title="bbox 1041 2491 1838 2572; baseline -0.015 -14"><span class='ocrx_word' id='word_1_415' title='bbox 1041 2503 1083 2558; x_wconf 87' lang='lat' dir='ltr'><strong>De</strong></span> <span class='ocrx_word' id='word_1_416' title='bbox 1097 2500 1229 2558; x_wconf 81' lang='lat' dir='ltr'><strong>lisiardo</strong></span> <span class='ocrx_word' id='word_1_417' title='bbox 1244 2499 1360 2567; x_wconf 87' lang='lat' dir='ltr'><strong>clerieo,</strong></span> <span class='ocrx_word' id='word_1_418' title='bbox 1386 2497 1439 2572; x_wconf 90' lang='lat' dir='ltr'><strong>qui</strong></span> <span class='ocrx_word' id='word_1_419' title='bbox 1453 2495 1608 2556; x_wconf 82' lang='lat' dir='ltr'><strong>tteldensis</strong></span> <span class='ocrx_word' id='word_1_420' title='bbox 1634 2491 1778 2566; x_wconf 90' lang='lat' dir='ltr'><strong>episcopii</strong></span> <span class='ocrx_word' id='word_1_421' title='bbox 1790 2505 1838 2548; x_wconf 89' lang='lat' dir='ltr'><strong>res</strong></span> 
     </span>
     <span class='ocr_line' id='line_1_55' title="bbox 1006 2580 1838 2662; baseline -0.013 -15"><span class='ocrx_word' id='word_1_422' title='bbox 1006 2590 1112 2647; x_wconf 89' lang='lat' dir='ltr'><strong>odiosa</strong></span> <span class='ocrx_word' id='word_1_423' title='bbox 1135 2587 1360 2662; x_wconf 85' lang='lat' dir='ltr'><strong>importunitate</strong></span> <span class='ocrx_word' id='word_1_424' title='bbox 1375 2585 1516 2660; x_wconf 88' lang='lat' dir='ltr'><strong>pervasit,</strong></span> <span class='ocrx_word' id='word_1_425' title='bbox 1540 2582 1597 2640; x_wconf 86' lang='lat' dir='ltr'><strong>tale</strong></span> <span class='ocrx_word' id='word_1_426' title='bbox 1612 2580 1770 2639; x_wconf 90' lang='lat' dir='ltr'><strong>eonsilium</strong></span> <span class='ocrx_word' id='word_1_427' title='bbox 1785 2580 1838 2636; x_wconf 85' lang='lat' dir='ltr'><strong>da·</strong></span> 
     </span>
    </p>
   </div>
   <div class='ocr_carea' id='block_1_12' title="bbox 945 2667 1838 2751">
    <p class='ocr_par' dir='ltr' id='par_1_16' title="bbox 945 2667 1838 2751">
     <span class='ocr_line' id='line_1_56' title="bbox 945 2667 1838 2751; baseline -0.016 -15"><span class='ocrx_word' id='word_1_428' title='bbox 945 2733 950 2744; x_wconf 91' lang='grc'>,</span> <span class='ocrx_word' id='word_1_429' title='bbox 1006 2694 1076 2735; x_wconf 91' lang='lat' dir='ltr'><strong>mus</strong></span> <span class='ocrx_word' id='word_1_430' title='bbox 1091 2697 1098 2734; x_wconf 89' lang='lat'>:</span> <span class='ocrx_word' id='word_1_431' title='bbox 1114 2677 1266 2751; x_wconf 85' lang='lat' dir='ltr'><strong>Preecipite</strong></span> <span class='ocrx_word' id='word_1_432' title='bbox 1278 2675 1507 2750; x_wconf 80' lang='lat' dir='ltr'><strong>archiepiscopo</strong></span> <span class='ocrx_word' id='word_1_433' title='bbox 1535 2669 1710 2738; x_wconf 84' lang='lat' dir='ltr'><strong>senonensi,</strong></span> <span class='ocrx_word' id='word_1_434' title='bbox 1734 2672 1769 2725; x_wconf 94' lang='lat' dir='ltr'><strong>ut</strong></span> <span class='ocrx_word' id='word_1_435' title='bbox 1790 2667 1838 2723; x_wconf 86' lang='lat' dir='ltr'><strong>vel</strong></span> 
     </span>
    </p>
   </div>
   <div class='ocr_carea' id='block_1_13' title="bbox 1006 2754 1839 2927">
    <p class='ocr_par' dir='ltr' id='par_1_17' title="bbox 1006 2754 1839 2927">
     <span class='ocr_line' id='line_1_57' title="bbox 1006 2754 1838 2842; baseline -0.014 -18"><span class='ocrx_word' id='word_1_436' title='bbox 1006 2767 1193 2842; x_wconf 90' lang='lat' dir='ltr'><strong>episcopium</strong></span> <span class='ocrx_word' id='word_1_437' title='bbox 1206 2767 1271 2840; x_wconf 89' lang='lat' dir='ltr'><strong>ipse</strong></span> <span class='ocrx_word' id='word_1_438' title='bbox 1285 2766 1394 2836; x_wconf 86' lang='lat' dir='ltr'><strong>visitet,</strong></span> <span class='ocrx_word' id='word_1_439' title='bbox 1408 2768 1574 2835; x_wconf 80' lang='lat' dir='ltr'><strong>veshaeque</strong></span> <span class='ocrx_word' id='word_1_440' title='bbox 1599 2764 1628 2818; x_wconf 90' lang='lat' dir='ltr'><strong>et</strong></span> <span class='ocrx_word' id='word_1_441' title='bbox 1651 2774 1713 2815; x_wconf 75' lang='lat' dir='ltr'><strong>suae</strong></span> <span class='ocrx_word' id='word_1_442' title='bbox 1733 2754 1838 2824; x_wconf 83' lang='lat' dir='ltr'><strong>ditioni</strong></span> 
     </span>
     <span class='ocr_line' id='line_1_58' title="bbox 1006 2845 1839 2927; baseline -0.018 -13"><span class='ocrx_word' id='word_1_443' title='bbox 1006 2861 1135 2926; x_wconf 83' lang='lat' dir='ltr'><strong>revocet,</strong></span> <span class='ocrx_word' id='word_1_444' title='bbox 1148 2859 1181 2913; x_wconf 92' lang='lat' dir='ltr'><strong>ut</strong></span> <span class='ocrx_word' id='word_1_445' title='bbox 1192 2855 1320 2927; x_wconf 79' lang='lat' dir='ltr'><strong>dignum</strong></span> <span class='ocrx_word' id='word_1_446' title='bbox 1334 2857 1398 2922; x_wconf 90' lang='lat' dir='ltr'><strong>est;</strong></span> <span class='ocrx_word' id='word_1_447' title='bbox 1414 2852 1472 2927; x_wconf 85' lang='lat' dir='ltr'><strong>vel,</strong></span> <span class='ocrx_word' id='word_1_448' title='bbox 1488 2853 1512 2908; x_wconf 87' lang='lat' dir='ltr'><strong>si</strong></span> <span class='ocrx_word' id='word_1_449' title='bbox 1528 2850 1560 2908; x_wconf 91' lang='lat' dir='ltr'><strong>id</strong></span> <span class='ocrx_word' id='word_1_450' title='bbox 1573 2850 1671 2908; x_wconf 87' lang='lat' dir='ltr'><strong>iacere</strong></span> <span class='ocrx_word' id='word_1_451' title='bbox 1680 2845 1839 2922; x_wconf 90' lang='lat' dir='ltr'><strong>prohibea-</strong></span> 
     </span>
    </p>
   </div>
   <div class='ocr_carea' id='block_1_14' title="bbox 966 2939 1925 3036">
    <p class='ocr_par' dir='ltr' id='par_1_18' title="bbox 966 2939 1925 3036">
     <span class='ocr_line' id='line_1_59' title="bbox 966 2939 1925 3036; baseline -0.017 -33"><span class='ocrx_word' id='word_1_452' title='bbox 966 2981 986 3036; x_wconf 53' lang='grc' dir='ltr'><strong><em>Β</em></strong></span> <span class='ocrx_word' id='word_1_453' title='bbox 1007 2949 1064 3016; x_wconf 89' lang='lat' dir='ltr'><strong>tur,</strong></span> <span class='ocrx_word' id='word_1_454' title='bbox 1077 2944 1203 3002; x_wconf 89' lang='lat' dir='ltr'><strong>mandet</strong></span> <span class='ocrx_word' id='word_1_455' title='bbox 1215 2943 1359 3018; x_wconf 77' lang='lat' dir='ltr'><strong>predicto</strong></span> <span class='ocrx_word' id='word_1_456' title='bbox 1372 2945 1402 3000; x_wconf 86' lang='lat' dir='ltr'><strong>h.</strong></span> <span class='ocrx_word' id='word_1_457' title='bbox 1415 2958 1470 3016; x_wconf 88' lang='lat' dir='ltr'><strong>per</strong></span> <span class='ocrx_word' id='word_1_458' title='bbox 1482 2941 1594 2998; x_wconf 88' lang='lat' dir='ltr'><strong>litteras</strong></span> <span class='ocrx_word' id='word_1_459' title='bbox 1609 2953 1646 2994; x_wconf 85' lang='lat' dir='ltr'><strong>ex</strong></span> <span class='ocrx_word' id='word_1_460' title='bbox 1660 2951 1716 2993; x_wconf 92' lang='lat' dir='ltr'><strong>sua</strong></span> <span class='ocrx_word' id='word_1_461' title='bbox 1731 2939 1760 2992; x_wconf 90' lang='lat' dir='ltr'><strong>et</strong></span> <span class='ocrx_word' id='word_1_462' title='bbox 1771 2948 1839 2990; x_wconf 92' lang='lat' dir='ltr'><strong>nos·</strong></span> <span class='ocrx_word' id='word_1_463' title='bbox 1921 2997 1925 3004; x_wconf 27' lang='lat'>¹</span> 
     </span>
    </p>
   </div>
   <div class='ocr_carea' id='block_1_15' title="bbox 1006 3029 1840 3911">
    <p class='ocr_par' dir='ltr' id='par_1_19' title="bbox 1006 3029 1840 3823">
     <span class='ocr_line' id='line_1_60' title="bbox 1007 3029 1840 3103; baseline -0.014 -12"><span class='ocrx_word' id='word_1_464' title='bbox 1007 3039 1063 3103; x_wconf 91' lang='lat' dir='ltr'><strong>tra,</strong></span> <span class='ocrx_word' id='word_1_465' title='bbox 1079 3049 1203 3091; x_wconf 88' lang='lat' dir='ltr'><strong>suorum</strong></span> <span class='ocrx_word' id='word_1_466' title='bbox 1226 3032 1362 3090; x_wconf 85' lang='lat' dir='ltr'><strong>videlieet</strong></span> <span class='ocrx_word' id='word_1_467' title='bbox 1379 3030 1641 3102; x_wconf 79' lang='lat' dir='ltr'><strong>suffraganeorum</strong></span> <span class='ocrx_word' id='word_1_468' title='bbox 1658 3029 1743 3100; x_wconf 88' lang='lat' dir='ltr'><strong>parte</strong></span> <span class='ocrx_word' id='word_1_469' title='bbox 1754 3038 1840 3081; x_wconf 91' lang='lat' dir='ltr'><strong>cons-</strong></span> 
     </span>
     <span class='ocr_line' id='line_1_61' title="bbox 1007 3114 1840 3197; baseline -0.01 -17"><span class='ocrx_word' id='word_1_470' title='bbox 1007 3123 1127 3197; x_wconf 86' lang='lat' dir='ltr'><strong>criptas,</strong></span> <span class='ocrx_word' id='word_1_471' title='bbox 1153 3127 1186 3178; x_wconf 90' lang='lat' dir='ltr'><strong>ut</strong></span> <span class='ocrx_word' id='word_1_472' title='bbox 1197 3121 1286 3178; x_wconf 88' lang='lat' dir='ltr'><strong>cedat</strong></span> <span class='ocrx_word' id='word_1_473' title='bbox 1307 3121 1374 3178; x_wconf 92' lang='lat' dir='ltr'><strong>loco</strong></span> <span class='ocrx_word' id='word_1_474' title='bbox 1388 3124 1416 3177; x_wconf 90' lang='lat' dir='ltr'><strong>et</strong></span> <span class='ocrx_word' id='word_1_475' title='bbox 1440 3119 1530 3177; x_wconf 90' lang='lat' dir='ltr'><strong>rebus</strong></span> <span class='ocrx_word' id='word_1_476' title='bbox 1550 3116 1637 3174; x_wconf 88' lang='lat' dir='ltr'><strong>stulte</strong></span> <span class='ocrx_word' id='word_1_477' title='bbox 1651 3114 1795 3189; x_wconf 87' lang='lat' dir='ltr'><strong>pervasis,</strong></span> <span class='ocrx_word' id='word_1_478' title='bbox 1811 3118 1840 3172; x_wconf 88' lang='lat' dir='ltr'><strong>et</strong></span> 
     </span>
     <span class='ocr_line' id='line_1_62' title="bbox 1007 3203 1839 3287; baseline -0.011 -19"><span class='ocrx_word' id='word_1_479' title='bbox 1007 3212 1044 3270; x_wconf 94' lang='lat' dir='ltr'><strong>de</strong></span> <span class='ocrx_word' id='word_1_480' title='bbox 1055 3211 1289 3287; x_wconf 88' lang='lat' dir='ltr'><strong>praesumptione</strong></span> <span class='ocrx_word' id='word_1_481' title='bbox 1302 3209 1453 3268; x_wconf 88' lang='lat' dir='ltr'><strong>suanobis</strong></span> <span class='ocrx_word' id='word_1_482' title='bbox 1463 3207 1633 3266; x_wconf 81' lang='lat' dir='ltr'><strong>sahsiacere</strong></span> <span class='ocrx_word' id='word_1_483' title='bbox 1645 3203 1839 3260; x_wconf 89' lang='lat' dir='ltr'><strong>studeatante</strong></span> 
     </span>
     <span class='ocr_line' id='line_1_63' title="bbox 1007 3291 1839 3378; baseline -0.014 -17"><span class='ocrx_word' id='word_1_484' title='bbox 1007 3303 1178 3378; x_wconf 87' lang='lat' dir='ltr'><strong>proximam</strong></span> <span class='ocrx_word' id='word_1_485' title='bbox 1201 3301 1391 3359; x_wconf 81' lang='lat' dir='ltr'><strong>testivitatem</strong></span> <span class='ocrx_word' id='word_1_486' title='bbox 1410 3300 1505 3356; x_wconf 89' lang='lat' dir='ltr'><strong>sancti</strong></span> <span class='ocrx_word' id='word_1_487' title='bbox 1531 3295 1607 3356; x_wconf 86' lang='lat' dir='ltr'><strong>Petri</strong></span> <span class='ocrx_word' id='word_1_488' title='bbox 1632 3291 1839 3367; x_wconf 90' lang='lat' dir='ltr'><strong>apostolorum</strong></span> 
     </span>
     <span class='ocr_line' id='line_1_64' title="bbox 1006 3382 1839 3467; baseline -0.016 -17"><span class='ocrx_word' id='word_1_489' title='bbox 1006 3391 1160 3467; x_wconf 87' lang='lat' dir='ltr'><strong>principis.</strong></span> <span class='ocrx_word' id='word_1_490' title='bbox 1187 3390 1274 3458; x_wconf 85' lang='lat' dir='ltr'><strong>Quod</strong></span> <span class='ocrx_word' id='word_1_491' title='bbox 1297 3390 1322 3447; x_wconf 91' lang='lat' dir='ltr'><strong>si</strong></span> <span class='ocrx_word' id='word_1_492' title='bbox 1346 3389 1444 3448; x_wconf 86' lang='lat' dir='ltr'><strong>iecere</strong></span> <span class='ocrx_word' id='word_1_493' title='bbox 1472 3385 1644 3460; x_wconf 76' lang='lat' dir='ltr'><strong>neglexerit,</strong></span> <span class='ocrx_word' id='word_1_494' title='bbox 1671 3399 1708 3440; x_wconf 86' lang='lat' dir='ltr'><strong>ex</strong></span> <span class='ocrx_word' id='word_1_495' title='bbox 1722 3385 1794 3438; x_wconf 91' lang='lat' dir='ltr'><strong>tunc</strong></span> <span class='ocrx_word' id='word_1_496' title='bbox 1808 3382 1839 3439; x_wconf 91' lang='lat' dir='ltr'><strong>in</strong></span> 
     </span>
     <span class='ocr_line' id='line_1_65' title="bbox 1008 3473 1840 3542; baseline -0.014 0"><span class='ocrx_word' id='word_1_497' title='bbox 1008 3488 1097 3542; x_wconf 90' lang='lat' dir='ltr'><strong>antea</strong></span> <span class='ocrx_word' id='word_1_498' title='bbox 1111 3481 1228 3542; x_wconf 90' lang='lat' dir='ltr'><strong>anobis</strong></span> <span class='ocrx_word' id='word_1_499' title='bbox 1243 3481 1386 3539; x_wconf 88' lang='lat' dir='ltr'><strong>omnibus</strong></span> <span class='ocrx_word' id='word_1_500' title='bbox 1414 3476 1692 3537; x_wconf 86' lang='lat' dir='ltr'><strong>excommunicatus</strong></span> <span class='ocrx_word' id='word_1_501' title='bbox 1717 3473 1763 3532; x_wconf 90' lang='lat' dir='ltr'><strong>sit.</strong></span> <span class='ocrx_word' id='word_1_502' title='bbox 1786 3476 1840 3531; x_wconf 81' lang='lat' dir='ltr'><strong>Va·</strong></span> 
     </span>
     <span class='ocr_line' id='line_1_66' title="bbox 1007 3572 1074 3630; baseline -0.03 0"><span class='ocrx_word' id='word_1_503' title='bbox 1007 3572 1074 3630; x_wconf 90' lang='lat' dir='ltr'><strong>lete.</strong></span> 
     </span>
     <span class='ocr_line' id='line_1_67' title="bbox 1222 3656 1624 3731; baseline -0.01 -13"><span class='ocrx_word' id='word_1_504' title='bbox 1222 3661 1390 3719; x_wconf 76' lang='lat' dir='ltr'><strong>aristone</strong></span> <span class='ocrx_word' id='word_1_505' title='bbox 1403 3659 1436 3716; x_wconf 85' lang='lat' dir='ltr'><strong>CI</strong></span> <span class='ocrx_word' id='word_1_506' title='bbox 1452 3657 1534 3731; x_wconf 89' lang='lat' dir='ltr'><strong>[otim</strong></span> <span class='ocrx_word' id='word_1_507' title='bbox 1548 3656 1624 3728; x_wconf 65' lang='lat' dir='ltr'><strong>xcii</strong></span> 
     </span>
     <span class='ocr_line' id='line_1_68' title="bbox 1258 3746 1589 3823; baseline -0.015 -16"><span class='ocrx_word' id='word_1_508' title='bbox 1258 3750 1353 3823; x_wconf 87' lang='lat' dir='ltr'><strong>(Circa</strong></span> <span class='ocrx_word' id='word_1_509' title='bbox 1367 3764 1481 3806; x_wconf 88' lang='lat' dir='ltr'><strong>annum</strong></span> <span class='ocrx_word' id='word_1_510' title='bbox 1498 3746 1589 3818; x_wconf 76' lang='lat' dir='ltr'><strong>toti.)</strong></span> 
     </span>
    </p>

    <p class='ocr_par' dir='ltr' id='par_1_20' title="bbox 1008 3833 1840 3911">
     <span class='ocr_line' id='line_1_69' title="bbox 1008 3833 1840 3911; baseline -0.014 -11"><span class='ocrx_word' id='word_1_511' title='bbox 1008 3842 1199 3900; x_wconf 76' lang='lat' dir='ltr'><strong>Sereuhsimo</strong></span> <span class='ocrx_word' id='word_1_512' title='bbox 1228 3842 1294 3911; x_wconf 72' lang='lat' dir='ltr'><strong>reci</strong></span> <span class='ocrx_word' id='word_1_513' title='bbox 1313 3840 1503 3896; x_wconf 78' lang='lat' dir='ltr'><strong>Francorum</strong></span> <span class='ocrx_word' id='word_1_514' title='bbox 1524 3839 1655 3891; x_wconf 84' lang='lat' dir='ltr'><strong>Roeaaro</strong></span> <span class='ocrx_word' id='word_1_515' title='bbox 1677 3833 1840 3888; x_wconf 70' lang='lat' dir='ltr'><strong>inuasurus</strong></span> 
     </span>
    </p>
   </div>
   <div class='ocr_carea' id='block_1_16' title="bbox 1046 3911 1960 3996">
    <p class='ocr_par' dir='ltr' id='par_1_21' title="bbox 1046 3911 1960 3996">
     <span class='ocr_line' id='line_1_70' title="bbox 1046 3911 1960 3996; baseline -0.019 -6"><span class='ocrx_word' id='word_1_516' title='bbox 1046 3932 1168 3990; x_wconf 80' lang='lat' dir='ltr'><strong>humitis</strong></span> <span class='ocrx_word' id='word_1_517' title='bbox 1184 3929 1413 3987; x_wconf 77' lang='lat' dir='ltr'><strong>carnotensium</strong></span> <span class='ocrx_word' id='word_1_518' title='bbox 1440 3928 1603 3996; x_wconf 80' lang='lat' dir='ltr'><strong>episcopas,</strong></span> <span class='ocrx_word' id='word_1_519' title='bbox 1624 3921 1704 3993; x_wconf 81' lang='lat' dir='ltr'><strong>quod</strong></span> <span class='ocrx_word' id='word_1_520' title='bbox 1716 3921 1797 3977; x_wconf 86' lang='lat' dir='ltr'><strong>dccet</strong></span> <span class='ocrx_word' id='word_1_521' title='bbox 1813 3923 1841 3976; x_wconf 88' lang='lat' dir='ltr'><strong>ct</strong></span> <span class='ocrx_word' id='word_1_522' title='bbox 1947 3911 1960 3932; x_wconf 83' lang='lat'>&#39;</span> 
     </span>
    </p>
   </div>
   <div class='ocr_carea' id='block_1_17' title="bbox 1042 4021 1175 4093">
    <p class='ocr_par' dir='ltr' id='par_1_22' title="bbox 1042 4021 1175 4093">
     <span class='ocr_line' id='line_1_71' title="bbox 1042 4021 1175 4093; baseline 0 -17"><span class='ocrx_word' id='word_1_523' title='bbox 1042 4021 1175 4093; x_wconf 84' lang='lat' dir='ltr'><strong>prodest.</strong></span> 
     </span>
    </p>
   </div>
   <div class='ocr_carea' id='block_1_18' title="bbox 113 4086 1843 4988">
    <p class='ocr_par' dir='ltr' id='par_1_23' title="bbox 113 4086 1843 4988">
     <span class='ocr_line' id='line_1_72' title="bbox 119 4086 1840 4175; baseline 0.002 -32"><span class='ocrx_word' id='word_1_524' title='bbox 119 4086 243 4144; x_wconf 88' lang='lat' dir='ltr'><strong>illorum</strong></span> <span class='ocrx_word' id='word_1_525' title='bbox 268 4086 368 4143; x_wconf 87' lang='lat' dir='ltr'><strong>illicite</strong></span> <span class='ocrx_word' id='word_1_526' title='bbox 390 4086 447 4144; x_wconf 90' lang='lat' dir='ltr'><strong>sihi</strong></span> <span class='ocrx_word' id='word_1_527' title='bbox 467 4087 668 4144; x_wconf 89' lang='lat' dir='ltr'><strong>sacerdotium</strong></span> <span class='ocrx_word' id='word_1_528' title='bbox 693 4087 859 4162; x_wconf 89' lang='lat' dir='ltr'><strong>usurpavit.</strong></span> <span class='ocrx_word' id='word_1_529' title='bbox 885 4087 956 4154; x_wconf 81' lang='lat' dir='ltr'><strong>Quis</strong></span> <span class='ocrx_word' id='word_1_530' title='bbox 1046 4107 1184 4168; x_wconf 57' lang='lat' dir='ltr'><strong>Gratulor</strong></span> <span class='ocrx_word' id='word_1_531' title='bbox 1197 4106 1260 4174; x_wconf 56' lang='lat' dir='ltr'><strong>fibi,</strong></span> <span class='ocrx_word' id='word_1_532' title='bbox 1274 4103 1397 4162; x_wconf 63' lang='lat' dir='ltr'><strong>domine</strong></span> <span class='ocrx_word' id='word_1_533' title='bbox 1416 4102 1469 4170; x_wconf 67' lang='lat' dir='ltr'><strong>mi,</strong></span> <span class='ocrx_word' id='word_1_534' title='bbox 1487 4099 1570 4175; x_wconf 73' lang='lat' dir='ltr'><strong>quod</strong></span> <span class='ocrx_word' id='word_1_535' title='bbox 1591 4099 1672 4158; x_wconf 69' lang='lat' dir='ltr'><strong>fonte</strong></span> <span class='ocrx_word' id='word_1_536' title='bbox 1687 4095 1840 4166; x_wconf 74' lang='lat' dir='ltr'><strong>bonitatis,</strong></span> 
     </span>
     <span class='ocr_line' id='line_1_73' title="bbox 116 4175 1842 4272; baseline -0.005 -21"><span class='ocrx_word' id='word_1_537' title='bbox 116 4193 190 4248; x_wconf 65' lang='lat'><strong>⁶18⁰</strong></span> <span class='ocrx_word' id='word_1_538' title='bbox 204 4177 236 4233; x_wconf 60' lang='lat'><strong>5¹¹</strong></span> <span class='ocrx_word' id='word_1_539' title='bbox 249 4176 307 4232; x_wconf 62' lang='lat'><strong>1⁸⁸⁰</strong></span> <span class='ocrx_word' id='word_1_540' title='bbox 322 4175 438 4233; x_wconf 55' lang='lat' dir='ltr'><strong>dubim</strong></span> <span class='ocrx_word' id='word_1_541' title='bbox 453 4191 519 4233; x_wconf 70' lang='lat'><strong>⁰⁵⁸³</strong></span> <span class='ocrx_word' id='word_1_542' title='bbox 539 4176 665 4233; x_wconf 67' lang='lat' dir='ltr'><strong>ffl⁰¹¹³¹⁰</strong></span> <span class='ocrx_word' id='word_1_543' title='bbox 681 4176 889 4245; x_wconf 69' lang='lat' dir='ltr'><strong>⁰⁰mmi⁵⁵¹¹mv</strong></span> <span class='ocrx_word' id='word_1_544' title='bbox 903 4175 956 4250; x_wconf 54' lang='grc' dir='ltr'><strong>(111ἰ</strong></span> <span class='ocrx_word' id='word_1_545' title='bbox 1011 4205 1044 4256; x_wconf 92' lang='lat' dir='ltr'><strong>ut</strong></span> <span class='ocrx_word' id='word_1_546' title='bbox 1060 4195 1327 4272; x_wconf 76' lang='lat' dir='ltr'><strong>semperirrigans,</strong></span> <span class='ocrx_word' id='word_1_547' title='bbox 1351 4191 1505 4266; x_wconf 81' lang='lat' dir='ltr'><strong>negotium</strong></span> <span class='ocrx_word' id='word_1_548' title='bbox 1531 4190 1580 4248; x_wconf 85' lang='lat' dir='ltr'><strong>Dei</strong></span> <span class='ocrx_word' id='word_1_549' title='bbox 1595 4186 1746 4247; x_wconf 89' lang='lat' dir='ltr'><strong>mandasti</strong></span> <span class='ocrx_word' id='word_1_550' title='bbox 1768 4185 1842 4244; x_wconf 92' lang='lat' dir='ltr'><strong>mihi</strong></span> 
     </span>
     <span class='ocr_line' id='line_1_74' title="bbox 115 4264 1843 4358; baseline -0.001 -22"><span class='ocrx_word' id='word_1_551' title='bbox 115 4267 147 4324; x_wconf 75' lang='lat' dir='ltr'><strong>in</strong></span> <span class='ocrx_word' id='word_1_552' title='bbox 162 4265 222 4322; x_wconf 64' lang='lat' dir='ltr'><strong>illis</strong></span> <span class='ocrx_word' id='word_1_553' title='bbox 247 4268 309 4322; x_wconf 74' lang='lat'><strong>⁰0⁰</strong></span> <span class='ocrx_word' id='word_1_554' title='bbox 330 4264 432 4337; x_wconf 69' lang='lat' dir='ltr'><strong>iudissfl</strong></span> <span class='ocrx_word' id='word_1_555' title='bbox 447 4265 526 4323; x_wconf 58' lang='lat' dir='ltr'><strong>Videt</strong></span> <span class='ocrx_word' id='word_1_556' title='bbox 549 4270 645 4323; x_wconf 66' lang='lat' dir='ltr'><strong>111⁰P¹⁰</strong></span> <span class='ocrx_word' id='word_1_557' title='bbox 660 4265 800 4340; x_wconf 60' lang='lat' dir='ltr'><strong>punitum</strong></span> <span class='ocrx_word' id='word_1_558' title='bbox 813 4267 871 4324; x_wconf 62' lang='lat' dir='ltr'><strong>‘ihi</strong></span> <span class='ocrx_word' id='word_1_559' title='bbox 883 4265 956 4338; x_wconf 91' lang='lat' dir='ltr'><strong>quia</strong></span> <span class='ocrx_word' id='word_1_560' title='bbox 1011 4291 1139 4346; x_wconf 77' lang='lat' dir='ltr'><strong>hectore</strong></span> <span class='ocrx_word' id='word_1_561' title='bbox 1152 4291 1185 4344; x_wconf 90' lang='lat' dir='ltr'><strong>ut</strong></span> <span class='ocrx_word' id='word_1_562' title='bbox 1199 4283 1420 4358; x_wconf 71' lang='lat' dir='ltr'><strong>expeditione</strong></span> <span class='ocrx_word' id='word_1_563' title='bbox 1433 4280 1602 4355; x_wconf 89' lang='lat' dir='ltr'><strong>deniquete</strong></span> <span class='ocrx_word' id='word_1_564' title='bbox 1616 4294 1719 4351; x_wconf 78' lang='lat' dir='ltr'><strong>regem</strong></span> <span class='ocrx_word' id='word_1_565' title='bbox 1739 4275 1843 4352; x_wconf 80' lang='lat' dir='ltr'><strong>praci-</strong></span> 
     </span>
     <span class='ocr_line' id='line_1_75' title="bbox 113 4354 1840 4452; baseline -0.004 -25"><span class='ocrx_word' id='word_1_566' title='bbox 113 4355 176 4427; x_wconf 75' lang='lat' dir='ltr'><strong>i²¹1¹</strong></span> <span class='ocrx_word' id='word_1_567' title='bbox 195 4354 335 4413; x_wconf 57' lang='lat' dir='ltr'><strong>Salvam?</strong></span> <span class='ocrx_word' id='word_1_568' title='bbox 347 4359 460 4423; x_wconf 64' lang='lat' dir='ltr'><strong>110⁵i0b</strong></span> <span class='ocrx_word' id='word_1_569' title='bbox 475 4355 528 4428; x_wconf 71' lang='lat' dir='ltr'><strong>(lui</strong></span> <span class='ocrx_word' id='word_1_570' title='bbox 541 4355 622 4412; x_wconf 64' lang='lat' dir='ltr'><strong>vessit</strong></span> <span class='ocrx_word' id='word_1_571' title='bbox 636 4354 752 4413; x_wconf 59' lang='lat' dir='ltr'><strong>Saliare</strong></span> <span class='ocrx_word' id='word_1_572' title='bbox 763 4355 847 4429; x_wconf 92' lang='lat' dir='ltr'><strong>quod</strong></span> <span class='ocrx_word' id='word_1_573' title='bbox 862 4355 956 4429; x_wconf 62' lang='lat' dir='ltr'><strong>pelle·</strong></span> <span class='ocrx_word' id='word_1_574' title='bbox 1011 4391 1082 4452; x_wconf 91' lang='lat' dir='ltr'><strong>pere</strong></span> <span class='ocrx_word' id='word_1_575' title='bbox 1095 4375 1188 4432; x_wconf 89' lang='lat' dir='ltr'><strong>decus</strong></span> <span class='ocrx_word' id='word_1_576' title='bbox 1202 4377 1255 4442; x_wconf 88' lang='lat' dir='ltr'><strong>est,</strong></span> <span class='ocrx_word' id='word_1_577' title='bbox 1277 4371 1473 4444; x_wconf 90' lang='lat' dir='ltr'><strong>subditosque</strong></span> <span class='ocrx_word' id='word_1_578' title='bbox 1487 4369 1539 4426; x_wconf 90' lang='lat' dir='ltr'><strong>tibi</strong></span> <span class='ocrx_word' id='word_1_579' title='bbox 1553 4382 1711 4443; x_wconf 88' lang='lat' dir='ltr'><strong>capescere</strong></span> <span class='ocrx_word' id='word_1_580' title='bbox 1732 4369 1840 4422; x_wconf 89' lang='lat' dir='ltr'><strong>tutum.</strong></span> 
     </span>
     <span class='ocr_line' id='line_1_76' title="bbox 120 4443 1842 4536; baseline 0.003 -35"><span class='ocrx_word' id='word_1_581' title='bbox 120 4449 178 4514; x_wconf 88' lang='lat' dir='ltr'><strong>rat,</strong></span> <span class='ocrx_word' id='word_1_582' title='bbox 193 4459 261 4502; x_wconf 92' lang='lat' dir='ltr'><strong>non</strong></span> <span class='ocrx_word' id='word_1_583' title='bbox 276 4443 339 4500; x_wconf 88' lang='lat' dir='ltr'><strong>vult</strong></span> <span class='ocrx_word' id='word_1_584' title='bbox 357 4449 485 4502; x_wconf 89' lang='lat' dir='ltr'><strong>mortem</strong></span> <span class='ocrx_word' id='word_1_585' title='bbox 499 4445 675 4520; x_wconf 86' lang='lat' dir='ltr'><strong>peccatoris,</strong></span> <span class='ocrx_word' id='word_1_586' title='bbox 691 4445 744 4502; x_wconf 90' lang='lat' dir='ltr'><strong>ssd</strong></span> <span class='ocrx_word' id='word_1_587' title='bbox 758 4450 791 4502; x_wconf 92' lang='lat' dir='ltr'><strong>ut</strong></span> <span class='ocrx_word' id='word_1_588' title='bbox 802 4448 956 4502; x_wconf 83' lang='lat' dir='ltr'><strong>converta-</strong></span> <span class='ocrx_word' id='word_1_589' title='bbox 1012 4465 1067 4526; x_wconf 56' lang='lat' dir='ltr'><strong>sed</strong></span> <span class='ocrx_word' id='word_1_590' title='bbox 1087 4465 1162 4522; x_wconf 72' lang='lat' dir='ltr'><strong>fflud</strong></span> <span class='ocrx_word' id='word_1_591' title='bbox 1173 4465 1276 4532; x_wconf 59' lang='lat' dir='ltr'><strong>miror,</strong></span> <span class='ocrx_word' id='word_1_592' title='bbox 1289 4463 1373 4536; x_wconf 73' lang='lat' dir='ltr'><strong>quod</strong></span> <span class='ocrx_word' id='word_1_593' title='bbox 1384 4461 1520 4520; x_wconf 61' lang='lat' dir='ltr'><strong>odonem</strong></span> <span class='ocrx_word' id='word_1_594' title='bbox 1547 4458 1688 4516; x_wconf 63' lang='lat' dir='ltr'><strong>comitem</strong></span> <span class='ocrx_word' id='word_1_595' title='bbox 1715 4456 1747 4512; x_wconf 89' lang='lat' dir='ltr'><strong>in</strong></span> <span class='ocrx_word' id='word_1_596' title='bbox 1773 4468 1842 4510; x_wconf 85' lang='lat' dir='ltr'><strong>maa</strong></span> 
     </span>
     <span class='ocr_line' id='line_1_77' title="bbox 116 4533 1841 4626; baseline 0.002 -35"><span class='ocrx_word' id='word_1_597' title='bbox 116 4541 166 4591; x_wconf 92' lang='lat' dir='ltr'><strong>tur</strong></span> <span class='ocrx_word' id='word_1_598' title='bbox 180 4533 318 4602; x_wconf 83' lang='lat' dir='ltr'><strong>etvivat,</strong></span> <span class='ocrx_word' id='word_1_599' title='bbox 334 4533 495 4591; x_wconf 91' lang='lat' dir='ltr'><strong>clementer</strong></span> <span class='ocrx_word' id='word_1_600' title='bbox 520 4534 618 4607; x_wconf 78' lang='lat' dir='ltr'><strong>agitur</strong></span> <span class='ocrx_word' id='word_1_601' title='bbox 632 4539 665 4590; x_wconf 92' lang='lat' dir='ltr'><strong>ut</strong></span> <span class='ocrx_word' id='word_1_602' title='bbox 679 4534 883 4606; x_wconf 78' lang='lat' dir='ltr'><strong>degradentur</strong></span> <span class='ocrx_word' id='word_1_603' title='bbox 903 4535 957 4590; x_wconf 88' lang='lat' dir='ltr'><strong>hu·</strong></span> <span class='ocrx_word' id='word_1_604' title='bbox 1011 4556 1225 4614; x_wconf 55' lang='lat' dir='ltr'>deliberatione</span> <span class='ocrx_word' id='word_1_605' title='bbox 1250 4553 1298 4610; x_wconf 62' lang='lat' dir='ltr'><strong>vel</strong></span> <span class='ocrx_word' id='word_1_606' title='bbox 1334 4551 1472 4626; x_wconf 65' lang='lat' dir='ltr'><strong>posuisse</strong></span> <span class='ocrx_word' id='word_1_607' title='bbox 1495 4548 1542 4606; x_wconf 69' lang='lat' dir='ltr'><strong>vel</strong></span> <span class='ocrx_word' id='word_1_608' title='bbox 1569 4548 1738 4622; x_wconf 65' lang='lat' dir='ltr'><strong>positurum</strong></span> <span class='ocrx_word' id='word_1_609' title='bbox 1774 4556 1841 4598; x_wconf 82' lang='lat' dir='ltr'><strong>esse</strong></span> 
     </span>
     <span class='ocr_line' id='line_1_78' title="bbox 113 4622 1842 4718; baseline -0.007 -22"><span class='ocrx_word' id='word_1_610' title='bbox 113 4622 267 4696; x_wconf 59' lang='lat' dir='ltr'><strong>immi·</strong></span> <span class='ocrx_word' id='word_1_611' title='bbox 279 4627 309 4680; x_wconf 58' lang='lat'><strong>⁰*</strong></span> <span class='ocrx_word' id='word_1_612' title='bbox 318 4623 395 4680; x_wconf 61' lang='grc' dir='ltr'><strong>Ῑῡῑθΐ</strong></span> <span class='ocrx_word' id='word_1_613' title='bbox 406 4622 499 4680; x_wconf 63' lang='grc' dir='ltr'><strong>Ῑᾶῑθθῦ</strong></span> <span class='ocrx_word' id='word_1_614' title='bbox 511 4622 719 4698; x_wconf 64' lang='lat' dir='ltr'><strong>1³⁰³nitentiam</strong></span> <span class='ocrx_word' id='word_1_615' title='bbox 732 4627 834 4696; x_wconf 60' lang='lat'><strong>‘²8⁸⁰‘-</strong></span> <span class='ocrx_word' id='word_1_616' title='bbox 849 4623 906 4683; x_wconf 63' lang='lat' dir='ltr'><strong>Sed</strong></span> <span class='ocrx_word' id='word_1_617' title='bbox 919 4639 957 4680; x_wconf 69' lang='lat'><strong>¹²⁰</strong></span> <span class='ocrx_word' id='word_1_618' title='bbox 1011 4645 1121 4715; x_wconf 85' lang='lat' dir='ltr'><strong>dixisti,</strong></span> <span class='ocrx_word' id='word_1_619' title='bbox 1130 4643 1203 4718; x_wconf 91' lang='lat' dir='ltr'><strong>quid</strong></span> <span class='ocrx_word' id='word_1_620' title='bbox 1219 4644 1316 4700; x_wconf 90' lang='lat' dir='ltr'><strong>iacere</strong></span> <span class='ocrx_word' id='word_1_621' title='bbox 1330 4641 1439 4698; x_wconf 89' lang='lat' dir='ltr'><strong>debeat</strong></span> <span class='ocrx_word' id='word_1_622' title='bbox 1450 4638 1487 4696; x_wconf 94' lang='lat' dir='ltr'><strong>de</strong></span> <span class='ocrx_word' id='word_1_623' title='bbox 1502 4635 1670 4710; x_wconf 89' lang='lat' dir='ltr'><strong>receptione</strong></span> <span class='ocrx_word' id='word_1_624' title='bbox 1685 4629 1842 4690; x_wconf 85' lang='lat' dir='ltr'><strong>tteldensis</strong></span> 
     </span>
     <span class='ocr_line' id='line_1_79' title="bbox 117 4711 1842 4808; baseline -0.006 -40"><span class='ocrx_word' id='word_1_625' title='bbox 117 4711 212 4770; x_wconf 87' lang='lat' dir='ltr'><strong>nimis</strong></span> <span class='ocrx_word' id='word_1_626' title='bbox 228 4711 435 4769; x_wconf 87' lang='lat' dir='ltr'><strong>austeritatem</strong></span> <span class='ocrx_word' id='word_1_627' title='bbox 453 4711 560 4769; x_wconf 88' lang='lat' dir='ltr'><strong>veteris</strong></span> <span class='ocrx_word' id='word_1_628' title='bbox 582 4711 656 4784; x_wconf 80' lang='lat' dir='ltr'><strong>legis</strong></span> <span class='ocrx_word' id='word_1_629' title='bbox 682 4711 747 4769; x_wconf 75' lang='lat' dir='ltr'><strong>haec</strong></span> <span class='ocrx_word' id='word_1_630' title='bbox 772 4711 958 4770; x_wconf 88' lang='lat' dir='ltr'><strong>ratiocinatio</strong></span> <span class='ocrx_word' id='word_1_631' title='bbox 1011 4733 1154 4808; x_wconf 48' lang='lat' dir='ltr'><strong>episcopi,</strong></span> <span class='ocrx_word' id='word_1_632' title='bbox 1170 4748 1240 4789; x_wconf 63' lang='lat' dir='ltr'><strong>eum</strong></span> <span class='ocrx_word' id='word_1_633' title='bbox 1256 4730 1367 4788; x_wconf 61' lang='lat' dir='ltr'>abhinc</span> <span class='ocrx_word' id='word_1_634' title='bbox 1394 4743 1475 4786; x_wconf 64' lang='lat' dir='ltr'><strong>mo</strong></span> <span class='ocrx_word' id='word_1_635' title='bbox 1498 4726 1558 4784; x_wconf 57' lang='lat' dir='ltr'><strong>fere</strong></span> <span class='ocrx_word' id='word_1_636' title='bbox 1584 4721 1710 4779; x_wconf 70' lang='lat' dir='ltr'><strong>dimidio</strong></span> <span class='ocrx_word' id='word_1_637' title='bbox 1731 4733 1786 4774; x_wconf 88' lang='lat' dir='ltr'><strong>nec</strong></span> <span class='ocrx_word' id='word_1_638' title='bbox 1799 4717 1842 4791; x_wconf 70' lang='lat' dir='ltr'><strong>ip.</strong></span> 
     </span>
     <span class='ocr_line' id='line_1_80' title="bbox 116 4799 1843 4890; baseline 0.003 -32"><span class='ocrx_word' id='word_1_639' title='bbox 116 4817 228 4876; x_wconf 86' lang='lat' dir='ltr'><strong>sapere</strong></span> <span class='ocrx_word' id='word_1_640' title='bbox 243 4799 390 4868; x_wconf 79' lang='lat' dir='ltr'><strong>rideatur,</strong></span> <span class='ocrx_word' id='word_1_641' title='bbox 406 4817 614 4876; x_wconf 81' lang='lat' dir='ltr'><strong>proponemus</strong></span> <span class='ocrx_word' id='word_1_642' title='bbox 630 4806 658 4858; x_wconf 91' lang='lat' dir='ltr'><strong>et</strong></span> <span class='ocrx_word' id='word_1_643' title='bbox 680 4817 770 4860; x_wconf 84' lang='lat' dir='ltr'><strong>nova.</strong></span> <span class='ocrx_word' id='word_1_644' title='bbox 798 4801 915 4872; x_wconf 81' lang='lat' dir='ltr'><strong>Legitur</strong></span> <span class='ocrx_word' id='word_1_645' title='bbox 927 4801 958 4858; x_wconf 93' lang='lat' dir='ltr'><strong>in</strong></span> <span class='ocrx_word' id='word_1_646' title='bbox 1011 4841 1080 4882; x_wconf 62' lang='lat' dir='ltr'><strong>sum</strong></span> <span class='ocrx_word' id='word_1_647' title='bbox 1099 4822 1237 4890; x_wconf 54' lang='lat' dir='ltr'>viderim,</span> <span class='ocrx_word' id='word_1_648' title='bbox 1252 4836 1307 4876; x_wconf 91' lang='lat' dir='ltr'><strong>neo</strong></span> <span class='ocrx_word' id='word_1_649' title='bbox 1319 4819 1357 4876; x_wconf 63' lang='lat' dir='ltr'><strong>de</strong></span> <span class='ocrx_word' id='word_1_650' title='bbox 1382 4817 1433 4876; x_wconf 63' lang='lat' dir='ltr'><strong>mi</strong></span> <span class='ocrx_word' id='word_1_651' title='bbox 1447 4814 1567 4886; x_wconf 67' lang='lat' dir='ltr'><strong>negotio</strong></span> <span class='ocrx_word' id='word_1_652' title='bbox 1581 4809 1762 4884; x_wconf 73' lang='lat' dir='ltr'><strong>legationem</strong></span> <span class='ocrx_word' id='word_1_653' title='bbox 1777 4806 1843 4878; x_wconf 87' lang='lat' dir='ltr'><strong>ejus</strong></span> 
     </span>
     <span class='ocr_line' id='line_1_81' title="bbox 116 4889 1843 4988; baseline 0.001 -40"><span class='ocrx_word' id='word_1_654' title='bbox 116 4889 259 4966; x_wconf 89' lang='lat' dir='ltr'><strong>quodam</strong></span> <span class='ocrx_word' id='word_1_655' title='bbox 275 4889 409 4965; x_wconf 90' lang='lat' dir='ltr'><strong>capitulo</strong></span> <span class='ocrx_word' id='word_1_656' title='bbox 424 4908 431 4947; x_wconf 91' lang='lat'>:</span> <span class='ocrx_word' id='word_1_657' title='bbox 448 4893 596 4948; x_wconf 87' lang='lat' dir='ltr'><strong>statutum</strong></span> <span class='ocrx_word' id='word_1_658' title='bbox 611 4891 774 4965; x_wconf 80' lang='lat' dir='ltr'><strong>sepissime</strong></span> <span class='ocrx_word' id='word_1_659' title='bbox 789 4896 818 4970; x_wconf 81' lang='lat' dir='ltr'><strong>et</strong></span> <span class='ocrx_word' id='word_1_660' title='bbox 839 4890 958 4948; x_wconf 91' lang='lat' dir='ltr'><strong>inhahi-</strong></span> <span class='ocrx_word' id='word_1_661' title='bbox 1006 4913 1186 4988; x_wconf 51' lang='lat' dir='ltr'><strong>,ommim</strong></span> <span class='ocrx_word' id='word_1_662' title='bbox 1198 4913 1336 4968; x_wconf 54' lang='lat' dir='ltr'><strong>Attamen</strong></span> <span class='ocrx_word' id='word_1_663' title='bbox 1349 4909 1374 4968; x_wconf 61' lang='grc' dir='ltr'><strong>,ι</strong></span> <span class='ocrx_word' id='word_1_664' title='bbox 1382 4907 1533 4981; x_wconf 58' lang='lat' dir='ltr'><strong>aspirante</strong></span> <span class='ocrx_word' id='word_1_665' title='bbox 1545 4906 1605 4960; x_wconf 68' lang='lat'><strong>1300</strong></span> <span class='ocrx_word' id='word_1_666' title='bbox 1620 4900 1660 4956; x_wconf 70' lang='lat' dir='ltr'><strong>ad</strong></span> <span class='ocrx_word' id='word_1_667' title='bbox 1671 4913 1727 4955; x_wconf 87' lang='lat' dir='ltr'><strong>nos</strong></span> <span class='ocrx_word' id='word_1_668' title='bbox 1741 4896 1843 4954; x_wconf 83' lang='lat' dir='ltr'><strong>venire</strong></span> 
     </span>
    </p>
   </div>
   <div class='ocr_carea' id='block_1_19' title="bbox 117 4979 1842 5143">
    <p class='ocr_par' dir='ltr' id='par_1_24' title="bbox 117 4979 1842 5143">
     <span class='ocr_line' id='line_1_82' title="bbox 117 4979 1842 5072; baseline -0.01 -11"><span class='ocrx_word' id='word_1_669' title='bbox 117 4987 185 5038; x_wconf 65' lang='lat'>“¹¹¹¹</span> <span class='ocrx_word' id='word_1_670' title='bbox 198 4984 255 5048; x_wconf 63' lang='lat'><strong>0⁵²2</strong></span> <span class='ocrx_word' id='word_1_671' title='bbox 275 4984 309 5037; x_wconf 71' lang='lat'><strong>¹¹²</strong></span> <span class='ocrx_word' id='word_1_672' title='bbox 319 4979 484 5038; x_wconf 59' lang='lat' dir='ltr'><strong>mmm</strong></span> <span class='ocrx_word' id='word_1_673' title='bbox 496 4979 710 5038; x_wconf 63' lang='lat' dir='ltr'><strong>⁰0¹⁰bf⁸fi⁰¹¹⁶⁸</strong></span> <span class='ocrx_word' id='word_1_674' title='bbox 722 4979 752 5036; x_wconf 60' lang='lat'><strong>5¹¹</strong></span> <span class='ocrx_word' id='word_1_675' title='bbox 766 4979 840 5037; x_wconf 69' lang='lat' dir='ltr'><strong>¹⁰⁰i⁸</strong></span> <span class='ocrx_word' id='word_1_676' title='bbox 854 4979 958 5037; x_wconf 66' lang='lat' dir='ltr'><strong>i¹³⁰⁰¹¹&#39;</strong></span> <span class='ocrx_word' id='word_1_677' title='bbox 1012 5010 1041 5063; x_wconf 91' lang='lat' dir='ltr'><strong>et</strong></span> <span class='ocrx_word' id='word_1_678' title='bbox 1054 5003 1185 5062; x_wconf 87' lang='lat' dir='ltr'><strong>consiliis</strong></span> <span class='ocrx_word' id='word_1_679' title='bbox 1196 5001 1271 5058; x_wconf 89' lang='lat' dir='ltr'><strong>meis</strong></span> <span class='ocrx_word' id='word_1_680' title='bbox 1286 4999 1475 5072; x_wconf 85' lang='lat' dir='ltr'><strong>acquiescere</strong></span> <span class='ocrx_word' id='word_1_681' title='bbox 1490 4991 1626 5061; x_wconf 81' lang='lat' dir='ltr'><strong>voluerit,</strong></span> <span class='ocrx_word' id='word_1_682' title='bbox 1641 4987 1759 5046; x_wconf 90' lang='lat' dir='ltr'><strong>desinet</strong></span> <span class='ocrx_word' id='word_1_683' title='bbox 1771 5003 1842 5062; x_wconf 90' lang='lat' dir='ltr'><strong>pro-</strong></span> 
     </span>
     <span class='ocr_line' id='line_1_83' title="bbox 119 5069 959 5143; baseline 0.001 -17"><span class='ocrx_word' id='word_1_684' title='bbox 119 5069 305 5142; x_wconf 78' lang='lat' dir='ltr'><strong>gruentihus</strong></span> <span class='ocrx_word' id='word_1_685' title='bbox 317 5069 443 5127; x_wconf 90' lang='lat' dir='ltr'><strong>omnino</strong></span> <span class='ocrx_word' id='word_1_686' title='bbox 455 5085 518 5127; x_wconf 91' lang='lat' dir='ltr'><strong>non</strong></span> <span class='ocrx_word' id='word_1_687' title='bbox 530 5069 614 5127; x_wconf 85' lang='lat' dir='ltr'><strong>fiant.</strong></span> <span class='ocrx_word' id='word_1_688' title='bbox 628 5073 661 5127; x_wconf 86' lang='lat' dir='ltr'><strong>Et</strong></span> <span class='ocrx_word' id='word_1_689' title='bbox 675 5069 860 5143; x_wconf 91' lang='lat' dir='ltr'><strong>quibusdam</strong></span> <span class='ocrx_word' id='word_1_690' title='bbox 873 5070 959 5128; x_wconf 89' lang='lat' dir='ltr'><strong>inter·</strong></span> 
     </span>
    </p>
   </div>
   <div class='ocr_carea' id='block_1_20' title="bbox 116 5077 1843 5688">
    <p class='ocr_par' dir='ltr' id='par_1_25' title="bbox 116 5077 1843 5331">
     <span class='ocr_line' id='line_1_84' title="bbox 1012 5077 1843 5166; baseline -0.023 -13"><span class='ocrx_word' id='word_1_691' title='bbox 1012 5094 1060 5153; x_wconf 92' lang='lat' dir='ltr'><strong>cul</strong></span> <span class='ocrx_word' id='word_1_692' title='bbox 1072 5093 1166 5151; x_wconf 92' lang='lat' dir='ltr'><strong>dubio</strong></span> <span class='ocrx_word' id='word_1_693' title='bbox 1180 5085 1524 5166; x_wconf 78' lang='lat' dir='ltr'><strong>praedictamlicclesiam</strong></span> <span class='ocrx_word' id='word_1_694' title='bbox 1537 5081 1699 5140; x_wconf 89' lang='lat' dir='ltr'><strong>lacerando</strong></span> <span class='ocrx_word' id='word_1_695' title='bbox 1709 5077 1843 5136; x_wconf 81' lang='lat' dir='ltr'><strong>divinam</strong></span> 
     </span>
     <span class='ocr_line' id='line_1_85' title="bbox 116 5167 1843 5253; baseline -0.01 -11"><span class='ocrx_word' id='word_1_696' title='bbox 116 5168 227 5242; x_wconf 67' lang='lat' dir='ltr'>P0⁵ffi³</span> <span class='ocrx_word' id='word_1_697' title='bbox 245 5168 401 5242; x_wconf 63' lang='lat' dir='ltr'><strong>Sssquiiffl&#39;ss</strong></span> <span class='ocrx_word' id='word_1_698' title='bbox 419 5167 495 5234; x_wconf 70' lang='lat' dir='ltr'><strong>Quia</strong></span> <span class='ocrx_word' id='word_1_699' title='bbox 506 5167 652 5225; x_wconf 90' lang='lat' dir='ltr'><strong>sicutnon</strong></span> <span class='ocrx_word' id='word_1_700' title='bbox 667 5174 711 5226; x_wconf 69' lang='lat' dir='ltr'><strong>osi</strong></span> <span class='ocrx_word' id='word_1_701' title='bbox 723 5184 912 5237; x_wconf 87' lang='lat' dir='ltr'><strong>concessum,</strong></span> <span class='ocrx_word' id='word_1_702' title='bbox 929 5172 961 5224; x_wconf 67' lang='lat' dir='ltr'><strong>ui</strong></span> <span class='ocrx_word' id='word_1_703' title='bbox 1012 5185 1156 5242; x_wconf 91' lang='lat' dir='ltr'><strong>ultionem</strong></span> <span class='ocrx_word' id='word_1_704' title='bbox 1171 5181 1201 5237; x_wconf 91' lang='lat' dir='ltr'><strong>in</strong></span> <span class='ocrx_word' id='word_1_705' title='bbox 1212 5197 1243 5238; x_wconf 90' lang='lat' dir='ltr'><strong>se</strong></span> <span class='ocrx_word' id='word_1_706' title='bbox 1253 5191 1429 5253; x_wconf 85' lang='lat' dir='ltr'><strong>provocare,</strong></span> <span class='ocrx_word' id='word_1_707' title='bbox 1443 5173 1561 5248; x_wconf 88' lang='lat' dir='ltr'><strong>tuisque</strong></span> <span class='ocrx_word' id='word_1_708' title='bbox 1576 5172 1667 5230; x_wconf 88' lang='lat' dir='ltr'><strong>sacris</strong></span> <span class='ocrx_word' id='word_1_709' title='bbox 1679 5167 1843 5228; x_wconf 90' lang='lat' dir='ltr'><strong>ordinatio-</strong></span> 
     </span>
     <span class='ocr_line' id='line_1_86' title="bbox 116 5255 1367 5331; baseline -0.002 -19"><span class='ocrx_word' id='word_1_710' title='bbox 116 5255 170 5313; x_wconf 90' lang='lat' dir='ltr'><strong>alii</strong></span> <span class='ocrx_word' id='word_1_711' title='bbox 184 5255 315 5314; x_wconf 86' lang='lat' dir='ltr'><strong>missam</strong></span> <span class='ocrx_word' id='word_1_712' title='bbox 327 5260 447 5314; x_wconf 77' lang='lat' dir='ltr'><strong>cantem</strong></span> <span class='ocrx_word' id='word_1_713' title='bbox 469 5255 655 5315; x_wconf 88' lang='lat' dir='ltr'><strong>etsaeriticia</strong></span> <span class='ocrx_word' id='word_1_714' title='bbox 664 5261 849 5324; x_wconf 89' lang='lat' dir='ltr'><strong>consecrent,</strong></span> <span class='ocrx_word' id='word_1_715' title='bbox 865 5272 960 5331; x_wconf 89' lang='lat' dir='ltr'><strong>quam</strong></span> <span class='ocrx_word' id='word_1_716' title='bbox 1013 5273 1103 5330; x_wconf 58' lang='lat' dir='ltr'>nibus</span> <span class='ocrx_word' id='word_1_717' title='bbox 1117 5269 1274 5326; x_wconf 79' lang='lat' dir='ltr'><strong>counaire.</strong></span> <span class='ocrx_word' id='word_1_718' title='bbox 1288 5267 1367 5324; x_wconf 59' lang='lat' dir='ltr'><strong>valo,</strong></span> 
     </span>
    </p>

    <p class='ocr_par' dir='ltr' id='par_1_26' title="bbox 116 5343 961 5419">
     <span class='ocr_line' id='line_1_87' title="bbox 116 5343 961 5419; baseline -0.001 -18"><span class='ocrx_word' id='word_1_719' title='bbox 116 5343 160 5401; x_wconf 91' lang='lat' dir='ltr'><strong>illi</strong></span> <span class='ocrx_word' id='word_1_720' title='bbox 174 5345 230 5419; x_wconf 92' lang='lat' dir='ltr'><strong>qui</strong></span> <span class='ocrx_word' id='word_1_721' title='bbox 242 5343 283 5401; x_wconf 84' lang='lat' dir='ltr'><strong>ad</strong></span> <span class='ocrx_word' id='word_1_722' title='bbox 304 5343 363 5402; x_wconf 91' lang='lat' dir='ltr'><strong>hoc</strong></span> <span class='ocrx_word' id='word_1_723' title='bbox 382 5343 422 5401; x_wconf 83' lang='lat' dir='ltr'><strong>ab</strong></span> <span class='ocrx_word' id='word_1_724' title='bbox 437 5345 586 5419; x_wconf 88' lang='lat' dir='ltr'><strong>episcopis</strong></span> <span class='ocrx_word' id='word_1_725' title='bbox 611 5348 683 5402; x_wconf 89' lang='lat' dir='ltr'><strong>sunt</strong></span> <span class='ocrx_word' id='word_1_726' title='bbox 700 5345 865 5402; x_wconf 84' lang='lat' dir='ltr'><strong>consecrati</strong></span> <span class='ocrx_word' id='word_1_727' title='bbox 889 5361 896 5400; x_wconf 94' lang='lat'><strong>:</strong></span> <span class='ocrx_word' id='word_1_728' title='bbox 920 5343 961 5400; x_wconf 85' lang='lat' dir='ltr'><strong>ite</strong></span> 
     </span>
    </p>

    <p class='ocr_par' dir='ltr' id='par_1_27' title="bbox 117 5433 961 5504">
     <span class='ocr_line' id='line_1_88' title="bbox 117 5433 961 5504; baseline -0.002 -13"><span class='ocrx_word' id='word_1_729' title='bbox 117 5451 184 5492; x_wconf 92' lang='lat' dir='ltr'><strong>non</strong></span> <span class='ocrx_word' id='word_1_730' title='bbox 197 5438 244 5492; x_wconf 90' lang='lat' dir='ltr'><strong>est</strong></span> <span class='ocrx_word' id='word_1_731' title='bbox 257 5433 372 5492; x_wconf 90' lang='lat' dir='ltr'><strong>licitum</strong></span> <span class='ocrx_word' id='word_1_732' title='bbox 393 5435 473 5493; x_wconf 88' lang='lat' dir='ltr'><strong>utin</strong></span> <span class='ocrx_word' id='word_1_733' title='bbox 488 5433 553 5492; x_wconf 85' lang='lat' dir='ltr'><strong>aliis</strong></span> <span class='ocrx_word' id='word_1_734' title='bbox 567 5433 721 5504; x_wconf 85' lang='lat' dir='ltr'><strong>domibus,</strong></span> <span class='ocrx_word' id='word_1_735' title='bbox 746 5434 791 5492; x_wconf 87' lang='lat' dir='ltr'><strong>vel</strong></span> <span class='ocrx_word' id='word_1_736' title='bbox 805 5433 961 5502; x_wconf 87' lang='lat' dir='ltr'><strong>altaribus,</strong></span> 
     </span>
    </p>

    <p class='ocr_par' dir='ltr' id='par_1_28' title="bbox 120 5523 962 5598">
     <span class='ocr_line' id='line_1_89' title="bbox 120 5523 962 5598; baseline -0.002 -16"><span class='ocrx_word' id='word_1_737' title='bbox 120 5529 178 5582; x_wconf 90' lang='lat' dir='ltr'><strong>aut</strong></span> <span class='ocrx_word' id='word_1_738' title='bbox 192 5523 269 5582; x_wconf 88' lang='lat' dir='ltr'><strong>locis</strong></span> <span class='ocrx_word' id='word_1_739' title='bbox 289 5525 398 5582; x_wconf 89' lang='lat' dir='ltr'><strong>missas</strong></span> <span class='ocrx_word' id='word_1_740' title='bbox 419 5524 570 5582; x_wconf 90' lang='lat' dir='ltr'><strong>celebrare</strong></span> <span class='ocrx_word' id='word_1_741' title='bbox 595 5529 791 5598; x_wconf 73' lang='lat' dir='ltr'><strong>praesumant,</strong></span> <span class='ocrx_word' id='word_1_742' title='bbox 809 5540 903 5598; x_wconf 86' lang='lat' dir='ltr'><strong>qnam</strong></span> <span class='ocrx_word' id='word_1_743' title='bbox 923 5523 962 5580; x_wconf 87' lang='lat' dir='ltr'><strong>ab</strong></span> 
     </span>
    </p>

    <p class='ocr_par' dir='ltr' id='par_1_29' title="bbox 117 5611 961 5688">
     <span class='ocr_line' id='line_1_90' title="bbox 117 5611 961 5688; baseline -0.002 -16"><span class='ocrx_word' id='word_1_744' title='bbox 117 5613 276 5688; x_wconf 83' lang='lat' dir='ltr'><strong>episeopis</strong></span> <span class='ocrx_word' id='word_1_745' title='bbox 291 5613 474 5674; x_wconf 87' lang='lat' dir='ltr'><strong>consecratis</strong></span> <span class='ocrx_word' id='word_1_746' title='bbox 485 5617 541 5674; x_wconf 85' lang='lat' dir='ltr'><strong>etc.</strong></span> <span class='ocrx_word' id='word_1_747' title='bbox 564 5613 667 5672; x_wconf 84' lang='lat' dir='ltr'><strong>influe</strong></span> <span class='ocrx_word' id='word_1_748' title='bbox 689 5612 812 5688; x_wconf 88' lang='lat' dir='ltr'><strong>capituli</strong></span> <span class='ocrx_word' id='word_1_749' title='bbox 827 5632 833 5672; x_wconf 79' lang='grc' dir='ltr'><strong>ι</strong></span> <span class='ocrx_word' id='word_1_750' title='bbox 851 5611 881 5670; x_wconf 87' lang='lat' dir='ltr'><strong>si</strong></span> <span class='ocrx_word' id='word_1_751' title='bbox 892 5611 961 5685; x_wconf 89' lang='lat' dir='ltr'><strong>quis</strong></span> 
     </span>
    </p>
   </div>
   <div class='ocr_carea' id='block_1_21' title="bbox 0 0 2004 6176">
    <p class='ocr_par' dir='ltr' id='par_1_30' title="bbox 0 0 2004 6176">
     <span class='ocr_line' id='line_1_91' title="bbox 0 0 2004 6176; baseline 0 0"><span class='ocrx_word' id='word_1_752' title='bbox 0 0 2004 6176; x_wconf 95' lang='lat' dir='ltr'><strong> </strong></span> 
     </span>
    </p>
   </div>
  </div>
 </body>
</html>
