3996 6186
174 153 225 208 ddi
250 187 253 192 -
659 155 812 212 DUDONIS
833 154 961 210 uncant
982 152 1010 207 sl
1033 149 1187 215 uniuntur
1206 151 1396 210 VlROMhND.
1435 173 1437 178 ·
1830 151 1890 206 036

173 274 303 346 perrexit
316 275 355 332 ad
368 289 470 344 regem
483 280 587 332 contm
595 293 625 332 se
636 279 813 334 venientem.
829 278 999 344 Oui-mutuo
1018 277 1041 330 Α
1058 276 1079 329 N
1083 289 1174 330 umen
1189 278 1218 329 et
1231 279 1342 330 aeterno
1355 274 1556 348 complectens
1567 271 1669 330 omnia
1684 272 1758 342 giro,

174 362 335 434 amplexati
361 368 389 419 et
410 363 513 420 oscula
540 364 634 436 libati,
658 367 834 424 cedentibus
847 367 1001 437 utriusque
1057 363 1200 419 lnlectum
1214 363 1290 420 vitiis
1304 361 1705 438 peecatietfaecerepletum,

174 449 322 508 exercitus
336 451 441 508 turmis
457 453 599 510 sederunt
611 455 742 528 sepositi.
1057 451 1112 517 uui
1124 469 1173 508 me
1185 452 1387 510 christicolam
1401 452 1465 508 tieri
1475 452 1519 508 vis
1531 467 1655 508 munere
1670 450 1725 507 visi

175 541 255 595 Tuae
268 553 319 594 rer
331 539 480 597 distemus
496 541 577 615 prior
590 546 634 599 est
643 543 790 600 allocutus
803 561 808 598 ι
1056 541 1207 613 Temporis
1220 542 1328 612 exiguo
1344 559 1434 599 eursu
1444 540 1580 597 volvente
1594 539 1684 596 lutari
1698 556 1704 594 :

174 627 316 700 Pras-epia
333 629 459 702 pollens,
475 635 627 701 gestorum
642 631 754 689 lumine
767 632 894 703 fulgens.
1058 631 1179 704 Suseipe
1194 635 1264 688 vota
1277 631 1383 698 lihenS,
1401 630 1598 704 precibusque
1611 629 1707 685 laveto
1722 627 1890 698 benignus,

175 717 304 774 ltloribus
319 723 348 774 et
362 720 473 776 meritis
489 721 657 793 prmoelsior
672 722 825 789 omnibus,
842 725 931 794 atque
1058 719 1175 775 Fluctus
1188 719 1360 792 sedatisque
1380 721 1458 776 feros
1477 734 1634 791 compesce
1645 717 1749 785 ruinis,

176 805 295 863 Foedere
308 808 487 882 complacito
500 810 570 867 fidei
588 815 744 867 nectamur
755 811 786 866 ln
806 823 876 867 uno.
1057 807 1180 863 Casibus
1193 808 1320 881 eripiens
1334 809 1461 864 istisnos
1474 813 1563 880 atque
1577 805 1692 875 labore,

176 895 220 951 Sis
231 900 380 970 petopars
396 899 505 956 animae
517 915 695 973 semperque
710 917 783 957 mere
797 903 1002 972 comes,ctque
1056 897 1226 969 Comprime
1239 896 1424 965 demulcere,
1440 897 1607 963 mitescens,
1622 900 1711 967 atque
1726 908 1836 949 serena

174 981 296 1040 Finibus
312 985 343 1042 in
357 987 468 1043 nostris
482 993 570 1044 temet
582 989 714 1062 deposco
730 989 851 1046 morari.
1057 986 1224 1042 undantem
1239 987 1365 1042 nimium
1381 986 1511 1043 violento
1527 985 1643 1042 turbine
1657 988 1794 1056 pontum.

175 1071 444 1144 Siequeaalutiiero
459 1075 640 1149 baptismate
656 1078 744 1134 sonia
759 1077 845 1150 piari.
1092 1077 1202 1130 Harum
1229 1091 1300 1130 vero
1326 1074 1496 1132 orationum
1520 1072 1659 1146 precibus
1683 1070 1786 1139 linitis,
1816 1085 1892 1126 mox

175 1163 219 1215 En
232 1161 306 1234 quid
314 1164 405 1234 gestis
419 1165 498 1222 habe
513 1171 623 1222 nostras
634 1167 754 1224 ditionis
766 1167 796 1222 in
812 1166 894 1223 orbe.
1055 1177 1139 1218 mare
1151 1165 1287 1236 quiescit,
1317 1163 1460 1220 serenatis
1484 1161 1635 1236 procellis,
1661 1161 1893 1230 immensosque

175 1250 220 1308 Sis
234 1267 352 1309 memor
364 1255 427 1327 ipse
442 1256 501 1312 mei
516 1256 600 1313 luero
612 1273 667 1313 ceu
680 1273 798 1330 semper
810 1257 841 1313 in
854 1255 947 1324 omni,
1055 1252 1184 1324 equoris
1195 1257 1304 1309 tractus
1316 1255 1418 1327 optato
1441 1251 1562 1308 tlamine
1586 1251 1715 1307 breviter
1739 1247 1893 1322 explicue

175 1342 209 1396 nt
228 1341 252 1396 si
262 1341 335 1398 velle
350 1342 424 1400 alias
436 1350 481 1400 est
491 1361 571 1400 nuno
587 1345 726 1419 proficier
740 1346 840 1402 horas.
1055 1344 1146 1408 runt;
1175 1356 1328 1414 navesque
1360 1345 1532 1414 tempestate
1568 1339 1704 1412 diruptas
1739 1336 1892 1395 littoribus

177 1428 294 1498 Sigeas
307 1435 401 1500 torva,
418 1432 500 1489 feror
511 1435 639 1506 iamiam
652 1434 812 1491 feritaverit
826 1434 856 1490 in
871 1449 930 1500 me,
1056 1429 1235 1499 Uvalgorum
1262 1431 1310 1486 vix
1337 1431 1555 1504 applicuerunt.
1590 1429 1751 1485 audientes
1785 1431 1892 1483 autem

176 1517 326 1592 improba,
341 1535 403 1578 non
415 1537 539 1578 servans
559 1522 629 1579 iidei
651 1523 842 1595 retinensque
856 1525 1000 1589 tenorem,
1055 1518 1251 1589 Uvalgrenses
1266 1520 1348 1592 quod
1360 1535 1433 1589 gens
1448 1519 1578 1576 barbara
1593 1520 1767 1590 tempestate
1795 1514 1893 1571 maris

176 1608 211 1662 Ut
219 1607 299 1679 potis
312 1625 346 1665 es
363 1610 406 1665 fer
416 1626 508 1684 opem
521 1611 619 1668 stabili
633 1613 791 1668 conamine
806 1611 933 1668 salvans.
1021 1607 1190 1680 gieroeiter
1204 1615 1358 1682 quassata,
1386 1609 1449 1665 suis
1474 1608 1621 1665 littoribus
1645 1611 1725 1663 esset
1749 1605 1889 1672 advecta,

175 1697 209 1752 Et
223 1695 275 1752 tibi
289 1713 462 1754 succurram
478 1699 564 1756 simili
577 1701 690 1756 ratione
703 1701 849 1772 juvando,
1057 1704 1238 1769 congregata
1254 1699 1444 1756 multitudine
1460 1698 1650 1771 pagensium,
1668 1694 1825 1754 Rollonem
1836 1694 1891 1750 du-

175 1786 212 1840 Te
225 1789 293 1854 eget
302 1790 392 1858 etque
406 1803 510 1844 meum
523 1793 629 1844 mutuo
644 1789 804 1845 certamine
820 1792 948 1845 scutumr
1058 1802 1123 1842 cem
1135 1792 1338 1862 tempestuoso
1365 1787 1443 1843 mari
1457 1786 1505 1842 vir
1528 1790 1663 1859 ereptum
1678 1785 1830 1857 insperate
1843 1797 1889 1838 as·

211 1877 292 1930 Tame
302 1875 385 1932 Rollo
396 1891 489 1950 super
501 1878 578 1948 regis
605 1878 691 1934 dietis
711 1878 797 1934 latus
811 1878 922 1935 dixisse
946 1878 1004 1934 ler—
1058 1875 1209 1932 salierunt.
1226 1876 1279 1942 Qui
1296 1876 1381 1932 solito
1394 1892 1477 1932 more
1493 1876 1627 1932 concitus
1640 1878 1745 1931 contra
1757 1873 1826 1928 illos
1839 1870 1889 1926 de-

174 1967 225 2019 tur
241 1979 274 2017 :s
291 1966 392 2021 Grates
404 1965 465 2028 tibi,
480 1967 618 2022 omnium
633 1981 737 2036 regum
750 1967 1003 2041 praestantissime«,
1057 1964 1198 2020 bellando
1211 1965 1349 2038 perrexit,
1366 1971 1456 2038 atque
1475 1964 1576 2038 plures
1588 1963 1706 2019 illorum
1719 1975 1791 2018 nere
1806 1976 1891 2034 pros-

173 2068 267 2125 super
280 2052 455 2110 voluntariis
469 2055 621 2111 benefieiis
645 2056 787 2129 rependo,
815 2061 843 2112 et
857 2055 1004 2130 quidquid
1058 2057 1149 2109 iratos
1163 2069 1233 2109 orco
1248 2054 1419 2120 transmisit,
1431 2053 1629 2124 residuosque
1645 2051 1762 2107 illorum
1776 2053 1829 2104 aut
1841 2049 1889 2104 lu-

122 2199 127 2209 ,
174 2140 314 2198 interme
328 2147 399 2200 ette
415 2144 534 2214 menda
548 2144 683 2212 retulisti,
697 2144 743 2202 lac
769 2150 802 2201 ut
828 2150 910 2218 opto.
935 2146 1004 2201 lliu-
1058 2141 1139 2213 gavit
1149 2146 1201 2198 aut
1212 2144 1300 2216 oepit.
1315 2146 1450 2215 Cumque
1469 2140 1635 2198 diutissime
1650 2138 1804 2196 moruleris
1821 2138 1888 2208 (tr),

176 2231 290 2288 tissime
303 2231 333 2288 in
346 2245 439 2302 regno
465 2237 515 2288 tuo
542 2249 605 2289 non
627 2233 776 2306 morabor,
805 2233 855 2289 sed
881 2233 1004 2288 celerius
1058 2231 1199 2300 Uvalgras
1214 2233 1422 2304 depopularet,
1445 2230 1641 2288 reminiscens
1659 2229 1806 2284 alstemus
1833 2243 1890 2282 rex

176 2331 269 2392 quem
281 2325 384 2393 potero
410 2321 563 2378 Franciam
587 2321 687 2378 adibo,
716 2321 891 2394 Ubicunque
914 2327 1004 2377 terra·
1057 2320 1220 2391 anglorum
1236 2321 1517 2390 Christianissimus,
1545 2319 1683 2376 omnium
1705 2332 1810 2388 regum
1820 2332 1890 2389 pro-

175 2424 243 2464 rum
256 2409 418 2466 tremulans
432 2410 549 2467 amicus
564 2411 716 2467 insolubili
740 2411 906 2467 dilectionis
936 2423 1005 2466 con·
1057 2408 1147 2465 bitate
1160 2409 1453 2481 praecellentissimus
1476 2407 1612 2464 amicitiae
1626 2419 1687 2479 qua
1711 2409 1781 2462 seet
1794 2404 1888 2460 llollo-

174 2498 296 2568 junctus
312 2498 423 2555 loedere
438 2499 658 2572 permanebo.»
674 2500 722 2555 llis
738 2500 822 2556 dietis
836 2500 1005 2556 admodum
1057 2515 1127 2554 nem
1144 2497 1298 2569 colligarat
1322 2499 1351 2554 in
1375 2499 1489 2555 hedera
1517 2498 1710 2570 sempiterna,
1724 2493 1885 2550 duodecim

175 2585 415 2643 inextricabiliter
432 2587 578 2656 loederati,
600 2587 782 2644 alternarum
797 2604 897 2644 renim
921 2605 1004 2644 com·
1058 2603 1151 2643 naves
1166 2586 1325 2654 irmnento,
1340 2588 1410 2643 vino
1425 2593 1515 2659 atque
1535 2585 1620 2641 lardo
1635 2588 1786 2644 oneratas,
1812 2581 1886 2654 quin

176 2675 313 2748 potentiis
323 2676 497 2734 mirabiliter
510 2677 603 2744 ditati,
626 2677 713 2734 rediit
726 2677 855 2751 quisque
866 2678 903 2733 ad
917 2675 1005 2734 suam
1058 2675 1148 2732 etiam
1162 2675 1285 2732 totidem
1299 2681 1413 2732 armato
1424 2674 1516 2732 milite
1530 2673 1668 2748 repletas,
1679 2672 1748 2728 duci
1763 2670 1885 2745 precel-

176 2780 245 2820 eam
261 2765 334 2822 suis.
349 2769 420 2822 Toto
432 2779 566 2838 namque
580 2765 752 2839 hyemantis
773 2767 844 2823 anni
859 2771 1004 2839 tempore,
1058 2781 1091 2822 so
1107 2764 1269 2821 transmisit
1282 2763 1312 2820 in
1326 2764 1479 2834 Uvalgras.
1504 2763 1554 2818 His
1569 2761 1652 2818 llollo
1677 2760 1766 2816 donis
1790 2759 1885 2826 laetus,

175 2868 267 2909 naves
290 2858 499 2927 sumptusque,
524 2854 580 2928 qui
607 2855 767 2912 necessarii
793 2860 877 2912 erant
898 2856 1003 2920 itineri,
1057 2854 1171 2923 legatos
1186 2854 1360 2910 muneribus
1376 2853 1579 2926 praemaximis
1598 2851 1707 2908 ditatos
1731 2865 1802 2906 eum
1823 2864 1887 2918 gre·

175 2953 345 3013 praeparare
360 2941 443 2998 Rollo
457 2942 519 2998 dux
541 2943 655 2998 solertis
684 2954 762 2998 curce
778 2943 855 3014 lecit,
882 2943 1005 3014 anglos·
1023 2943 1167 3034 Gtiaram
1180 2943 1295 3000 actione
1322 2944 1360 3000 ad
1386 2958 1489 3013 regem
1508 2941 1632 3008 remisit,
1648 2955 1739 3012 seque
1754 2955 1810 3012 per
1836 2953 1886 2994 eos

175 3043 235 3102 qee
251 3031 557 3102 llorentis.juventutis
568 3031 685 3102 milites,
696 3033 843 3104 quierant
858 3031 903 3088 sui
917 3033 1004 3088 etl'ec·
1058 3030 1273 3088 famulaturum
1286 3031 1348 3100 regi
1376 3030 1541 3088 mandavit.
1567 3029 1757 3084 AEstimantes
1786 3031 1884 3082 autem

176 3117 360 3198 tieetsecum
375 3119 570 3177 ituriescivit.
599 3123 673 3177 Gum
687 3124 787 3177 autem
801 3121 906 3194 primm
920 3126 1004 3177 resta-
1059 3120 1263 3191 Uvelgrenses,
1292 3125 1413 3193 propter
1437 3118 1583 3192 deportati
1612 3117 1751 3173 frumenti
1767 3115 1886 3188 copiam

175 3205 211 3262 tis
227 3210 371 3280 tempore,
386 3209 572 3266 rutilantium
588 3209 714 3266 molliter
732 3208 841 3265 tiorum
863 3210 1005 3266 arrideret
1057 3211 1141 3266 omni
1155 3215 1288 3284 tempore
1302 3210 1457 3266 hodonem
1468 3208 1600 3278 Uralgris
1610 3211 1809 3272 moraturum,
1822 3219 1887 3260 con·

174 3295 273 3368 copis,
282 3298 503 3372 purpureisque
528 3298 628 3355 blattis
643 3298 738 3355 lactea
750 3303 779 3354 et
792 3298 941 3354 odorifera
962 3299 1004 3356 al·
1058 3305 1242 3356 vocaverunt
1255 3299 1435 3370 Reginerum
1462 3298 1554 3369 tongi
1575 3297 1642 3354 colli
1663 3296 1885 3352 hasbacensem

174 3382 280 3440 herent
293 3384 364 3453 lilia,
381 3401 498 3442 memor
517 3401 637 3457 semper
654 3385 776 3442 visionis
791 3387 940 3442 monentis
965 3386 1004 3442 ad
1057 3391 1086 3444 et
1100 3388 1337 3444 hainaucensem
1350 3389 1469 3456 ducem,
1481 3393 1510 3444 et
1522 3385 1719 3444 lladebodum
1735 3383 1832 3440 Frisios
1844 3399 1885 3438 re-

177 3473 332 3531 F-raneiam
350 3475 510 3547 proficisci,
527 3473 675 3530 elassibus
693 3474 767 3529 velis
790 3475 868 3530 datis
895 3489 1005 3532 navem
1059 3476 1155 3548 gionis
1170 3476 1348 3549 principem,
1362 3481 1392 3532 et
1415 3475 1596 3546 conglobato
1615 3472 1883 3530 exercitandarum

176 3562 360 3619 conscendit.
377 3565 451 3619 Gurn
465 3578 536 3618 vero
562 3561 682 3618 lenibus
706 3562 801 3618 ventis
820 3579 1005 3640 ,congressus
1057 3581 1206 3640 pagorum
1222 3564 1403 3621 invaserunt.
1420 3564 1583 3622 llollonem.
1601 3563 1666 3631 Qui,
1681 3562 1882 3634 sieutsrepius,

175 3650 288 3721 navigii
301 3652 397 3708 laetus
412 3655 498 3718 esset,
523 3652 675 3722 usquead
705 3651 839 3708 medium
862 3653 1004 3726 equoris,
1058 3655 1097 3711 ad
1111 3654 1224 3711 bellum
1238 3653 1443 3710 indubitanter
1465 3654 1604 3728 perrexit,
1625 3657 1653 3710 et
1680 3653 1772 3709 multa
1791 3649 1883 3706 millia

176 3739 309 3814 nihilque
325 3740 459 3796 viderent
480 3739 539 3796 nisi
566 3739 675 3796 coelum
696 3742 888 3815 complexum
915 3759 1006 3816 super
1057 3744 1177 3800 illorum
1192 3743 1309 3811 occidit,
1323 3748 1412 3816 atque
1424 3741 1884 3813 Ragmerumbongicollietlla-

175 3829 284 3886 taciem
298 3828 399 3895 maris,
415 3827 509 3884 invidi
528 3828 648 3902 spiritus
664 3828 789 3886 scientes
803 3831 869 3887 illos
891 3831 1004 3905 napta-
1058 3832 1210 3888 debodum
1230 3832 1383 3888 Frisonem
1396 3832 1503 3888 adsue
1520 3837 1618 3888 eastra
1639 3831 1759 3902 fugavit.
1776 3828 1884 3886 Deinde

174 3921 257 3974 mate
271 3915 378 3974 desti
393 3915 514 3972 nomine
525 3916 703 3988 abluendos,
714 3917 900 3992 gloriamque
910 3937 1004 3993 quam
1057 3925 1150 3978 totam
1165 3925 1273 3976 terram
1286 3920 1482 3989 Uvalgrorum
1495 3919 1660 3976 devastavit
1680 3923 1771 3992 etque
1785 3918 1884 3974 incen-

175 4003 370 4078 perdiderant
384 4002 546 4077 adepturos
560 4005 801 4077 ingemiscentes,
812 4012 1006 4065 occurrerunt
1056 4008 1106 4064 dio
1120 4008 1330 4064 concremavit.
1356 4011 1424 4064 Post
1449 4007 1518 4063 hine
1542 4007 1634 4078 hujus
1650 4007 1692 4064 rei
1706 4021 1799 4062 eausa
1815 4004 1886 4061 indi-

177 4092 338 4147 exoitantes
352 4092 484 4164 periculo
496 4094 551 4150 illis
562 4095 731 4169 venti-,quin
746 4096 835 4152 etiarn
850 4112 869 4152 a
883 4097 1004 4154 sedibus
1058 4102 1177 4168 gnatus,
1195 4097 1329 4153 l'risones
1342 4095 1474 4152 celeriter
1484 4096 1631 4170 expetivit,
1645 4100 1818 4167 terramque
1827 4093 1886 4149 illo

177 4179 240 4234 suis
255 4184 356 4252 ruunt,
379 4182 452 4238 ethi
475 4188 543 4240 ante
571 4189 665 4256 ponto
697 4201 715 4241 a
741 4185 865 4241 sedibus
885 4185 953 4242 imis
974 4186 1004 4242 in
1056 4203 1125 4242 rum
1138 4187 1293 4244 devastare
1308 4185 1489 4258 empitlune
1501 4186 1636 4242 Frisones
1645 4183 1808 4240 multorum
1820 4199 1887 4239 con-

177 4269 374 4343 prmcipitium
402 4271 510 4329 tluctus
530 4275 640 4330 nimios
654 4278 683 4330 et
698 4275 737 4330 ad
767 4275 864 4332 sidera
887 4277 1002 4334 tollunt.
1057 4273 1168 4344 geriem
1187 4272 1370 4347 populorum
1397 4273 1510 4330 concite
1530 4277 1750 4336 coacervantes,
1770 4271 1886 4344 sibique

175 4357 291 4415 Coelum
317 4358 571 4417 crebrescentibus
596 4361 763 4432 fulguribus
778 4364 916 4437 intonuit,
930 4366 1004 4422 den·
1057 4362 1278 4418 multitudinem
1289 4361 1424 4436 plebium
1443 4361 1474 4419 in
1490 4361 1620 4422 confinio
1635 4361 1734 4426 Frjsiae
1753 4372 1887 4418 commo

176 4461 338 4521 serumque
368 4449 561 4506 tenebrarum
590 4467 650 4506 nor
686 4457 751 4508 atra
779 4453 835 4509 illis
858 4454 1002 4511 incubuit.
1057 4451 1186 4508 rentium
1202 4450 1435 4518 accumulantes,
1450 4450 1677 4508 fluviohlmerre
1696 4465 1888 4506 commoran-

176 4536 276 4594 ltemis
303 4538 472 4606 connectit,
497 4544 655 4596 ventorum
691 4541 805 4598 rabiem
830 4543 897 4601 vela
929 4544 1005 4600 terre
1058 4545 1117 4597 tem
1126 4539 1410 4610 agminibusmultis
1420 4539 1776 4613 preparatisaccelerata
1787 4538 1888 4596 ineur-

176 4639 237 4682 non
252 4632 388 4700 possunt.
410 4631 512 4702 ltaque
529 4629 641 4686 viribus
656 4631 801 4700 exhausti,
818 4634 920 4690 omnia
931 4649 1005 4689 ven·
1058 4630 1143 4684 sione
1152 4634 1299 4686 conantur
1307 4628 1448 4685 invadere
1461 4627 1711 4686 helionem-Ralla
1720 4631 1825 4684 veroet
1836 4628 1889 4701 qui

176 4715 212 4772 tis
224 4715 408 4788 permittunt.
425 4717 487 4772 Huc
501 4715 630 4790 illucque
644 4729 737 4774 naves
747 4721 836 4792 quasi
849 4737 907 4794 per
917 4735 1004 4778 mon·
1057 4733 1171 4775 oumeo
1181 4723 1267 4774 erant
1285 4733 1364 4789 genu
1386 4717 1476 4788 llexo,
1500 4733 1715 4790 armorumque
1730 4719 1889 4789 ingruente

176 4807 219 4860 tes
247 4809 276 4861 et
298 4804 389 4862 valles
414 4804 570 4877 fluctuant,
605 4811 792 4880 mortemque
817 4811 1004 4884 repentinam
1057 4808 1190 4874 horrore,
1218 4812 1368 4864 scutorum
1396 4807 1526 4878 tegmine
1545 4808 1687 4880 cooperti,
1718 4809 1889 4880 strictaeque

176 4893 318 4950 omnibus
332 4896 488 4952 intentant.
503 4897 583 4951 Tunc
599 4895 681 4952 ltollo
700 4899 849 4970 protensis
861 4899 1003 4956 manibus
1059 4896 1131 4954 aciei
1145 4896 1340 4952 mucronibus
1348 4896 1481 4952 coruscis
1491 4896 1891 4971 complicati,exspectabant

176 4987 342 5054 prostratus
355 4983 492 5041 incubuit
501 4984 580 5053 nevi,
595 4985 761 5058 humilique
773 4995 844 5044 voce
860 4987 929 5044 talia
939 5003 1005 5060 pro-
1058 4985 1177 5042 initium
1191 4983 1511 5042 certaminis.Frisones
1521 4999 1592 5055 ergo
1601 4984 1813 5058 parvissimam
1824 4999 1890 5040 esse

168 5069 275 5129 tuditi
1059 5078 1200 5147 putantes
1227 5071 1449 5129 multitudinem
1466 5072 1597 5144 illorum,
1618 5071 1748 5131 inierunt
1773 5071 1889 5130 bellum

456 5176 559 5218 onrrro
577 5178 723 5220 nonacris.
1059 5164 1116 5222 sibi
1131 5177 1192 5218 non
1205 5163 1406 5235 profuturum.
1424 5163 1493 5222 llaci
1507 5179 1576 5220 vero
1589 5162 1756 5220 exsilientes
1766 5163 1796 5220 in
1822 5162 1890 5220 illos

178 5247 290 5304 Oileus
302 5249 501 5321 omnipotens,
516 5251 648 5308 coelestia
659 5250 773 5308 lumine
785 5252 949 5325 complens,
1058 5253 1207 5309 intuentes
1231 5253 1379 5327 usquead
1405 5252 1637 5310 internecionem
1652 5257 1889 5325 prostraverunt,

177 5335 233 5401 Qui
248 5333 357 5391 eoelum
372 5339 542 5411 terramque
555 5344 637 5396 tenes
652 5355 705 5412 per
719 5341 829 5410 secula,
846 5342 932 5414 enjus

214 5602 272 5676 (tr)
286 5601 316 5660 ld
330 5605 384 5672 eet,
396 5617 509 5676 paruae
522 5619 622 5664 moras
631 5605 758 5678 serim.
