4044 6184
199 109 248 163 toa
778 103 937 160 ADEMth
958 101 986 156 S.
1007 95 1149 154 CIBARDI
1169 101 1337 158 MONACHl.
1859 111 1911 166 ¹04

196 234 239 286 tot
259 229 403 304 episcopi,
427 231 470 286 tot
489 227 624 295 abbates,
645 230 688 283 tot
710 224 858 299 sapientes
883 222 1062 280 transactia
1081 221 1135 292 qai
1148 225 1350 292 apostatarum
1361 229 1488 298 junctus
1502 227 1637 299 collegio,
1650 233 1797 298 potestate
1810 229 1911 301 ligan-

196 325 264 378 ante
278 321 423 376 ducentos
438 317 557 373 annosi
580 319 739 389 Nunquam
755 313 885 389 amplius
909 311 1024 370 audivi·
1080 309 1113 366 di
1126 315 1216 383 atque
1228 315 1364 372 solvendi
1377 322 1499 386 accepta
1514 333 1532 374 a
1548 317 1683 384 Domino,
1698 335 1758 376 non
1771 320 1916 377 dissimili

195 427 264 466 mus
289 413 451 466 Martialem
475 421 541 462 esse
561 404 741 478 apostolum.
767 408 824 464 Cur
838 405 895 461 hoc
908 405 1026 460 mutant
1080 414 1146 456 eam
1159 403 1302 470 apostatis
1316 410 1359 461 est
1374 403 1495 461 honoris
1506 421 1577 462 usas
1586 406 1761 480 priaite9i0;
1777 408 1911 465 etmulta

195 499 242 555 isti
256 499 429 571 sapientes?
445 495 516 552 satis
535 495 627 552 babet
642 494 799 552 honorem.
816 497 849 550 Et
864 493 906 550 sic
920 492 1025 562 lingua
1079 487 1148 558 alia,
1164 488 1321 564 inquibus
1343 493 1498 567 apostolus
1518 493 1716 568 praedicatum
1742 511 1824 554 nune
1837 514 1910 554 vero

193 593 339 646 venenata
351 587 522 644 invidorum
536 584 646 642 decidit
659 584 691 641 in
710 581 1026 657 blasphemiam-pun.
1078 591 1132 650 per
1151 594 1248 637 unum
1266 583 1499 654 Langobardum
1523 583 1679 654 rusticum,
1696 589 1851 660 putantem
1877 604 1910 643 se

194 697 267 754 &011⁵
285 680 364 738 talia·
387 682 427 734 ΒΘ
451 677 500 732 ill0
521 675 627 747 gradu,
642 675 694 731 ubi
718 678 795 732 Deus
817 691 887 731 eum
912 671 1023 746 posuit,
1078 682 1143 722 esse
1162 671 1404 744 grammaticum,
1423 672 1609 747 derelinquet
1628 679 1793 732 conventus
1808 675 1909 733 erudi-

194 772 299 828 toMunt
313 786 394 838 eum,
410 772 439 825 et
462 766 576 823 iaciunt
600 782 670 822 eum
694 762 858 821 ascendere
874 762 926 818 ubi
945 777 1022 818 nun·
1078 758 1177 814 lorum
1191 759 1406 817 catholicorum
1428 761 1583 818 veritatem
1607 763 1761 838 antiquam
1786 767 1909 822 Petrum

192 876 285 935 qnam
300 859 372 926 iuit;
392 861 421 913 et
438 855 495 929 ipsi
510 853 630 914 Martiali
646 853 703 909 hoc
718 851 882 908 molestum
897 854 950 906 est.
1076 850 1273 905 nostrorum?
1288 850 1413 908 Facilius
1427 855 1557 924 possunt
1571 853 1650 910 cervi
1664 869 1840 927 camporum
1853 871 1908 928 pa·

228 951 249 1007 0
276 947 372 1006 aculei
396 945 550 1020 serpentis,
573 961 591 1000 o
615 941 736 1017 aspides
756 941 866 1010 sundra,
886 938 1022 1008 elingua
1076 933 1120 990 sci
1147 935 1178 992 in
1206 937 1314 995 aethere
1337 955 1432 1012 quam
1456 946 1669 998 sauctamater
1683 941 1812 998 Ecclesia
1826 943 1908 999 hanc

191 1039 319 1096 toxicata
347 1035 469 1104 diaboli,
498 1050 566 1107 quea
596 1033 682 1091 solita
710 1047 742 1088 es
769 1035 887 1087 sanctos
916 1027 968 1084 Dei
993 1031 1022 1083 et
1076 1039 1163 1081 suam
1189 1027 1384 1100 purissimam
1406 1031 1561 1087 veritatem
1587 1030 1802 1105 derelinquere.
1824 1035 1907 1088 llanc

190 1129 291 1203 ipsum
304 1129 397 1183 Deum
411 1123 593 1191 dilacerare;
618 1136 686 1195 quae
699 1135 761 1176 non
776 1119 889 1176 desinis
902 1132 1020 1191 perver·
1075 1129 1183 1172 sanam
1207 1119 1464 1189 consuetudinem,
1480 1121 1532 1177 etsi
1555 1119 1662 1178 insulsi
1682 1121 1754 1178 olim
1781 1135 1906 1196 respue-

190 1224 250 1276 tere
264 1217 328 1275 vias
353 1212 469 1274 Domini
483 1216 595 1280 rectas3
621 1227 690 1284 quse
702 1210 732 1267 in
746 1208 888 1283 paradiso
903 1206 1017 1263 dixisti:
1073 1209 1152 1274 runt,
1168 1221 1229 1262 noa
1245 1211 1345 1265 tamen
1361 1209 1534 1279 amiserunt,
1550 1211 1603 1268 sed
1624 1210 1708 1268 inviti
1723 1215 1752 1268 et
1764 1211 1907 1282 ignoran-

190 1311 385 1381 Neqaaqnam
420 1307 514 1360 morte
550 1301 726 1368 moriemini,
758 1302 787 1355 et
814 1297 1018 1373 protoplastos
1073 1295 1117 1348 tes
1140 1309 1177 1350 ex
1197 1301 1282 1369 parte
1304 1297 1490 1355 retinuerunt
1516 1298 1685 1370 scintillam,
1701 1304 1729 1358 et
1750 1299 1857 1356 eruditi
1872 1300 1904 1355 in

190 1395 378 1464 interemisti;
395 1409 463 1468 quac
479 1389 577 1448 dixisti
600 1391 638 1446 de
662 1387 732 1446 Filio
754 1387 823 1443 liei:
840 1388 951 1443 Hicest
968 1386 1018 1444 lta-
1072 1381 1181 1440 litaniis
1212 1392 1457 1444 reservaverunt:
1492 1405 1528 1445 ex
1555 1405 1617 1463 qua
1643 1389 1770 1447 scintilla
1795 1389 1904 1447 reluxit

190 1504 236 1546 mo
251 1501 347 1544 varan
361 1487 531 1554 deputator
545 1481 616 1548 viai,
631 1483 659 1535 et
676 1479 735 1534 Hic
755 1482 798 1533 est
811 1477 921 1546 loseph
934 1476 1021 1547 saliri
1072 1473 1164 1530 modo
1179 1479 1211 1530 ut
1226 1474 1271 1531 sol
1284 1475 1411 1548 pulchra
1428 1477 1561 1534 veritatis
1577 1479 1774 1548 consuetudo,
1791 1478 1903 1550 glorifi-

188 1581 291 1650 tilias,
314 1591 382 1649 quae
406 1570 505 1628 dixisti
526 1585 580 1643 per
594 1568 780 1624 Pharaonem
795 1582 801 1620 :
819 1565 889 1634 Quis
901 1571 944 1622 est
957 1567 1016 1621 Da·
1032 1582 1052 1637 g
1071 1565 1158 1618 cante
1172 1564 1230 1619 Deo
1246 1567 1381 1638 tempora
1396 1565 1524 1639 piissimi
1536 1566 1665 1641 pastoris
1678 1565 1773 1624 nostri
1785 1566 1901 1625 Odolri-

188 1671 298 1737 miaas,
314 1671 347 1721 ut
361 1663 484 1721 audiam
503 1675 601 1716 vorem
624 1660 711 1726 ejus?
727 1657 833 1713 Nescia
844 1655 1015 1726 Dominam,
1071 1651 1097 1707 ci
1112 1655 1140 1708 et
1149 1652 1281 1726 episcopi
1292 1654 1426 1712 iordani.
1443 1655 1518 1722 Quia
1533 1671 1604 1728 ergo
1617 1655 1777 1715 Martialem
1790 1655 1902 1730 praedi-

189 1765 216 1818 et
243 1755 337 1814 lsrael
361 1769 421 1809 aaa
444 1749 615 1818 dimittam;
639 1761 708 1820 qna
731 1743 830 1800 dixisti
854 1743 924 1800 lilio
947 1743 1014 1801 Dei:
1071 1756 1176 1797 camus
1189 1741 1221 1798 in
1235 1742 1355 1799 veritate
1370 1744 1553 1818 apostolum,
1570 1745 1682 1816 gaudet
1700 1745 1775 1819 ipsa,
1787 1745 1901 1817 gaudet

188 1851 263 1906 Haec
277 1844 375 1901 omnia
402 1840 456 1896 tibi
473 1838 560 1906 dabo,
575 1837 602 1892 si
624 1835 733 1892 cadens
757 1834 930 1891 adoraveris
949 1846 1016 1906 me,·
1070 1831 1157 1903 Deus,
1192 1831 1325 1901 gaudent
1361 1833 1463 1904 angeli
1496 1840 1525 1891 et
1558 1850 1665 1893 omnes
1702 1833 1797 1892 saneti
1821 1834 1897 1906 ejus.

188 1950 256 2007 quae
271 1931 316 1988 vis
335 1944 441 1986 omnes
467 1925 584 1998 cadere,
598 1923 713 1980 nullam
728 1923 859 1994 erigere;
884 1938 953 1996 quaa
967 1925 1015 1978 lu·
1068 1919 1209 1978 Tristatur
1234 1920 1384 1992 diabolus,
1411 1923 1565 1982 tristantur
1587 1924 1717 1981 haeretici
1739 1926 1768 1980 et
1793 1922 1898 1991 invidi,

188 2023 260 2080 dam
274 2021 312 2077 da
327 2016 496 2093 apostolatu
510 2014 661 2086 dejecisti;
684 2029 752 2080 aua
767 2013 865 2085 aperis
880 2028 914 2068 os
928 2014 1014 2068 tuum
1068 2014 1097 2066 ct
1119 2025 1189 2066 cum
1215 2009 1327 2067 insidia
1352 2027 1407 2068 sua
1439 2012 1619 2084 moriuntur,
1646 2013 1704 2070 nisi
1730 2029 1748 2070 a
1775 2011 1898 2069 diabolo

187 2113 218 2170 in
242 2107 447 2183 blasphemias
475 2104 514 2163 ad
538 2107 642 2168 Deum,
663 2101 873 2176 blasphemare
901 2117 1014 2158 nomen
1067 2099 1288 2172 disjungantur.
1316 2100 1468 2159 testificor
1492 2118 1596 2160 coram
1628 2105 1688 2160 lieo
1718 2106 1747 2161 et
1782 2101 1898 2160 Christo

188 2203 252 2274 ejus
267 2203 295 2257 et
308 2193 537 2255 tabernaculum
551 2195 628 2265 ejus,
645 2197 673 2250 et
687 2207 738 2247 eos
759 2189 812 2264 qui
828 2189 859 2246 in
874 2189 948 2246 coelo
962 2189 1015 2246 ha·
1066 2191 1145 2253 iesu,
1171 2190 1222 2263 qui
1248 2195 1392 2247 venturus
1420 2192 1465 2248 est
1489 2191 1626 2263 judicare
1654 2190 1737 2249 vivos
1757 2207 1793 2249 ac
1817 2207 1898 2247 mor·

185 2290 299 2358 bitant3
324 2305 392 2362 quae
406 2299 530 2358 corpora
551 2286 718 2354 martyrum
740 2279 932 2350 submergere
947 2277 1014 2335 ieci·
1067 2283 1144 2349 tuos,
1160 2295 1214 2354 per
1229 2281 1392 2338 adventum
1410 2280 1516 2355 ipsius,
1533 2285 1562 2338 et
1574 2296 1702 2353 regnum
1716 2271 1800 2354 ejus}
1817 2280 1897 2337 testi-

187 2379 233 2449 sti,
249 2379 370 2436 dicens:
387 2375 433 2432 Ne
447 2373 616 2431 Christiani
629 2371 686 2426 sibi
699 2375 848 2440 martyres
859 2369 997 2438 facerent
1003 2380 1015 2440 ;
1066 2367 1140 2424 ficar
1162 2373 1192 2425 et
1209 2384 1311 2426 coram
1338 2369 1447 2442 Spiritu
1469 2374 1583 2440 sancto,
1608 2370 1660 2444 qui
1687 2367 1897 2444 apostolorum

186 2485 254 2542 quse
268 2483 322 2542 ρετ
337 2466 488 2524 Simonem
510 2464 628 2532 Magum
650 2459 688 2516 de
708 2461 792 2517 Petro
807 2457 1013 2532 apostolorum
1066 2465 1187 2532 pectora
1210 2459 1395 2517 invisibiliter
1423 2461 1599 2534 penetravit,
1622 2461 1646 2517 si
1673 2460 1747 2518 mihi
1769 2459 1898 2517 visibilis

185 2557 329 2634 principe,
344 2553 466 2612 dicebas
481 2550 606 2608 Neroni:
622 2550 681 2606 Hir
695 2555 736 2606 est
748 2549 834 2606 homa
844 2547 1010 2618 imperitas,
1066 2548 1158 2605 modo
1173 2554 1331 2623 appareret
1344 2549 1374 2606 in
1389 2548 1464 2607 faeie
1476 2565 1546 2607 mea
1559 2549 1697 2609 Martialis
1710 2549 1786 2624 ipse,
1802 2553 1831 2607 et
1844 2564 1895 2606 me

185 2650 317 2721 piscator
339 2643 593 2709 mendacissimas,
618 2655 671 2697 nec
695 2640 726 2697 in
749 2637 892 2708 moribus,
907 2653 961 2694 nee
980 2637 1013 2693 ia
1064 2636 1258 2709 interrogaret
1272 2637 1393 2695 dicens:
1411 2639 1472 2708 Qae
1486 2640 1650 2697 medicant
1664 2640 1796 2697 homines
1811 2643 1897 2697 esse?

184 2753 301 2812 genera
326 2751 381 2793 nea
407 2736 439 2790 in
463 2733 568 2804 atiquo
588 2730 735 2801 preditus
760 2733 921 2798 protestata·
943 2742 1012 2798 quar
1065 2742 1122 2799 ego
1145 2727 1208 2784 siae
1236 2725 1338 2801 aliqua
1363 2727 1559 2797 haesitatione,
1582 2727 1835 2786 confidentissime
1858 2743 1894 2785 ac

185 2828 325 2902 Spiritum
347 2827 483 2882 sanatum
506 2821 654 2878 minorem
679 2817 759 2887 Filio,
775 2819 804 2874 at
830 2816 933 2873 Filium
954 2815 1010 2872 mi·
1064 2815 1287 2890 promptissime
1314 2816 1451 2889 protinus
1480 2816 1507 2874 ei
1532 2817 1747 2892 responderem
1768 2816 1891 2874 dicens:

184 2933 288 2975 noram
310 2919 393 2972 Patre
416 2911 533 2969 dudum
554 2907 752 2983 praedicabas,
768 2922 849 2963 nunc
863 2906 1009 2980 praedicas
1025 2939 1045 2995 C
1064 2905 1120 2963 Alii
1146 2905 1346 2980 apostolicum
1373 2905 1481 2976 virum,
1511 2906 1561 2964 alii
1590 2922 1686 2965 unum
1711 2906 1750 2964 da
1778 2906 1894 2982 episco.

184 3005 344 3065 Martialem
365 3019 429 3060 esse
457 3000 605 3057 minorem
626 2995 787 3071 apostolis;
812 2995 885 3070 quin
910 2995 1009 3069 potius
1062 2995 1119 3069 pis,
1145 2994 1195 3051 alii
1224 3010 1320 3051 unum
1355 2995 1392 3051 de
1426 2994 1536 3068 ignotis
1569 2995 1691 3068 sanctis,
1718 3000 1891 3055 autunum

184 3097 318 3167 abnegas
339 3109 408 3150 eum
430 3105 498 3148 asse
519 3087 625 3147 Christi
639 3086 818 3161 apostolum.
841 3085 908 3155 Sed,
919 3084 1010 3143 heere-
1062 3103 1099 3144 ex
1118 3084 1349 3143 confessoribus.
1366 3088 1400 3141 at
1414 3085 1438 3142 si
1453 3085 1627 3156 dignaretur
1644 3102 1693 3145 me
1706 3085 1891 3158 interrogare

183 3185 248 3259 tice,
263 3184 345 3242 canis
365 3179 475 3250 invide,
491 3179 662 3252 quicunque
690 3177 748 3234 hoc
773 3175 858 3244 dicis,
881 3179 958 3233 recte
978 3175 1008 3232 iu
1061 3176 1184 3233 dicens:
1204 3196 1219 3225 «
1230 3174 1384 3232 odalricus
1399 3190 1470 3232 vero
1484 3175 1581 3234 abbas
1595 3191 1691 3247 mous,
1705 3180 1735 3233 et
1747 3175 1890 3234 monachi

182 3276 273 3348 eaput
285 3278 370 3329 tuum
390 3268 541 3327 mentiris:
557 3266 630 3340 quia
645 3264 777 3324 Christus
794 3264 932 3323 Martialis
947 3281 1009 3322 ma·
1061 3266 1131 3336 mei,
1147 3270 1175 3322 et
1198 3264 1357 3339 episeopus
1377 3280 1463 3322 meus
1485 3264 1644 3336 tordanus,
1668 3268 1758 3336 Quem
1772 3282 1819 3324 me
1831 3282 1892 3324 esse

182 3364 271 3435 gister
286 3362 349 3433 init,
364 3359 498 3419 Christus
523 3355 684 3413 Martialem
700 3370 753 3430 per
772 3370 804 3411 se
825 3354 936 3424 docuit,
953 3370 1008 3428 pro
1061 3355 1210 3412 dicanti>
1225 3368 1282 3427 ego
1295 3355 1433 3429 protinus
1444 3354 1670 3429 responderem,
1686 3377 1699 3407 a
1710 3356 1891 3432 Apostolum

182 3452 295 3510 Christo
332 3448 469 3508 Martialis
504 3445 633 3502 multum
675 3443 833 3515 laboravit,
857 3447 890 3500 ut
918 3459 1007 3500 verus
1062 3445 1122 3503 liei.
1133 3468 1147 3496 »ι
1172 3447 1233 3517 liga
1245 3448 1346 3502 autem
1361 3444 1527 3502 ademarus
1544 3444 1688 3519 indignus
1703 3463 1807 3504 servus
1822 3451 1891 3504 tuus

181 3538 344 3614 apostolus.
360 3535 512 3594 Multitudo
534 3533 716 3606 sapientium
730 3533 841 3589 sanitas
863 3535 906 3590 est
925 3531 1006 3590 orbis
1060 3532 1203 3591 veraciter
1217 3533 1317 3602 credo,
1330 3532 1475 3590 confiteor
1494 3538 1522 3591 et
1543 3533 1611 3591 dico
1631 3534 1703 3610 quia
1724 3539 1755 3591 tu
1775 3551 1808 3594 es
1821 3550 1891 3593 rere

181 3632 337 3684 terrarum.
354 3625 440 3692 Quod
462 3623 662 3696 praedicamus
682 3621 844 3680 Martialem
859 3638 923 3679 esse
938 3639 1008 3697 apo
1061 3638 1191 3694 magnus
1212 3625 1241 3678 et
1266 3621 1414 3694 egregius,
1443 3628 1471 3680 et
1498 3622 1702 3681 nobilissimus
1736 3624 1891 3700 apostolus

182 3716 304 3787 stolum,
319 3713 502 3772 contrarium
523 3717 566 3769 est
591 3711 723 3781 diabolo,
739 3711 913 3768 delectabile
928 3712 1008 3770 Chri·
1061 3711 1130 3781 Dei,
1147 3715 1176 3767 et
1193 3709 1246 3784 qui
1268 3715 1295 3766 te
1309 3711 1486 3768 contradicit
1500 3727 1568 3769 esse
1582 3712 1765 3787 apostolum,
1780 3711 1826 3770 ira
1841 3712 1892 3769 Dei

181 3811 235 3864 sto.
262 3805 377 3863 Astatia
402 3802 515 3862 diaboli
541 3800 641 3859 adbuc
669 3801 772 3859 dicunt
798 3801 935 3859 nonnulli
959 3819 1009 3859 ru·
1061 3798 1150 3856 cadat
1172 3813 1262 3871 super
1280 3796 1376 3869 iMum,
1392 3803 1420 3855 et
1435 3799 1473 3855 sit
1494 3799 1622 3873 perditio
1637 3800 1667 3857 in
1681 3799 1815 3859 adventu
1837 3803 1892 3858 lto·

181 3895 264 3952 stici:
291 3894 381 3965 Magis
409 3891 547 3949 volumus
575 3889 735 3949 Martialem
764 3906 832 3947 esse
860 3891 1009 3950 contesso-
1061 3886 1135 3945 mini
1157 3887 1252 3944 nostri
1270 3889 1339 3944 iesu
1354 3886 1461 3946 Christi
1476 3888 1537 3946 Filii
1552 3889 1613 3959 Dei,
1629 3889 1683 3964 qui
1698 3895 1724 3949 te
1736 3907 1791 3966 per
1805 3907 1836 3948 sa
1850 3891 1894 3964 ip-

179 4001 243 4043 rem
267 3985 400 4059 primurn
423 3998 516 4057 quam
541 3979 711 4055 apostolum
733 3979 882 4036 ultimum.
905 3980 939 4035 Et
951 3978 1008 4036 hac
1062 3994 1130 4034 sum
1144 3974 1254 4033 docuit.
1272 3975 1329 4033 Sed
1343 3975 1438 4046 dubii,
1454 3977 1527 4051 quia
1549 3995 1611 4036 non
1633 3979 1762 4039 audiunt
1779 3997 1892 4038 nomen

178 4075 215 4132 de
231 4089 323 4131 causa
349 4072 388 4129 ab
410 4070 531 4129 insulsis
553 4070 618 4127 haec
642 4085 737 4142 prava
751 4065 938 4125 consuetudo
952 4067 1008 4123 du·
1061 4069 1147 4124 tuum
1162 4064 1306 4138 scriptum
1324 4063 1356 4121 in
1381 4066 1557 4138 Evangeliis,
1576 4071 1603 4126 te
1617 4067 1757 4126 hoesitant
1770 4075 1892 4144 aposto.

178 4162 251 4220 dum
279 4162 415 4218 immissa
441 4164 494 4232 est,
523 4175 591 4233 quae
623 4159 716 4214 modo
743 4157 782 4214 ab
808 4156 929 4214 cruditis
956 4171 1008 4230 pe·
1061 4155 1145 4225 lum;
1161 4169 1266 4212 verum
1287 4169 1343 4227 ago
1357 4155 1497 4212 credulus
1511 4156 1654 4231 profiteor
1667 4159 1754 4216 tacite
1771 4164 1893 4234 praeter-

177 4251 257 4309 nitus
271 4250 408 4309 abscissa
420 4253 473 4306 est.
490 4247 572 4304 Docti
585 4247 665 4303 enim
676 4245 818 4303 credendi
831 4249 900 4302 sunt
910 4244 1009 4318 potius
1025 4299 1047 4354 D
1062 4244 1190 4301 missum
1202 4259 1295 4300 causa
1305 4243 1434 4315 junioris
1448 4245 1542 4302 aiath
1555 4250 1630 4316 tue;
1645 4263 1715 4304 oum
1725 4253 1754 4305 et
1768 4248 1800 4304 in
1811 4250 1894 4305 vete·

177 4356 270 4415 quam
283 4340 403 4411 vulgus,
420 4353 476 4394 nac
491 4336 597 4393 doctus
612 4333 748 4392 assentiri
763 4334 853 4391 debet
864 4333 1012 4408 opinioni·
1062 4334 1089 4391 ri
1102 4336 1302 4391 instrumento
1320 4349 1381 4390 non
1402 4339 1633 4393 numerarentur
1653 4336 1894 4408 dabreiamin

177 4430 235 4488 bus
251 4429 343 4500 vulgi,
360 4427 413 4484 sed
424 4425 533 4497 vulgus
548 4423 683 4480 assentiri
698 4422 801 4480 oribus
821 4423 911 4479 docti
927 4420 1010 4480 nocti
1063 4421 1167 4492 viginti
1179 4421 1266 4478 annis
1276 4426 1305 4480 et
1319 4439 1421 4496 supra.
1432 4423 1525 4494 Fides,
1538 4441 1607 4499 spes
1618 4425 1895 4483 etcharitasmeurn

178 4521 258 4578 enim
272 4516 429 4589 fulgebunt
449 4519 482 4571 ut
496 4512 638 4588 splendor
653 4510 844 4580 firmamenti,
861 4510 954 4584 etqui
969 4511 1010 4568 ad
1064 4509 1244 4567 comitantur
1264 4511 1295 4568 in
1321 4511 1417 4569 ardua
1441 4529 1588 4586 gressum,
1604 4515 1678 4574 dum
1699 4515 1789 4573 credo
1810 4532 1896 4590 quoe.

174 4606 320 4681 justitiam
342 4601 482 4660 erudiunt
506 4601 616 4658 multos
640 4600 727 4675 qnasi
752 4598 843 4656 stelle
856 4599 887 4655 in
902 4613 1010 4673 perpe·
1064 4615 1183 4674 cunque
1198 4602 1300 4658 Petrus
1313 4617 1332 4659 a
1346 4601 1461 4661 Christo
1484 4609 1594 4662 secrete
1607 4609 1719 4663 etcum
1733 4605 1896 4663 duodecim

176 4701 244 4753 tuas
261 4691 446 4750 eternitates.
468 4694 656 4765 Quapropter
676 4691 754 4748 banc
775 4689 922 4762 justitiam
946 4704 1009 4746 non
1064 4688 1216 4761 audiebat,
1232 4695 1259 4748 te
1272 4707 1395 4766 quoque
1409 4709 1463 4767 per
1476 4693 1618 4752 eumdem
1632 4697 1752 4752 Petrum
1767 4698 1838 4753 tune
1855 4695 1897 4752 si.

175 4785 206 4840 in
222 4797 335 4840 vanum
349 4780 488 4838 ducimus
504 4779 677 4854 predicare.
690 4777 818 4851 vestigia
832 4778 913 4835 enim
928 4777 1009 4837 Chri·
1063 4777 1127 4836 mili
1140 4778 1233 4838 modo
1248 4780 1380 4852 audisse,
1395 4787 1424 4840 et
1440 4782 1509 4840 ideo
1524 4783 1663 4856 gentibus
1683 4787 1710 4841 te
1725 4784 1898 4844 fiducialius

178 4871 213 4930 sti
237 4871 329 4930 secuti
353 4875 423 4929 sunt
446 4870 561 4945 priores
584 4867 732 4943 apostoli;
758 4873 828 4943 post
842 4867 1006 4943 apostolos,
1064 4868 1212 4927 Christum
1226 4869 1418 4944 praedicasse,
1434 4875 1463 4929 at
1482 4886 1536 4945 per
1560 4875 1587 4928 te
1614 4871 1733 4943 gaudeo
1756 4873 1787 4931 in
1801 4875 1898 4933 Deum

177 4967 343 5038 martyres3
367 4965 435 5036 post
451 4963 609 5033 martyres,
626 4959 832 5030 contessores3
858 4960 927 5033 post
940 4973 1010 5014 con·
1063 4956 1196 5015 similiter
1205 4958 1336 5028 credere,
1346 4973 1512 5032 omnesque
1524 4958 1652 5017 hareses
1660 4961 1899 5034 respuere,dum

176 5053 313 5124 tessares,
329 5051 476 5124 virgines3
501 5053 570 5125 post
583 5048 721 5122 virgines,
745 5049 864 5118 vidue,
887 5051 956 5122 post
969 5046 1010 5105 vi-
1063 5063 1151 5122 spero
1171 5063 1227 5122 per
1250 5052 1278 5106 te
1304 5047 1344 5106 ad
1357 5047 1505 5106 visionem
1528 5063 1655 5105 summes
1675 5049 1823 5109 trinitatis
1847 5066 1899 5108 mc

175 5145 262 5214 duas,
276 5143 470 5200 continentes.
487 5143 564 5209 Quot
584 5155 655 5197 vero
679 5137 813 5215 episcopi
836 5137 1006 5207 orthodoxi,
1062 5140 1287 5212 perventurum,
1303 5141 1332 5195 et
1355 5137 1422 5210 ipsa
1444 5137 1615 5212 perenniter
1636 5137 1807 5211 fruiturum,
1822 5140 1900 5198 dum

176 5236 251 5308 quot
273 5234 371 5288 Patres
393 5229 540 5300 catholici,
556 5234 631 5304 quot
643 5227 764 5286 litterati
779 5227 895 5285 lumina
912 5226 1009 5284 Eccle-
1063 5241 1117 5300 per
1138 5229 1166 5284 te
1188 5225 1309 5283 charius
1332 5229 1361 5282 et
1383 5225 1537 5284 ardentius
1561 5225 1654 5300 diligo
1678 5229 1840 5288 Dominum
1854 5233 1901 5288 is.

175 5322 226 5378 siae
250 5325 319 5378 ante
344 5335 400 5377 nos
421 5319 517 5377 Vitam
542 5317 679 5376 Martialis
699 5316 839 5389 legebant
854 5321 883 5374 et
907 5317 1008 5375 crade-
1063 5331 1132 5372 sum
1155 5313 1312 5372 Christum.
1330 5313 1508 5389 Quicunque
1529 5333 1548 5374 a
1571 5333 1620 5374 me
1642 5317 1706 5376 vult
1723 5317 1840 5377 auterre
1866 5325 1903 5380 ut

174 5411 258 5480 bant,
274 5410 341 5467 lieet
369 5409 393 5465 si
412 5407 619 5479 intelligerent,
633 5407 749 5465 desidia
762 5408 916 5464 tacerent?
931 5408 1009 5473 Quat
1063 5407 1090 5459 te
1105 5403 1195 5460 corde
1208 5419 1270 5460 non
1285 5403 1418 5474 credam,
1433 5409 1462 5462 et
1476 5421 1527 5464 ore
1540 5406 1685 5466 confitear
1700 5405 1807 5466 Christi
1826 5424 1902 5483 apo·

175 5501 282 5560 eruditi
308 5502 377 5558 ante
405 5514 461 5555 nos
491 5499 522 5554 in
550 5504 713 5573 conspectu
739 5497 790 5554 liei
815 5497 1005 5555 cecinerunt:
1064 5493 1184 5562 stolum,
1201 5492 1318 5550 auterre
1332 5493 1429 5553 vulta
1444 5511 1493 5554 me
1506 5496 1611 5570 fidem,
1625 5511 1711 5572 spem
1725 5501 1753 5554 et
1772 5498 1901 5556 abarita-

173 5589 197 5644 0
218 5605 309 5666 qaam
324 5588 471 5662 gloriosus
485 5594 528 5647 est
547 5588 631 5646 mites
646 5589 827 5660 fortissimas
842 5585 1005 5653 Martialis,
1065 5587 1136 5656 tem,
1146 5582 1209 5640 sine
1224 5583 1337 5658 quibus
1354 5597 1444 5646 nemo
1458 5585 1561 5648 salvus
1576 5603 1643 5646 asse
1650 5587 1759 5661 poterit
1769 5587 1801 5646 in
1814 5593 1901 5648 atar-
