<?xml version="1.0" encoding="UTF-8"?>
<!DOCTYPE html PUBLIC "-//W3C//DTD XHTML 1.0 Transitional//EN"
    "http://www.w3.org/TR/xhtml1/DTD/xhtml1-transitional.dtd">
<html xmlns="http://www.w3.org/1999/xhtml" xml:lang="en" lang="en">
 <head>
  <title>
</title>
<meta http-equiv="Content-Type" content="text/html;charset=utf-8" />
  <meta name='ocr-system' content='tesseract 3.04.00' />
  <meta name='ocr-capabilities' content='ocr_page ocr_carea ocr_par ocr_line ocrx_word'/>
</head>
<body>
  <div class='ocr_page' id='page_1' title='image "./patrologiaecurs127unkngoog_0155.png"; bbox 0 0 4006 6176; ppageno 0'>
   <div class='ocr_carea' id='block_1_1' title="bbox 141 155 1874 246">
    <p class='ocr_par' dir='ltr' id='par_1_1' title="bbox 141 155 1874 246">
     <span class='ocr_line' id='line_1_1' title="bbox 141 155 1874 246; baseline 0.024 -41"><span class='ocrx_word' id='word_1_1' title='bbox 141 157 198 212; x_wconf 72' lang='lat' dir='ltr'><strong>m</strong></span> <span class='ocrx_word' id='word_1_2' title='bbox 609 155 819 216; x_wconf 70' lang='lat' dir='ltr'><strong>meilros</strong></span> <span class='ocrx_word' id='word_1_3' title='bbox 838 157 873 214; x_wconf 77' lang='lat' dir='ltr'><strong>nt</strong></span> <span class='ocrx_word' id='word_1_4' title='bbox 890 155 993 216; x_wconf 67' lang='lat' dir='ltr'><strong>ms.</strong></span> <span class='ocrx_word' id='word_1_5' title='bbox 1012 161 1025 217; x_wconf 88' lang='lat' dir='ltr'><strong>l</strong></span> <span class='ocrx_word' id='word_1_6' title='bbox 1041 162 1123 220; x_wconf 77' lang='lat' dir='ltr'><strong>CAP.</strong></span> <span class='ocrx_word' id='word_1_7' title='bbox 1143 165 1189 222; x_wconf 77' lang='lat' dir='ltr'><strong>xil</strong></span> <span class='ocrx_word' id='word_1_8' title='bbox 1206 169 1282 226; x_wconf 72' lang='lat' dir='ltr'><strong>AC‘l&#39;.</strong></span> <span class='ocrx_word' id='word_1_9' title='bbox 1303 173 1426 231; x_wconf 73' lang='lat' dir='ltr'><strong>aresi.</strong></span> <span class='ocrx_word' id='word_1_10' title='bbox 1821 193 1874 246; x_wconf 70' lang='lat'><strong>3⁰2</strong></span> 
     </span>
    </p>
   </div>
   <div class='ocr_carea' id='block_1_2' title="bbox 138 275 1877 470">
    <p class='ocr_par' dir='ltr' id='par_1_2' title="bbox 138 275 1877 470">
     <span class='ocr_line' id='line_1_2' title="bbox 138 275 1876 380; baseline 0.021 -51"><span class='ocrx_word' id='word_1_11' title='bbox 138 275 360 377; x_wconf 75' lang='lat' dir='ltr'><strong>stsccnndurs</strong></span> <span class='ocrx_word' id='word_1_12' title='bbox 383 275 634 378; x_wconf 67' lang='lat' dir='ltr'><strong>quatmnlonem,</strong></span> <span class='ocrx_word' id='word_1_13' title='bbox 651 283 854 354; x_wconf 67' lang='lat' dir='ltr'><strong>wommquc</strong></span> <span class='ocrx_word' id='word_1_14' title='bbox 878 280 988 339; x_wconf 75' lang='lat' dir='ltr'><strong>utilitas</strong></span> <span class='ocrx_word' id='word_1_15' title='bbox 1008 286 1243 346; x_wconf 80' lang='lat' dir='ltr'><strong>Anibilominus</strong></span> <span class='ocrx_word' id='word_1_16' title='bbox 1256 295 1455 354; x_wconf 74' lang='lat' dir='ltr'><strong>benecantur.</strong></span> <span class='ocrx_word' id='word_1_17' title='bbox 1471 297 1607 357; x_wconf 73' lang='lat' dir='ltr'><strong>nansia</strong></span> <span class='ocrx_word' id='word_1_18' title='bbox 1632 301 1734 378; x_wconf 84' lang='lat' dir='ltr'><strong>itaque</strong></span> <span class='ocrx_word' id='word_1_19' title='bbox 1759 308 1876 380; x_wconf 89' lang='lat' dir='ltr'><strong>pudore</strong></span> 
     </span>
     <span class='ocr_line' id='line_1_3' title="bbox 138 365 1877 470; baseline 0.018 -47"><span class='ocrx_word' id='word_1_20' title='bbox 138 383 272 424; x_wconf 73' lang='lat' dir='ltr'><strong>muman</strong></span> <span class='ocrx_word' id='word_1_21' title='bbox 287 366 478 436; x_wconf 81' lang='lat' dir='ltr'><strong>ccnmbmus,</strong></span> <span class='ocrx_word' id='word_1_22' title='bbox 503 372 537 425; x_wconf 89' lang='lat' dir='ltr'><strong>ut</strong></span> <span class='ocrx_word' id='word_1_23' title='bbox 550 365 683 440; x_wconf 76' lang='lat' dir='ltr'><strong>qualiter</strong></span> <span class='ocrx_word' id='word_1_24' title='bbox 707 371 741 428; x_wconf 89' lang='lat' dir='ltr'><strong>in</strong></span> <span class='ocrx_word' id='word_1_25' title='bbox 759 372 841 428; x_wconf 86' lang='lat' dir='ltr'><strong>banc</strong></span> <span class='ocrx_word' id='word_1_26' title='bbox 855 370 990 444; x_wconf 84' lang='lat' dir='ltr'><strong>primam</strong></span> <span class='ocrx_word' id='word_1_27' title='bbox 1044 375 1253 452; x_wconf 79' lang='lat' dir='ltr'><strong>ooniesa&#39;onis,</strong></span> <span class='ocrx_word' id='word_1_28' title='bbox 1272 397 1358 440; x_wconf 90' lang='lat' dir='ltr'><strong>amor</strong></span> <span class='ocrx_word' id='word_1_29' title='bbox 1372 399 1494 460; x_wconf 88' lang='lat' dir='ltr'><strong>quoque</strong></span> <span class='ocrx_word' id='word_1_30' title='bbox 1515 387 1651 460; x_wconf 86' lang='lat' dir='ltr'><strong>privatus</strong></span> <span class='ocrx_word' id='word_1_31' title='bbox 1675 394 1786 466; x_wconf 85' lang='lat' dir='ltr'><strong>pariter</strong></span> <span class='ocrx_word' id='word_1_32' title='bbox 1810 413 1877 470; x_wconf 89' lang='lat' dir='ltr'><strong>per-</strong></span> 
     </span>
    </p>
   </div>
   <div class='ocr_carea' id='block_1_3' title="bbox 134 455 1886 5724">
    <p class='ocr_par' dir='ltr' id='par_1_3' title="bbox 134 455 1880 2240">
     <span class='ocr_line' id='line_1_4' title="bbox 138 455 1877 552; baseline 0.017 -38"><span class='ocrx_word' id='word_1_33' title='bbox 138 455 990 532; x_wconf 80' lang='lat' dir='ltr'><strong>custediam-peritereonvenisnt,monstreremus.llnnc</strong></span> <span class='ocrx_word' id='word_1_34' title='bbox 1044 465 1209 538; x_wconf 59' lang='lat' dir='ltr'><strong>tanetum</strong></span> <span class='ocrx_word' id='word_1_35' title='bbox 1233 469 1306 543; x_wconf 85' lang='lat' dir='ltr'><strong>qnia</strong></span> <span class='ocrx_word' id='word_1_36' title='bbox 1324 472 1469 531; x_wconf 90' lang='lat' dir='ltr'><strong>nimirum</strong></span> <span class='ocrx_word' id='word_1_37' title='bbox 1493 476 1660 552; x_wconf 88' lang='lat' dir='ltr'><strong>suiipsius</strong></span> <span class='ocrx_word' id='word_1_38' title='bbox 1684 482 1877 543; x_wconf 82' lang='lat' dir='ltr'><strong>adversarius</strong></span> 
     </span>
     <span class='ocr_line' id='line_1_5' title="bbox 134 548 1877 639; baseline 0.017 -36"><span class='ocrx_word' id='word_1_39' title='bbox 134 548 236 606; x_wconf 81' lang='lat' dir='ltr'><strong>etiam</strong></span> <span class='ocrx_word' id='word_1_40' title='bbox 247 561 303 620; x_wconf 85' lang='lat' dir='ltr'><strong>per</strong></span> <span class='ocrx_word' id='word_1_41' title='bbox 316 548 398 607; x_wconf 82' lang='lat' dir='ltr'><strong>bano</strong></span> <span class='ocrx_word' id='word_1_42' title='bbox 412 548 542 622; x_wconf 69' lang='lat' dir='ltr'><strong>pflmam</strong></span> <span class='ocrx_word' id='word_1_43' title='bbox 556 548 736 608; x_wconf 78' lang='lat' dir='ltr'><strong>custodiam</strong></span> <span class='ocrx_word' id='word_1_44' title='bbox 750 550 890 625; x_wconf 85' lang='lat' dir='ltr'><strong>qualiter,</strong></span> <span class='ocrx_word' id='word_1_45' title='bbox 908 551 990 612; x_wconf 87' lang='lat' dir='ltr'><strong>duce</strong></span> <span class='ocrx_word' id='word_1_46' title='bbox 1042 554 1178 627; x_wconf 83' lang='lat' dir='ltr'><strong>efficitur,</strong></span> <span class='ocrx_word' id='word_1_47' title='bbox 1194 558 1269 616; x_wconf 90' lang='lat' dir='ltr'><strong>dum</strong></span> <span class='ocrx_word' id='word_1_48' title='bbox 1289 561 1395 636; x_wconf 77' lang='lat' dir='ltr'>culpas</span> <span class='ocrx_word' id='word_1_49' title='bbox 1408 579 1481 621; x_wconf 87' lang='lat' dir='ltr'><strong>snas</strong></span> <span class='ocrx_word' id='word_1_50' title='bbox 1496 565 1648 639; x_wconf 71' lang='lat' dir='ltr'><strong>detegens,</strong></span> <span class='ocrx_word' id='word_1_51' title='bbox 1678 571 1791 630; x_wconf 84' lang='lat' dir='ltr'><strong>salubri</strong></span> <span class='ocrx_word' id='word_1_52' title='bbox 1805 575 1877 633; x_wconf 90' lang='lat' dir='ltr'><strong>odio</strong></span> 
     </span>
     <span class='ocr_line' id='line_1_6' title="bbox 138 637 1877 737; baseline 0.017 -45"><span class='ocrx_word' id='word_1_53' title='bbox 138 637 267 709; x_wconf 74' lang='lat' dir='ltr'><strong>angelo,</strong></span> <span class='ocrx_word' id='word_1_54' title='bbox 295 643 437 712; x_wconf 72' lang='lat' dir='ltr'><strong>psecmor</strong></span> <span class='ocrx_word' id='word_1_55' title='bbox 466 643 598 696; x_wconf 73' lang='lat' dir='ltr'><strong>maest</strong></span> <span class='ocrx_word' id='word_1_56' title='bbox 624 640 844 699; x_wconf 77' lang='lat' dir='ltr'><strong>ostendamus</strong></span> <span class='ocrx_word' id='word_1_57' title='bbox 884 644 990 716; x_wconf 85' lang='lat' dir='ltr'><strong>ltaque</strong></span> <span class='ocrx_word' id='word_1_58' title='bbox 1043 644 1214 706; x_wconf 84' lang='lat' dir='ltr'><strong>insectatur.</strong></span> <span class='ocrx_word' id='word_1_59' title='bbox 1235 651 1372 709; x_wconf 72' lang='lat' dir='ltr'><strong>transita</strong></span> <span class='ocrx_word' id='word_1_60' title='bbox 1394 652 1576 725; x_wconf 75' lang='lat' dir='ltr'>levigatione</span> <span class='ocrx_word' id='word_1_61' title='bbox 1600 660 1706 734; x_wconf 69' lang='lat' dir='ltr'><strong>culpes,</strong></span> <span class='ocrx_word' id='word_1_62' title='bbox 1726 663 1877 737; x_wconf 74' lang='lat' dir='ltr'><strong>appetitus</strong></span> 
     </span>
     <span class='ocr_line' id='line_1_7' title="bbox 141 727 1878 823; baseline 0.014 -37"><span class='ocrx_word' id='word_1_63' title='bbox 141 727 273 786; x_wconf 65' lang='lat' dir='ltr'><strong>masiis</strong></span> <span class='ocrx_word' id='word_1_64' title='bbox 296 728 443 802; x_wconf 84' lang='lat' dir='ltr'><strong>peccandi</strong></span> <span class='ocrx_word' id='word_1_65' title='bbox 464 728 583 798; x_wconf 77' lang='lat' dir='ltr'><strong>affectu,</strong></span> <span class='ocrx_word' id='word_1_66' title='bbox 607 728 807 801; x_wconf 79' lang='lat' dir='ltr'><strong>proismdum</strong></span> <span class='ocrx_word' id='word_1_67' title='bbox 836 730 990 790; x_wconf 86' lang='lat' dir='ltr'><strong>malorum</strong></span> <span class='ocrx_word' id='word_1_68' title='bbox 1043 750 1165 809; x_wconf 90' lang='lat' dir='ltr'><strong>quoque</strong></span> <span class='ocrx_word' id='word_1_69' title='bbox 1198 736 1287 795; x_wconf 84' lang='lat' dir='ltr'><strong>lemae</strong></span> <span class='ocrx_word' id='word_1_70' title='bbox 1315 740 1427 813; x_wconf 87' lang='lat' dir='ltr'><strong>pariter</strong></span> <span class='ocrx_word' id='word_1_71' title='bbox 1453 747 1673 817; x_wconf 63' lang='lat' dir='ltr'><strong>remanetur,</strong></span> <span class='ocrx_word' id='word_1_72' title='bbox 1702 751 1775 823; x_wconf 87' lang='lat' dir='ltr'><strong>quia</strong></span> <span class='ocrx_word' id='word_1_73' title='bbox 1802 751 1878 810; x_wconf 90' lang='lat' dir='ltr'><strong>dnm</strong></span> 
     </span>
     <span class='ocr_line' id='line_1_8' title="bbox 141 817 1878 914; baseline 0.015 -41"><span class='ocrx_word' id='word_1_74' title='bbox 141 817 312 886; x_wconf 61' lang='lat' dir='ltr'><strong>metm</strong></span> <span class='ocrx_word' id='word_1_75' title='bbox 327 817 401 891; x_wconf 78' lang='lat' dir='ltr'><strong>quia</strong></span> <span class='ocrx_word' id='word_1_76' title='bbox 412 817 543 892; x_wconf 82' lang='lat' dir='ltr'><strong>proiecto</strong></span> <span class='ocrx_word' id='word_1_77' title='bbox 556 822 691 891; x_wconf 58' lang='lat' dir='ltr'><strong>mecam</strong></span> <span class='ocrx_word' id='word_1_78' title='bbox 714 820 915 895; x_wconf 78' lang='lat' dir='ltr'><strong>multiplicare</strong></span> <span class='ocrx_word' id='word_1_79' title='bbox 934 821 989 882; x_wconf 85' lang='lat' dir='ltr'><strong>ite-</strong></span> <span class='ocrx_word' id='word_1_80' title='bbox 1042 829 1160 882; x_wconf 73' lang='lat' dir='ltr'><strong>matrim</strong></span> <span class='ocrx_word' id='word_1_81' title='bbox 1176 843 1265 884; x_wconf 90' lang='lat' dir='ltr'><strong>sunm</strong></span> <span class='ocrx_word' id='word_1_82' title='bbox 1279 829 1343 902; x_wconf 88' lang='lat' dir='ltr'><strong>ipse</strong></span> <span class='ocrx_word' id='word_1_83' title='bbox 1360 830 1418 888; x_wconf 91' lang='lat' dir='ltr'><strong>sibi</strong></span> <span class='ocrx_word' id='word_1_84' title='bbox 1433 840 1587 904; x_wconf 76' lang='lat' dir='ltr'><strong>aggravat,</strong></span> <span class='ocrx_word' id='word_1_85' title='bbox 1610 839 1670 894; x_wconf 82' lang='lat' dir='ltr'><strong>Dec</strong></span> <span class='ocrx_word' id='word_1_86' title='bbox 1685 839 1741 895; x_wconf 88' lang='lat' dir='ltr'><strong>soli</strong></span> <span class='ocrx_word' id='word_1_87' title='bbox 1759 839 1878 914; x_wconf 82' lang='lat' dir='ltr'><strong>placere</strong></span> 
     </span>
     <span class='ocr_line' id='line_1_9' title="bbox 139 905 1877 989; baseline 0.018 -32"><span class='ocrx_word' id='word_1_88' title='bbox 139 905 245 962; x_wconf 70' lang='lat' dir='ltr'><strong>raudo</strong></span> <span class='ocrx_word' id='word_1_89' title='bbox 265 921 331 962; x_wconf 86' lang='lat' dir='ltr'><strong>non</strong></span> <span class='ocrx_word' id='word_1_90' title='bbox 351 905 511 980; x_wconf 79' lang='lat' dir='ltr'><strong>potestqui</strong></span> <span class='ocrx_word' id='word_1_91' title='bbox 532 905 689 980; x_wconf 85' lang='lat' dir='ltr'><strong>peccandi</strong></span> <span class='ocrx_word' id='word_1_92' title='bbox 712 909 899 967; x_wconf 76' lang='lat' dir='ltr'><strong>voluntatem</strong></span> <span class='ocrx_word' id='word_1_93' title='bbox 925 927 989 971; x_wconf 85' lang='lat' dir='ltr'><strong>non</strong></span> <span class='ocrx_word' id='word_1_94' title='bbox 1043 915 1186 985; x_wconf 79' lang='lat' dir='ltr'><strong>gestiens,</strong></span> <span class='ocrx_word' id='word_1_95' title='bbox 1199 917 1238 974; x_wconf 88' lang='lat' dir='ltr'><strong>de</strong></span> <span class='ocrx_word' id='word_1_96' title='bbox 1251 917 1487 980; x_wconf 81' lang='lat' dir='ltr'><strong>temnenteriori</strong></span> <span class='ocrx_word' id='word_1_97' title='bbox 1502 939 1564 982; x_wconf 91' lang='lat' dir='ltr'><strong>non</strong></span> <span class='ocrx_word' id='word_1_98' title='bbox 1579 931 1674 984; x_wconf 85' lang='lat' dir='ltr'><strong>curat.</strong></span> <span class='ocrx_word' id='word_1_99' title='bbox 1689 929 1823 988; x_wconf 77' lang='lat' dir='ltr'><strong>Transito</strong></span> <span class='ocrx_word' id='word_1_100' title='bbox 1837 931 1877 989; x_wconf 94' lang='lat' dir='ltr'><strong>ri-</strong></span> 
     </span>
     <span class='ocr_line' id='line_1_10' title="bbox 138 995 1878 1092; baseline 0.014 -40"><span class='ocrx_word' id='word_1_101' title='bbox 138 995 250 1052; x_wconf 78' lang='lat' dir='ltr'><strong>babct.</strong></span> <span class='ocrx_word' id='word_1_102' title='bbox 270 997 408 1054; x_wconf 70' lang='lat' dir='ltr'><strong>nansia</strong></span> <span class='ocrx_word' id='word_1_103' title='bbox 417 996 620 1054; x_wconf 82' lang='lat' dir='ltr'><strong>recordatione</strong></span> <span class='ocrx_word' id='word_1_104' title='bbox 633 999 801 1070; x_wconf 72' lang='lat' dir='ltr'><strong>preeunte</strong></span> <span class='ocrx_word' id='word_1_105' title='bbox 810 999 987 1075; x_wconf 81' lang='lat' dir='ltr'><strong>voluptatis,</strong></span> <span class='ocrx_word' id='word_1_106' title='bbox 1042 1019 1115 1074; x_wconf 78' lang='lat' dir='ltr'><strong>gore</strong></span> <span class='ocrx_word' id='word_1_107' title='bbox 1129 1005 1322 1078; x_wconf 74' lang='lat' dir='ltr'><strong>penitentie,</strong></span> <span class='ocrx_word' id='word_1_108' title='bbox 1343 1009 1543 1082; x_wconf 75' lang='lat' dir='ltr'><strong>longevitatis</strong></span> <span class='ocrx_word' id='word_1_109' title='bbox 1568 1031 1692 1090; x_wconf 87' lang='lat' dir='ltr'><strong>quoque</strong></span> <span class='ocrx_word' id='word_1_110' title='bbox 1714 1019 1878 1092; x_wconf 81' lang='lat' dir='ltr'><strong>promissio</strong></span> 
     </span>
     <span class='ocr_line' id='line_1_11' title="bbox 141 1087 1879 1180; baseline 0.014 -38"><span class='ocrx_word' id='word_1_111' title='bbox 141 1089 340 1158; x_wconf 68' lang='lat' dir='ltr'><strong>cenmmptus</strong></span> <span class='ocrx_word' id='word_1_112' title='bbox 364 1102 486 1160; x_wconf 88' lang='lat' dir='ltr'><strong>quoque</strong></span> <span class='ocrx_word' id='word_1_113' title='bbox 512 1087 624 1160; x_wconf 85' lang='lat' dir='ltr'><strong>pariter</strong></span> <span class='ocrx_word' id='word_1_114' title='bbox 647 1090 875 1161; x_wconf 75' lang='lat' dir='ltr'><strong>pertransiisse-3</strong></span> <span class='ocrx_word' id='word_1_115' title='bbox 902 1093 988 1166; x_wconf 86' lang='lat' dir='ltr'><strong>quia,</strong></span> <span class='ocrx_word' id='word_1_116' title='bbox 1039 1094 1154 1168; x_wconf 84' lang='lat' dir='ltr'><strong>pariter</strong></span> <span class='ocrx_word' id='word_1_117' title='bbox 1172 1098 1388 1170; x_wconf 81' lang='lat' dir='ltr'><strong>pertransitur3</strong></span> <span class='ocrx_word' id='word_1_118' title='bbox 1405 1100 1487 1174; x_wconf 85' lang='lat' dir='ltr'><strong>quie,</strong></span> <span class='ocrx_word' id='word_1_119' title='bbox 1500 1102 1676 1161; x_wconf 88' lang='lat' dir='ltr'><strong>dumillnm</strong></span> <span class='ocrx_word' id='word_1_120' title='bbox 1688 1107 1879 1180; x_wconf 82' lang='lat' dir='ltr'><strong>quemoticn-</strong></span> 
     </span>
     <span class='ocr_line' id='line_1_12' title="bbox 141 1173 1878 1264; baseline 0.016 -33"><span class='ocrx_word' id='word_1_121' title='bbox 141 1173 223 1232; x_wconf 88' lang='lat' dir='ltr'><strong>dum</strong></span> <span class='ocrx_word' id='word_1_122' title='bbox 238 1189 294 1248; x_wconf 85' lang='lat' dir='ltr'><strong>per</strong></span> <span class='ocrx_word' id='word_1_123' title='bbox 305 1174 489 1234; x_wconf 67' lang='lat' dir='ltr'><strong>laudabilem</strong></span> <span class='ocrx_word' id='word_1_124' title='bbox 500 1175 695 1234; x_wconf 64' lang='lat' dir='ltr'><strong>ommonem</strong></span> <span class='ocrx_word' id='word_1_125' title='bbox 715 1181 883 1238; x_wconf 68' lang='lat' dir='ltr'><strong>mancias</strong></span> <span class='ocrx_word' id='word_1_126' title='bbox 907 1181 988 1240; x_wconf 88' lang='lat' dir='ltr'><strong>dele·</strong></span> <span class='ocrx_word' id='word_1_127' title='bbox 1040 1184 1085 1241; x_wconf 89' lang='lat' dir='ltr'><strong>dit</strong></span> <span class='ocrx_word' id='word_1_128' title='bbox 1095 1184 1218 1258; x_wconf 84' lang='lat' dir='ltr'><strong>placare</strong></span> <span class='ocrx_word' id='word_1_129' title='bbox 1230 1186 1317 1244; x_wconf 88' lang='lat' dir='ltr'><strong>eitius</strong></span> <span class='ocrx_word' id='word_1_130' title='bbox 1328 1189 1525 1264; x_wconf 73' lang='lat' dir='ltr'><strong>concupiscit,</strong></span> <span class='ocrx_word' id='word_1_131' title='bbox 1535 1193 1712 1262; x_wconf 76' lang='lat' dir='ltr'><strong>seductorie</strong></span> <span class='ocrx_word' id='word_1_132' title='bbox 1727 1197 1878 1257; x_wconf 70' lang='lat' dir='ltr'><strong>dilationis</strong></span> 
     </span>
     <span class='ocr_line' id='line_1_13' title="bbox 140 1263 1878 1365; baseline 0.016 -46"><span class='ocrx_word' id='word_1_133' title='bbox 140 1263 295 1320; x_wconf 77' lang='lat' dir='ltr'><strong>ctstiones</strong></span> <span class='ocrx_word' id='word_1_134' title='bbox 308 1279 326 1320; x_wconf 91' lang='lat' dir='ltr'><strong>a</strong></span> <span class='ocrx_word' id='word_1_135' title='bbox 337 1280 395 1321; x_wconf 86' lang='lat' dir='ltr'><strong>sua</strong></span> <span class='ocrx_word' id='word_1_136' title='bbox 409 1269 505 1322; x_wconf 86' lang='lat' dir='ltr'><strong>mente</strong></span> <span class='ocrx_word' id='word_1_137' title='bbox 516 1264 672 1334; x_wconf 78' lang='lat' dir='ltr'><strong>obliterat,</strong></span> <span class='ocrx_word' id='word_1_138' title='bbox 682 1266 723 1323; x_wconf 86' lang='lat' dir='ltr'><strong>ad</strong></span> <span class='ocrx_word' id='word_1_139' title='bbox 737 1283 807 1325; x_wconf 80' lang='lat' dir='ltr'><strong>arrm</strong></span> <span class='ocrx_word' id='word_1_140' title='bbox 820 1269 874 1342; x_wconf 90' lang='lat' dir='ltr'><strong>qni</strong></span> <span class='ocrx_word' id='word_1_141' title='bbox 888 1287 920 1328; x_wconf 88' lang='lat' dir='ltr'><strong>se</strong></span> <span class='ocrx_word' id='word_1_142' title='bbox 932 1271 988 1328; x_wconf 85' lang='lat' dir='ltr'><strong>diu</strong></span> <span class='ocrx_word' id='word_1_143' title='bbox 1041 1274 1181 1332; x_wconf 78' lang='lat' dir='ltr'><strong>inducias</strong></span> <span class='ocrx_word' id='word_1_144' title='bbox 1193 1291 1255 1334; x_wconf 92' lang='lat' dir='ltr'><strong>non</strong></span> <span class='ocrx_word' id='word_1_145' title='bbox 1263 1279 1540 1340; x_wconf 81' lang='lat' dir='ltr'><strong>admittit&#39;rransito</strong></span> <span class='ocrx_word' id='word_1_146' title='bbox 1550 1287 1672 1358; x_wconf 91' lang='lat' dir='ltr'><strong>torpore</strong></span> <span class='ocrx_word' id='word_1_147' title='bbox 1679 1285 1878 1365; x_wconf 76' lang='lat' dir='ltr'><strong>negligentia,</strong></span> 
     </span>
     <span class='ocr_line' id='line_1_14' title="bbox 142 1353 1878 1448; baseline 0.014 -39"><span class='ocrx_word' id='word_1_148' title='bbox 142 1353 295 1425; x_wconf 75' lang='lat' dir='ltr'><strong>idersvil,</strong></span> <span class='ocrx_word' id='word_1_149' title='bbox 311 1353 399 1410; x_wconf 77' lang='lat' dir='ltr'><strong>dnus</strong></span> <span class='ocrx_word' id='word_1_150' title='bbox 412 1354 505 1412; x_wconf 88' lang='lat' dir='ltr'><strong>redire</strong></span> <span class='ocrx_word' id='word_1_151' title='bbox 523 1355 700 1428; x_wconf 82' lang='lat' dir='ltr'><strong>postposito</strong></span> <span class='ocrx_word' id='word_1_152' title='bbox 714 1363 891 1433; x_wconf 81' lang='lat' dir='ltr'><strong>contemptu</strong></span> <span class='ocrx_word' id='word_1_153' title='bbox 906 1360 987 1420; x_wconf 84' lang='lat' dir='ltr'><strong>festi-</strong></span> <span class='ocrx_word' id='word_1_154' title='bbox 1041 1369 1140 1420; x_wconf 89' lang='lat' dir='ltr'><strong>metus</strong></span> <span class='ocrx_word' id='word_1_155' title='bbox 1154 1380 1277 1440; x_wconf 79' lang='lat' dir='ltr'><strong>qnoque</strong></span> <span class='ocrx_word' id='word_1_156' title='bbox 1291 1369 1522 1442; x_wconf 78' lang='lat' dir='ltr'><strong>perseverantias</strong></span> <span class='ocrx_word' id='word_1_157' title='bbox 1537 1371 1651 1444; x_wconf 89' lang='lat' dir='ltr'><strong>pariter</strong></span> <span class='ocrx_word' id='word_1_158' title='bbox 1662 1376 1878 1448; x_wconf 70' lang='lat' dir='ltr'><strong>pertransitur,</strong></span> 
     </span>
     <span class='ocr_line' id='line_1_15' title="bbox 142 1441 1880 1534; baseline 0.013 -34"><span class='ocrx_word' id='word_1_159' title='bbox 142 1446 209 1500; x_wconf 82' lang='lat' dir='ltr'><strong>nat</strong></span> <span class='ocrx_word' id='word_1_160' title='bbox 238 1441 376 1500; x_wconf 73' lang='lat' dir='ltr'><strong>transita</strong></span> <span class='ocrx_word' id='word_1_161' title='bbox 401 1444 589 1502; x_wconf 69' lang='lat' dir='ltr'><strong>assumtione</strong></span> <span class='ocrx_word' id='word_1_162' title='bbox 616 1443 800 1520; x_wconf 60' lang='lat' dir='ltr'><strong>bannum,</strong></span> <span class='ocrx_word' id='word_1_163' title='bbox 828 1449 988 1508; x_wconf 86' lang='lat' dir='ltr'><strong>obduratio</strong></span> <span class='ocrx_word' id='word_1_164' title='bbox 1042 1453 1126 1526; x_wconf 89' lang='lat' dir='ltr'><strong>quia,</strong></span> <span class='ocrx_word' id='word_1_165' title='bbox 1142 1454 1216 1511; x_wconf 88' lang='lat' dir='ltr'><strong>dum</strong></span> <span class='ocrx_word' id='word_1_166' title='bbox 1232 1455 1357 1514; x_wconf 83' lang='lat' dir='ltr'><strong>ferventi</strong></span> <span class='ocrx_word' id='word_1_167' title='bbox 1370 1457 1479 1532; x_wconf 87' lang='lat' dir='ltr'><strong>spiritu</strong></span> <span class='ocrx_word' id='word_1_168' title='bbox 1488 1457 1554 1534; x_wconf 89' lang='lat' dir='ltr'><strong>ipse</strong></span> <span class='ocrx_word' id='word_1_169' title='bbox 1568 1459 1687 1519; x_wconf 89' lang='lat' dir='ltr'><strong>bonum</strong></span> <span class='ocrx_word' id='word_1_170' title='bbox 1701 1463 1880 1526; x_wconf 78' lang='lat' dir='ltr'><strong>faceretnei-</strong></span> 
     </span>
     <span class='ocr_line' id='line_1_16' title="bbox 141 1530 1878 1621; baseline 0.016 -34"><span class='ocrx_word' id='word_1_171' title='bbox 141 1547 271 1606; x_wconf 84' lang='lat' dir='ltr'><strong>qucque</strong></span> <span class='ocrx_word' id='word_1_172' title='bbox 283 1530 383 1588; x_wconf 83' lang='lat' dir='ltr'><strong>cordis</strong></span> <span class='ocrx_word' id='word_1_173' title='bbox 396 1531 504 1604; x_wconf 79' lang='lat' dir='ltr'><strong>pariter</strong></span> <span class='ocrx_word' id='word_1_174' title='bbox 512 1535 736 1606; x_wconf 83' lang='lat' dir='ltr'><strong>pertransitur;</strong></span> <span class='ocrx_word' id='word_1_175' title='bbox 746 1538 821 1610; x_wconf 88' lang='lat' dir='ltr'><strong>quia</strong></span> <span class='ocrx_word' id='word_1_176' title='bbox 833 1555 903 1595; x_wconf 88' lang='lat' dir='ltr'><strong>cum</strong></span> <span class='ocrx_word' id='word_1_177' title='bbox 918 1540 988 1598; x_wconf 87' lang='lat' dir='ltr'><strong>sub-</strong></span> <span class='ocrx_word' id='word_1_178' title='bbox 1040 1541 1096 1614; x_wconf 89' lang='lat' dir='ltr'><strong>pit,</strong></span> <span class='ocrx_word' id='word_1_179' title='bbox 1108 1557 1147 1598; x_wconf 85' lang='lat' dir='ltr'><strong>ex</strong></span> <span class='ocrx_word' id='word_1_180' title='bbox 1160 1541 1264 1601; x_wconf 72' lang='lat' dir='ltr'><strong>divium</strong></span> <span class='ocrx_word' id='word_1_181' title='bbox 1278 1545 1431 1618; x_wconf 85' lang='lat' dir='ltr'><strong>adjutorio</strong></span> <span class='ocrx_word' id='word_1_182' title='bbox 1444 1546 1503 1603; x_wconf 88' lang='lat' dir='ltr'><strong>boc</strong></span> <span class='ocrx_word' id='word_1_183' title='bbox 1518 1561 1610 1621; x_wconf 90' lang='lat' dir='ltr'><strong>posse</strong></span> <span class='ocrx_word' id='word_1_184' title='bbox 1625 1567 1836 1614; x_wconf 88' lang='lat' dir='ltr'><strong>consummare</strong></span> <span class='ocrx_word' id='word_1_185' title='bbox 1848 1574 1878 1615; x_wconf 89' lang='lat' dir='ltr'><strong>se</strong></span> 
     </span>
     <span class='ocr_line' id='line_1_17' title="bbox 143 1619 1879 1714; baseline 0.016 -38"><span class='ocrx_word' id='word_1_186' title='bbox 143 1619 239 1678; x_wconf 84' lang='lat' dir='ltr'><strong>ducto</strong></span> <span class='ocrx_word' id='word_1_187' title='bbox 249 1619 622 1691; x_wconf 83' lang='lat' dir='ltr'><strong>excusationisrelemine,</strong></span> <span class='ocrx_word' id='word_1_188' title='bbox 631 1625 833 1698; x_wconf 78' lang='lat' dir='ltr'><strong>semetipsum</strong></span> <span class='ocrx_word' id='word_1_189' title='bbox 842 1643 1023 1702; x_wconf 66' lang='lat' dir='ltr'><strong>accusamfl</strong></span> <span class='ocrx_word' id='word_1_190' title='bbox 1042 1633 1210 1703; x_wconf 79' lang='lat' dir='ltr'><strong>presumit.</strong></span> <span class='ocrx_word' id='word_1_191' title='bbox 1228 1633 1289 1691; x_wconf 86' lang='lat' dir='ltr'><strong>Hoc</strong></span> <span class='ocrx_word' id='word_1_192' title='bbox 1303 1635 1406 1709; x_wconf 86' lang='lat' dir='ltr'><strong>itaque</strong></span> <span class='ocrx_word' id='word_1_193' title='bbox 1422 1634 1516 1692; x_wconf 91' lang='lat' dir='ltr'><strong>modo</strong></span> <span class='ocrx_word' id='word_1_194' title='bbox 1528 1637 1575 1694; x_wconf 89' lang='lat' dir='ltr'><strong>isti</strong></span> <span class='ocrx_word' id='word_1_195' title='bbox 1591 1638 1652 1696; x_wconf 89' lang='lat' dir='ltr'><strong>duo</strong></span> <span class='ocrx_word' id='word_1_196' title='bbox 1667 1645 1879 1714; x_wconf 88' lang='lat' dir='ltr'><strong>qnatamiones</strong></span> 
     </span>
     <span class='ocr_line' id='line_1_18' title="bbox 143 1707 1880 1792; baseline 0.017 -29"><span class='ocrx_word' id='word_1_197' title='bbox 143 1709 261 1784; x_wconf 84' lang='lat' dir='ltr'><strong>incipit,</strong></span> <span class='ocrx_word' id='word_1_198' title='bbox 277 1707 445 1778; x_wconf 71' lang='lat' dir='ltr'><strong>confestim,</strong></span> <span class='ocrx_word' id='word_1_199' title='bbox 467 1725 520 1783; x_wconf 89' lang='lat' dir='ltr'><strong>per</strong></span> <span class='ocrx_word' id='word_1_200' title='bbox 541 1717 719 1786; x_wconf 52' lang='lat' dir='ltr'><strong>respectum</strong></span> <span class='ocrx_word' id='word_1_201' title='bbox 744 1713 853 1772; x_wconf 77' lang='lat' dir='ltr'><strong>divine</strong></span> <span class='ocrx_word' id='word_1_202' title='bbox 877 1717 989 1789; x_wconf 58' lang='lat' dir='ltr'><strong>gratie</strong></span> <span class='ocrx_word' id='word_1_203' title='bbox 1043 1733 1115 1776; x_wconf 89' lang='lat' dir='ltr'><strong>cum</strong></span> <span class='ocrx_word' id='word_1_204' title='bbox 1131 1721 1194 1777; x_wconf 87' lang='lat' dir='ltr'><strong>suis</strong></span> <span class='ocrx_word' id='word_1_205' title='bbox 1209 1723 1385 1781; x_wconf 87' lang='lat' dir='ltr'><strong>satellitibus</strong></span> <span class='ocrx_word' id='word_1_206' title='bbox 1398 1723 1429 1780; x_wconf 88' lang='lat' dir='ltr'><strong>in</strong></span> <span class='ocrx_word' id='word_1_207' title='bbox 1439 1726 1610 1785; x_wconf 87' lang='lat' dir='ltr'><strong>secundam</strong></span> <span class='ocrx_word' id='word_1_208' title='bbox 1624 1731 1793 1792; x_wconf 88' lang='lat' dir='ltr'><strong>custodiam</strong></span> <span class='ocrx_word' id='word_1_209' title='bbox 1802 1735 1880 1792; x_wconf 86' lang='lat' dir='ltr'><strong>redi·</strong></span> 
     </span>
     <span class='ocr_line' id='line_1_19' title="bbox 143 1797 1877 1893; baseline 0.016 -39"><span class='ocrx_word' id='word_1_210' title='bbox 143 1798 249 1856; x_wconf 80' lang='lat' dir='ltr'><strong>cordis</strong></span> <span class='ocrx_word' id='word_1_211' title='bbox 260 1797 463 1856; x_wconf 74' lang='lat' dir='ltr'><strong>smdmiism</strong></span> <span class='ocrx_word' id='word_1_212' title='bbox 477 1799 665 1873; x_wconf 85' lang='lat' dir='ltr'><strong>inlaerymis</strong></span> <span class='ocrx_word' id='word_1_213' title='bbox 676 1803 991 1876; x_wconf 60' lang='lat' dir='ltr'><strong>liquescentibus</strong></span> <span class='ocrx_word' id='word_1_214' title='bbox 1044 1814 1176 1880; x_wconf 74' lang='lat' dir='ltr'><strong>guntur3</strong></span> <span class='ocrx_word' id='word_1_215' title='bbox 1201 1811 1259 1868; x_wconf 86' lang='lat' dir='ltr'><strong>bec</strong></span> <span class='ocrx_word' id='word_1_216' title='bbox 1274 1812 1367 1870; x_wconf 87' lang='lat' dir='ltr'><strong>etiam</strong></span> <span class='ocrx_word' id='word_1_217' title='bbox 1389 1812 1484 1868; x_wconf 89' lang='lat' dir='ltr'><strong>modo</strong></span> <span class='ocrx_word' id='word_1_218' title='bbox 1499 1829 1519 1869; x_wconf 86' lang='lat' dir='ltr'><strong>a</strong></span> <span class='ocrx_word' id='word_1_219' title='bbox 1545 1823 1701 1887; x_wconf 85' lang='lat' dir='ltr'><strong>peccatore</strong></span> <span class='ocrx_word' id='word_1_220' title='bbox 1719 1825 1877 1893; x_wconf 86' lang='lat' dir='ltr'><strong>converso,</strong></span> 
     </span>
     <span class='ocr_line' id='line_1_20' title="bbox 147 1887 1879 1982; baseline 0.014 -36"><span class='ocrx_word' id='word_1_221' title='bbox 147 1887 314 1946; x_wconf 86' lang='lat' dir='ltr'><strong>imitatione</strong></span> <span class='ocrx_word' id='word_1_222' title='bbox 341 1887 504 1960; x_wconf 77' lang='lat' dir='ltr'><strong>prauitatis,</strong></span> <span class='ocrx_word' id='word_1_223' title='bbox 519 1887 750 1962; x_wconf 71' lang='lat' dir='ltr'><strong>impenitentis</strong></span> <span class='ocrx_word' id='word_1_224' title='bbox 773 1905 897 1967; x_wconf 79' lang='lat' dir='ltr'><strong>queque</strong></span> <span class='ocrx_word' id='word_1_225' title='bbox 919 1911 989 1968; x_wconf 83' lang='lat' dir='ltr'><strong>per-</strong></span> <span class='ocrx_word' id='word_1_226' title='bbox 1043 1897 1122 1955; x_wconf 88' lang='lat' dir='ltr'><strong>duce</strong></span> <span class='ocrx_word' id='word_1_227' title='bbox 1142 1902 1260 1974; x_wconf 79' lang='lat' dir='ltr'><strong>angelo,</strong></span> <span class='ocrx_word' id='word_1_228' title='bbox 1285 1905 1566 1962; x_wconf 65' lang='lat' dir='ltr'><strong>persecutussed</strong></span> <span class='ocrx_word' id='word_1_229' title='bbox 1588 1909 1660 1982; x_wconf 83' lang='lat' dir='ltr'><strong>quia</strong></span> <span class='ocrx_word' id='word_1_230' title='bbox 1681 1910 1746 1982; x_wconf 83' lang='lat' dir='ltr'><strong>jam</strong></span> <span class='ocrx_word' id='word_1_231' title='bbox 1762 1913 1799 1969; x_wconf 90' lang='lat' dir='ltr'><strong>de</strong></span> <span class='ocrx_word' id='word_1_232' title='bbox 1815 1929 1879 1970; x_wconf 88' lang='lat' dir='ltr'><strong>car-</strong></span> 
     </span>
     <span class='ocr_line' id='line_1_21' title="bbox 151 1977 1880 2065; baseline 0.014 -31"><span class='ocrx_word' id='word_1_233' title='bbox 151 1977 289 2035; x_wconf 84' lang='lat' dir='ltr'><strong>transitur</strong></span> <span class='ocrx_word' id='word_1_234' title='bbox 301 1996 309 2047; x_wconf 89' lang='lat'>;</span> <span class='ocrx_word' id='word_1_235' title='bbox 323 1977 397 2050; x_wconf 88' lang='lat' dir='ltr'><strong>quia</strong></span> <span class='ocrx_word' id='word_1_236' title='bbox 409 1993 601 2052; x_wconf 89' lang='lat' dir='ltr'><strong>nequaquam</strong></span> <span class='ocrx_word' id='word_1_237' title='bbox 616 1981 655 2038; x_wconf 87' lang='lat' dir='ltr'><strong>nd</strong></span> <span class='ocrx_word' id='word_1_238' title='bbox 676 1981 803 2040; x_wconf 88' lang='lat' dir='ltr'><strong>malum</strong></span> <span class='ocrx_word' id='word_1_239' title='bbox 818 1983 923 2041; x_wconf 63' lang='lat' dir='ltr'><strong>werra</strong></span> <span class='ocrx_word' id='word_1_240' title='bbox 936 2001 989 2042; x_wconf 87' lang='lat' dir='ltr'><strong>ne-</strong></span> <span class='ocrx_word' id='word_1_241' title='bbox 1045 2001 1111 2043; x_wconf 86' lang='lat' dir='ltr'><strong>cere</strong></span> <span class='ocrx_word' id='word_1_242' title='bbox 1125 1989 1206 2061; x_wconf 87' lang='lat' dir='ltr'><strong>exiit,</strong></span> <span class='ocrx_word' id='word_1_243' title='bbox 1226 1989 1298 2064; x_wconf 89' lang='lat' dir='ltr'><strong>quia</strong></span> <span class='ocrx_word' id='word_1_244' title='bbox 1319 1990 1453 2065; x_wconf 86' lang='lat' dir='ltr'><strong>primam</strong></span> <span class='ocrx_word' id='word_1_245' title='bbox 1474 1995 1503 2048; x_wconf 88' lang='lat' dir='ltr'><strong>et</strong></span> <span class='ocrx_word' id='word_1_246' title='bbox 1516 1995 1685 2054; x_wconf 85' lang='lat' dir='ltr'><strong>secundam</strong></span> <span class='ocrx_word' id='word_1_247' title='bbox 1708 1999 1880 2058; x_wconf 74' lang='lat' dir='ltr'><strong>custodiam</strong></span> 
     </span>
     <span class='ocr_line' id='line_1_22' title="bbox 151 2067 1880 2166; baseline 0.013 -42"><span class='ocrx_word' id='word_1_248' title='bbox 151 2068 251 2143; x_wconf 80' lang='lat' dir='ltr'><strong>qrrin&#39;ss</strong></span> <span class='ocrx_word' id='word_1_249' title='bbox 271 2067 411 2142; x_wconf 83' lang='lat' dir='ltr'><strong>exemplo</strong></span> <span class='ocrx_word' id='word_1_250' title='bbox 424 2069 610 2140; x_wconf 81' lang='lat' dir='ltr'><strong>micrmetur,</strong></span> <span class='ocrx_word' id='word_1_251' title='bbox 630 2072 715 2130; x_wconf 83' lang='lat' dir='ltr'><strong>dum</strong></span> <span class='ocrx_word' id='word_1_252' title='bbox 735 2071 895 2144; x_wconf 76' lang='lat' dir='ltr'><strong>dilgenter</strong></span> <span class='ocrx_word' id='word_1_253' title='bbox 919 2091 990 2150; x_wconf 74' lang='lat' dir='ltr'><strong>quae</strong></span> <span class='ocrx_word' id='word_1_254' title='bbox 1043 2078 1162 2135; x_wconf 76' lang='lat' dir='ltr'><strong>nensis</strong></span> <span class='ocrx_word' id='word_1_255' title='bbox 1175 2079 1333 2138; x_wconf 89' lang='lat' dir='ltr'><strong>ductorem</strong></span> <span class='ocrx_word' id='word_1_256' title='bbox 1347 2095 1438 2136; x_wconf 87' lang='lat' dir='ltr'><strong>suum</strong></span> <span class='ocrx_word' id='word_1_257' title='bbox 1453 2083 1621 2159; x_wconf 86' lang='lat' dir='ltr'><strong>sequendo,</strong></span> <span class='ocrx_word' id='word_1_258' title='bbox 1636 2085 1794 2146; x_wconf 80' lang='lat' dir='ltr'><strong>videamus</strong></span> <span class='ocrx_word' id='word_1_259' title='bbox 1818 2105 1880 2166; x_wconf 88' lang='lat' dir='ltr'><strong>quo</strong></span> 
     </span>
     <span class='ocr_line' id='line_1_23' title="bbox 147 2159 1166 2240; baseline 0.008 -23"><span class='ocrx_word' id='word_1_260' title='bbox 147 2159 327 2236; x_wconf 71' lang='lat' dir='ltr'><strong>poenitentm</strong></span> <span class='ocrx_word' id='word_1_261' title='bbox 338 2165 482 2217; x_wconf 83' lang='lat' dir='ltr'><strong>maneant</strong></span> <span class='ocrx_word' id='word_1_262' title='bbox 492 2161 641 2219; x_wconf 75' lang='lat' dir='ltr'><strong>intuebar:</strong></span> <span class='ocrx_word' id='word_1_263' title='bbox 660 2163 749 2237; x_wconf 86' lang='lat' dir='ltr'><strong>quin</strong></span> <span class='ocrx_word' id='word_1_264' title='bbox 763 2162 827 2221; x_wconf 82' lang='lat' dir='ltr'><strong>imo</strong></span> <span class='ocrx_word' id='word_1_265' title='bbox 843 2165 882 2222; x_wconf 89' lang='lat' dir='ltr'><strong>ad</strong></span> <span class='ocrx_word' id='word_1_266' title='bbox 895 2165 991 2240; x_wconf 86' lang='lat' dir='ltr'><strong>poeni·</strong></span> <span class='ocrx_word' id='word_1_267' title='bbox 1044 2166 1166 2224; x_wconf 83' lang='lat' dir='ltr'><strong>venerit.</strong></span> 
     </span>
    </p>

    <p class='ocr_par' dir='ltr' id='par_1_4' title="bbox 146 2249 1886 5724">
     <span class='ocr_line' id='line_1_24' title="bbox 148 2249 1880 2341; baseline 0.012 -34"><span class='ocrx_word' id='word_1_268' title='bbox 148 2250 373 2308; x_wconf 69' lang='lat' dir='ltr'><strong>oendsmtantc</strong></span> <span class='ocrx_word' id='word_1_269' title='bbox 388 2249 510 2308; x_wconf 70' lang='lat' dir='ltr'><strong>cennos</strong></span> <span class='ocrx_word' id='word_1_270' title='bbox 530 2251 630 2326; x_wconf 80' lang='lat' dir='ltr'><strong>sumit,</strong></span> <span class='ocrx_word' id='word_1_271' title='bbox 652 2256 778 2326; x_wconf 85' lang='lat' dir='ltr'><strong>quanto</strong></span> <span class='ocrx_word' id='word_1_272' title='bbox 799 2253 882 2310; x_wconf 89' lang='lat' dir='ltr'><strong>ncin</strong></span> <span class='ocrx_word' id='word_1_273' title='bbox 902 2255 989 2312; x_wconf 82' lang='lat' dir='ltr'><strong>malis</strong></span> <span class='ocrx_word' id='word_1_274' title='bbox 1079 2257 1170 2314; x_wconf 81' lang='lat' dir='ltr'><strong>livill.</strong></span> <span class='ocrx_word' id='word_1_275' title='bbox 1191 2260 1353 2331; x_wconf 80' lang='lat' dir='ltr'><strong>Venerunt,</strong></span> <span class='ocrx_word' id='word_1_276' title='bbox 1369 2258 1880 2341; x_wconf 74' lang='lat' dir='ltr'><strong>inquit,cdpcrtnmsmecm,qeoe</strong></span> 
     </span>
     <span class='ocr_line' id='line_1_25' title="bbox 147 2339 1879 2421; baseline 0.009 -23"><span class='ocrx_word' id='word_1_277' title='bbox 147 2340 212 2398; x_wconf 77' lang='lat' dir='ltr'><strong>sarie</strong></span> <span class='ocrx_word' id='word_1_278' title='bbox 253 2340 504 2415; x_wconf 76' lang='lat' dir='ltr'><strong>deprehendatur,</strong></span> <span class='ocrx_word' id='word_1_279' title='bbox 540 2339 762 2400; x_wconf 78' lang='lat' dir='ltr'><strong>formidolosus</strong></span> <span class='ocrx_word' id='word_1_280' title='bbox 792 2343 987 2417; x_wconf 78' lang='lat' dir='ltr'><strong>pertimescit.</strong></span> <span class='ocrx_word' id='word_1_281' title='bbox 1044 2343 1129 2401; x_wconf 80' lang='lat' dir='ltr'><strong>ducit</strong></span> <span class='ocrx_word' id='word_1_282' title='bbox 1143 2347 1185 2403; x_wconf 82' lang='lat' dir='ltr'><strong>od</strong></span> <span class='ocrx_word' id='word_1_283' title='bbox 1204 2349 1363 2406; x_wconf 79' lang='lat' dir='ltr'><strong>civitatem.</strong></span> <span class='ocrx_word' id='word_1_284' title='bbox 1375 2351 1539 2421; x_wconf 82' lang='lat' dir='ltr'><strong>Postquam</strong></span> <span class='ocrx_word' id='word_1_285' title='bbox 1553 2352 1591 2409; x_wconf 90' lang='lat' dir='ltr'><strong>ds</strong></span> <span class='ocrx_word' id='word_1_286' title='bbox 1607 2369 1726 2412; x_wconf 80' lang='lat' dir='ltr'><strong>caraem</strong></span> <span class='ocrx_word' id='word_1_287' title='bbox 1742 2354 1879 2413; x_wconf 89' lang='lat' dir='ltr'><strong>tenebro-</strong></span> 
     </span>
     <span class='ocr_line' id='line_1_26' title="bbox 147 2429 1879 2518; baseline 0.007 -30"><span class='ocrx_word' id='word_1_288' title='bbox 147 2431 288 2488; x_wconf 79' lang='lat' dir='ltr'><strong>l&#39;ransita</strong></span> <span class='ocrx_word' id='word_1_289' title='bbox 295 2429 520 2488; x_wconf 80' lang='lat' dir='ltr'><strong>ratiocinatione</strong></span> <span class='ocrx_word' id='word_1_290' title='bbox 529 2431 723 2500; x_wconf 74' lang='lat' dir='ltr'><strong>mndibonis,</strong></span> <span class='ocrx_word' id='word_1_291' title='bbox 737 2433 855 2491; x_wconf 66' lang='lat' dir='ltr'><strong>coecims</strong></span> <span class='ocrx_word' id='word_1_292' title='bbox 865 2449 988 2508; x_wconf 87' lang='lat' dir='ltr'><strong>quoque</strong></span> <span class='ocrx_word' id='word_1_293' title='bbox 1044 2447 1085 2488; x_wconf 84' lang='lat' dir='ltr'><strong>see</strong></span> <span class='ocrx_word' id='word_1_294' title='bbox 1099 2437 1292 2494; x_wconf 75' lang='lat' dir='ltr'><strong>conscientiae</strong></span> <span class='ocrx_word' id='word_1_295' title='bbox 1305 2441 1445 2511; x_wconf 83' lang='lat' dir='ltr'><strong>peccator</strong></span> <span class='ocrx_word' id='word_1_296' title='bbox 1468 2439 1547 2513; x_wconf 79' lang='lat' dir='ltr'><strong>exiit,</strong></span> <span class='ocrx_word' id='word_1_297' title='bbox 1569 2447 1733 2517; x_wconf 82' lang='lat' dir='ltr'><strong>postquam</strong></span> <span class='ocrx_word' id='word_1_298' title='bbox 1746 2445 1879 2518; x_wconf 85' lang='lat' dir='ltr'><strong>primam</strong></span> 
     </span>
     <span class='ocr_line' id='line_1_27' title="bbox 146 2521 1879 2606; baseline 0.003 -24"><span class='ocrx_word' id='word_1_299' title='bbox 146 2521 261 2582; x_wconf 73' lang='lat' dir='ltr'><strong>manns</strong></span> <span class='ocrx_word' id='word_1_300' title='bbox 278 2521 389 2596; x_wconf 83' lang='lat' dir='ltr'><strong>pariter</strong></span> <span class='ocrx_word' id='word_1_301' title='bbox 399 2522 595 2596; x_wconf 68' lang='lat' dir='ltr'><strong>pertransitur</strong></span> <span class='ocrx_word' id='word_1_302' title='bbox 611 2541 619 2593; x_wconf 80' lang='lat'>3</span> <span class='ocrx_word' id='word_1_303' title='bbox 639 2523 718 2598; x_wconf 88' lang='lat' dir='ltr'><strong>quia</strong></span> <span class='ocrx_word' id='word_1_304' title='bbox 730 2523 808 2581; x_wconf 90' lang='lat' dir='ltr'><strong>dum</strong></span> <span class='ocrx_word' id='word_1_305' title='bbox 823 2525 927 2582; x_wconf 82' lang='lat' dir='ltr'><strong>brmcn</strong></span> <span class='ocrx_word' id='word_1_306' title='bbox 939 2541 988 2584; x_wconf 90' lang='lat' dir='ltr'><strong>ra-</strong></span> <span class='ocrx_word' id='word_1_307' title='bbox 1043 2527 1075 2579; x_wconf 89' lang='lat' dir='ltr'><strong>et</strong></span> <span class='ocrx_word' id='word_1_308' title='bbox 1087 2525 1258 2583; x_wconf 87' lang='lat' dir='ltr'><strong>secundam</strong></span> <span class='ocrx_word' id='word_1_309' title='bbox 1273 2526 1441 2584; x_wconf 87' lang='lat' dir='ltr'><strong>custodiam</strong></span> <span class='ocrx_word' id='word_1_310' title='bbox 1453 2529 1582 2600; x_wconf 72' lang='lat' dir='ltr'><strong>trandit,</strong></span> <span class='ocrx_word' id='word_1_311' title='bbox 1603 2532 1636 2587; x_wconf 91' lang='lat' dir='ltr'><strong>id</strong></span> <span class='ocrx_word' id='word_1_312' title='bbox 1650 2537 1707 2606; x_wconf 86' lang='lat' dir='ltr'><strong>est,</strong></span> <span class='ocrx_word' id='word_1_313' title='bbox 1721 2533 1879 2590; x_wconf 86' lang='lat' dir='ltr'><strong>obstacula</strong></span> 
     </span>
     <span class='ocr_line' id='line_1_28' title="bbox 149 2609 1876 2692; baseline 0.003 -22"><span class='ocrx_word' id='word_1_314' title='bbox 149 2609 289 2670; x_wconf 69' lang='lat' dir='ltr'><strong>tionmad</strong></span> <span class='ocrx_word' id='word_1_315' title='bbox 295 2611 393 2685; x_wconf 77' lang='lat' dir='ltr'><strong>crrlps</strong></span> <span class='ocrx_word' id='word_1_316' title='bbox 399 2610 813 2686; x_wconf 72' lang='lat' dir='ltr'><strong>missionemnequaquam</strong></span> <span class='ocrx_word' id='word_1_317' title='bbox 824 2614 986 2688; x_wconf 83' lang='lat' dir='ltr'><strong>intorquet,</strong></span> <span class='ocrx_word' id='word_1_318' title='bbox 1041 2610 1188 2670; x_wconf 82' lang='lat' dir='ltr'><strong>vitiorum</strong></span> <span class='ocrx_word' id='word_1_319' title='bbox 1199 2631 1272 2688; x_wconf 76' lang='lat' dir='ltr'><strong>qua</strong></span> <span class='ocrx_word' id='word_1_320' title='bbox 1288 2631 1319 2672; x_wconf 90' lang='lat' dir='ltr'><strong>se</strong></span> <span class='ocrx_word' id='word_1_321' title='bbox 1333 2615 1364 2672; x_wconf 90' lang='lat' dir='ltr'><strong>iu</strong></span> <span class='ocrx_word' id='word_1_322' title='bbox 1384 2621 1509 2690; x_wconf 84' lang='lat' dir='ltr'><strong>peccato</strong></span> <span class='ocrx_word' id='word_1_323' title='bbox 1522 2617 1698 2678; x_wconf 83' lang='lat' dir='ltr'><strong>detinebant</strong></span> <span class='ocrx_word' id='word_1_324' title='bbox 1711 2621 1821 2692; x_wconf 78' lang='lat' dir='ltr'><strong>evadit,</strong></span> <span class='ocrx_word' id='word_1_325' title='bbox 1838 2621 1876 2677; x_wconf 89' lang='lat' dir='ltr'><strong>ad</strong></span> 
     </span>
     <span class='ocr_line' id='line_1_29' title="bbox 147 2701 1878 2782; baseline 0.003 -22"><span class='ocrx_word' id='word_1_326' title='bbox 147 2701 338 2760; x_wconf 67' lang='lat' dir='ltr'><strong>mirmiram</strong></span> <span class='ocrx_word' id='word_1_327' title='bbox 361 2717 417 2776; x_wconf 86' lang='lat' dir='ltr'><strong>per</strong></span> <span class='ocrx_word' id='word_1_328' title='bbox 429 2701 566 2774; x_wconf 70' lang='lat' dir='ltr'><strong>gradum,</strong></span> <span class='ocrx_word' id='word_1_329' title='bbox 582 2703 659 2776; x_wconf 89' lang='lat' dir='ltr'><strong>quid</strong></span> <span class='ocrx_word' id='word_1_330' title='bbox 674 2703 773 2776; x_wconf 86' lang='lat' dir='ltr'><strong>sequi,</strong></span> <span class='ocrx_word' id='word_1_331' title='bbox 793 2704 866 2778; x_wconf 86' lang='lat' dir='ltr'><strong>quid</strong></span> <span class='ocrx_word' id='word_1_332' title='bbox 880 2720 987 2762; x_wconf 84' lang='lat' dir='ltr'><strong>cavere</strong></span> <span class='ocrx_word' id='word_1_333' title='bbox 1042 2703 1306 2773; x_wconf 81' lang='lat' dir='ltr'><strong>portamterream</strong></span> <span class='ocrx_word' id='word_1_334' title='bbox 1319 2706 1402 2761; x_wconf 85' lang='lat' dir='ltr'><strong>venit</strong></span> <span class='ocrx_word' id='word_1_335' title='bbox 1413 2723 1421 2776; x_wconf 81' lang='lat'><em>3</em></span> <span class='ocrx_word' id='word_1_336' title='bbox 1434 2704 1507 2779; x_wconf 88' lang='lat' dir='ltr'><strong>quia</strong></span> <span class='ocrx_word' id='word_1_337' title='bbox 1521 2705 1586 2765; x_wconf 89' lang='lat' dir='ltr'><strong>sela</strong></span> <span class='ocrx_word' id='word_1_338' title='bbox 1599 2713 1795 2782; x_wconf 85' lang='lat' dir='ltr'><strong>peccatorum</strong></span> <span class='ocrx_word' id='word_1_339' title='bbox 1804 2721 1878 2765; x_wconf 87' lang='lat' dir='ltr'><strong>con-</strong></span> 
     </span>
     <span class='ocr_line' id='line_1_30' title="bbox 149 2787 1878 2870; baseline 0.003 -20"><span class='ocrx_word' id='word_1_340' title='bbox 149 2793 273 2864; x_wconf 76' lang='lat' dir='ltr'><strong>debant,</strong></span> <span class='ocrx_word' id='word_1_341' title='bbox 287 2790 512 2849; x_wconf 79' lang='lat' dir='ltr'><strong>lucidlusrdet.</strong></span> <span class='ocrx_word' id='word_1_342' title='bbox 526 2795 599 2849; x_wconf 84' lang='lat' dir='ltr'><strong>Ecce</strong></span> <span class='ocrx_word' id='word_1_343' title='bbox 611 2793 988 2866; x_wconf 80' lang='lat' dir='ltr'><strong>duoquatcrniones,cum</strong></span> <span class='ocrx_word' id='word_1_344' title='bbox 1041 2787 1134 2847; x_wconf 76' lang='lat' dir='ltr'><strong>lessio</strong></span> <span class='ocrx_word' id='word_1_345' title='bbox 1150 2792 1191 2849; x_wconf 84' lang='lat' dir='ltr'><strong>ad</strong></span> <span class='ocrx_word' id='word_1_346' title='bbox 1215 2793 1343 2850; x_wconf 85' lang='lat' dir='ltr'><strong>salutem</strong></span> <span class='ocrx_word' id='word_1_347' title='bbox 1357 2809 1420 2850; x_wconf 91' lang='lat' dir='ltr'><strong>non</strong></span> <span class='ocrx_word' id='word_1_348' title='bbox 1445 2793 1562 2864; x_wconf 80' lang='lat' dir='ltr'><strong>sufficit,</strong></span> <span class='ocrx_word' id='word_1_349' title='bbox 1578 2797 1679 2854; x_wconf 87' lang='lat' dir='ltr'><strong>sinon</strong></span> <span class='ocrx_word' id='word_1_350' title='bbox 1704 2797 1806 2865; x_wconf 72' lang='lat' dir='ltr'><strong>etim,</strong></span> <span class='ocrx_word' id='word_1_351' title='bbox 1821 2811 1878 2870; x_wconf 83' lang='lat' dir='ltr'><strong>pro</strong></span> 
     </span>
     <span class='ocr_line' id='line_1_31' title="bbox 149 2877 1877 2956; baseline 0.001 -18"><span class='ocrx_word' id='word_1_352' title='bbox 149 2880 215 2938; x_wconf 84' lang='lat' dir='ltr'><strong>suis</strong></span> <span class='ocrx_word' id='word_1_353' title='bbox 231 2879 376 2937; x_wconf 83' lang='lat' dir='ltr'><strong>militibus</strong></span> <span class='ocrx_word' id='word_1_354' title='bbox 388 2879 420 2936; x_wconf 89' lang='lat' dir='ltr'><strong>in</strong></span> <span class='ocrx_word' id='word_1_355' title='bbox 433 2878 564 2953; x_wconf 82' lang='lat' dir='ltr'><strong>primam</strong></span> <span class='ocrx_word' id='word_1_356' title='bbox 578 2880 752 2937; x_wconf 73' lang='lat' dir='ltr'><strong>custodiam</strong></span> <span class='ocrx_word' id='word_1_357' title='bbox 765 2882 985 2952; x_wconf 75' lang='lat' dir='ltr'><strong>convenientes,</strong></span> <span class='ocrx_word' id='word_1_358' title='bbox 1041 2877 1089 2934; x_wconf 87' lang='lat' dir='ltr'><strong>nis</strong></span> <span class='ocrx_word' id='word_1_359' title='bbox 1104 2894 1175 2951; x_wconf 86' lang='lat' dir='ltr'><strong>quse</strong></span> <span class='ocrx_word' id='word_1_360' title='bbox 1188 2881 1350 2954; x_wconf 86' lang='lat' dir='ltr'><strong>commisit,</strong></span> <span class='ocrx_word' id='word_1_361' title='bbox 1372 2898 1426 2956; x_wconf 88' lang='lat' dir='ltr'><strong>per</strong></span> <span class='ocrx_word' id='word_1_362' title='bbox 1448 2884 1661 2942; x_wconf 75' lang='lat' dir='ltr'><strong>saisiscticnis</strong></span> <span class='ocrx_word' id='word_1_363' title='bbox 1673 2883 1818 2942; x_wconf 82' lang='lat' dir='ltr'><strong>duritiam</strong></span> <span class='ocrx_word' id='word_1_364' title='bbox 1842 2899 1877 2939; x_wconf 88' lang='lat' dir='ltr'><strong>se</strong></span> 
     </span>
     <span class='ocr_line' id='line_1_32' title="bbox 149 2965 1879 3067; baseline 0.001 -40"><span class='ocrx_word' id='word_1_365' title='bbox 149 2970 283 3040; x_wconf 78' lang='lat' dir='ltr'><strong>qualiter</strong></span> <span class='ocrx_word' id='word_1_366' title='bbox 305 2973 495 3028; x_wconf 76' lang='lat' dir='ltr'><strong>benecantur</strong></span> <span class='ocrx_word' id='word_1_367' title='bbox 515 2971 732 3028; x_wconf 81' lang='lat' dir='ltr'><strong>ostendimus:</strong></span> <span class='ocrx_word' id='word_1_368' title='bbox 755 2985 836 3028; x_wconf 87' lang='lat' dir='ltr'><strong>nune</strong></span> <span class='ocrx_word' id='word_1_369' title='bbox 850 2971 914 3028; x_wconf 87' lang='lat' dir='ltr'><strong>duo</strong></span> <span class='ocrx_word' id='word_1_370' title='bbox 925 2971 1023 3067; x_wconf 77' lang='lat' dir='ltr'><strong>alii,C</strong></span> <span class='ocrx_word' id='word_1_371' title='bbox 1043 2965 1159 3040; x_wconf 81' lang='lat' dir='ltr'><strong>affligit.</strong></span> <span class='ocrx_word' id='word_1_372' title='bbox 1175 2972 1335 3030; x_wconf 82' lang='lat' dir='ltr'><strong>Videamus</strong></span> <span class='ocrx_word' id='word_1_373' title='bbox 1346 2973 1442 3031; x_wconf 80' lang='lat' dir='ltr'><strong>David</strong></span> <span class='ocrx_word' id='word_1_374' title='bbox 1455 2973 1493 3032; x_wconf 89' lang='lat' dir='ltr'><strong>de</strong></span> <span class='ocrx_word' id='word_1_375' title='bbox 1512 2991 1630 3033; x_wconf 85' lang='lat' dir='ltr'><strong>carcerc</strong></span> <span class='ocrx_word' id='word_1_376' title='bbox 1652 2978 1824 3040; x_wconf 84' lang='lat' dir='ltr'><strong>exeuntem,</strong></span> <span class='ocrx_word' id='word_1_377' title='bbox 1849 2975 1879 3029; x_wconf 90' lang='lat' dir='ltr'><strong>et</strong></span> 
     </span>
     <span class='ocr_line' id='line_1_33' title="bbox 148 3057 1879 3136; baseline -0.001 -18"><span class='ocrx_word' id='word_1_378' title='bbox 148 3061 282 3135; x_wconf 83' lang='lat' dir='ltr'><strong>qualiter</strong></span> <span class='ocrx_word' id='word_1_379' title='bbox 295 3060 326 3117; x_wconf 87' lang='lat' dir='ltr'><strong>in</strong></span> <span class='ocrx_word' id='word_1_380' title='bbox 340 3059 504 3118; x_wconf 70' lang='lat' dir='ltr'><strong>secumdam</strong></span> <span class='ocrx_word' id='word_1_381' title='bbox 518 3060 712 3133; x_wconf 87' lang='lat' dir='ltr'><strong>conveniant,</strong></span> <span class='ocrx_word' id='word_1_382' title='bbox 722 3060 988 3120; x_wconf 66' lang='lat' dir='ltr'><strong>denudamussc-</strong></span> <span class='ocrx_word' id='word_1_383' title='bbox 1042 3057 1082 3114; x_wconf 86' lang='lat' dir='ltr'><strong>sd</strong></span> <span class='ocrx_word' id='word_1_384' title='bbox 1096 3064 1218 3130; x_wconf 87' lang='lat' dir='ltr'><strong>portam</strong></span> <span class='ocrx_word' id='word_1_385' title='bbox 1230 3061 1358 3120; x_wconf 69' lang='lat' dir='ltr'><strong>tuream</strong></span> <span class='ocrx_word' id='word_1_386' title='bbox 1372 3069 1596 3136; x_wconf 80' lang='lat' dir='ltr'><strong>properantem,</strong></span> <span class='ocrx_word' id='word_1_387' title='bbox 1610 3063 1665 3136; x_wconf 88' lang='lat' dir='ltr'><strong>qui</strong></span> <span class='ocrx_word' id='word_1_388' title='bbox 1684 3063 1743 3120; x_wconf 78' lang='lat' dir='ltr'><strong>ait:</strong></span> <span class='ocrx_word' id='word_1_389' title='bbox 1766 3061 1879 3133; x_wconf 78' lang='lat' dir='ltr'><strong>Iniqui-</strong></span> 
     </span>
     <span class='ocr_line' id='line_1_34' title="bbox 150 3149 1878 3226; baseline 0 -18"><span class='ocrx_word' id='word_1_390' title='bbox 150 3150 291 3208; x_wconf 85' lang='lat' dir='ltr'><strong>candum</strong></span> <span class='ocrx_word' id='word_1_391' title='bbox 304 3149 405 3223; x_wconf 84' lang='lat' dir='ltr'><strong>itaque</strong></span> <span class='ocrx_word' id='word_1_392' title='bbox 423 3150 668 3222; x_wconf 84' lang='lat' dir='ltr'><strong>quaternionem,</strong></span> <span class='ocrx_word' id='word_1_393' title='bbox 691 3149 744 3222; x_wconf 92' lang='lat' dir='ltr'><strong>qui</strong></span> <span class='ocrx_word' id='word_1_394' title='bbox 756 3149 856 3223; x_wconf 83' lang='lat' dir='ltr'><strong>pudor</strong></span> <span class='ocrx_word' id='word_1_395' title='bbox 868 3151 987 3208; x_wconf 79' lang='lat' dir='ltr'><strong>contes-</strong></span> <span class='ocrx_word' id='word_1_396' title='bbox 1040 3151 1134 3204; x_wconf 70' lang='lat' dir='ltr'><strong>tatere</strong></span> <span class='ocrx_word' id='word_1_397' title='bbox 1149 3165 1246 3208; x_wconf 84' lang='lat' dir='ltr'><strong>mecm</strong></span> <span class='ocrx_word' id='word_1_398' title='bbox 1261 3153 1460 3224; x_wconf 81' lang='lat' dir='ltr'><strong>annuntiato,</strong></span> <span class='ocrx_word' id='word_1_399' title='bbox 1485 3159 1513 3211; x_wconf 85' lang='lat' dir='ltr'><strong>et</strong></span> <span class='ocrx_word' id='word_1_400' title='bbox 1536 3153 1674 3226; x_wconf 69' lang='lat' dir='ltr'><strong>capiate</strong></span> <span class='ocrx_word' id='word_1_401' title='bbox 1686 3166 1745 3222; x_wconf 77' lang='lat' dir='ltr'><strong>pre</strong></span> <span class='ocrx_word' id='word_1_402' title='bbox 1756 3155 1878 3222; x_wconf 79' lang='lat' dir='ltr'><strong>peccato</strong></span> 
     </span>
     <span class='ocr_line' id='line_1_35' title="bbox 149 3238 1878 3316; baseline 0.001 -20"><span class='ocrx_word' id='word_1_403' title='bbox 149 3238 249 3296; x_wconf 81' lang='lat' dir='ltr'><strong>sicma</strong></span> <span class='ocrx_word' id='word_1_404' title='bbox 264 3238 422 3308; x_wconf 85' lang='lat' dir='ltr'><strong>dieitur,et</strong></span> <span class='ocrx_word' id='word_1_405' title='bbox 433 3240 564 3309; x_wconf 85' lang='lat' dir='ltr'><strong>tertium,</strong></span> <span class='ocrx_word' id='word_1_406' title='bbox 574 3255 669 3314; x_wconf 86' lang='lat' dir='ltr'><strong>quem</strong></span> <span class='ocrx_word' id='word_1_407' title='bbox 685 3253 822 3294; x_wconf 84' lang='lat' dir='ltr'><strong>amarem</strong></span> <span class='ocrx_word' id='word_1_408' title='bbox 835 3239 989 3313; x_wconf 72' lang='lat' dir='ltr'><strong>prisatum</strong></span> <span class='ocrx_word' id='word_1_409' title='bbox 1041 3251 1115 3293; x_wconf 86' lang='lat' dir='ltr'><strong>meo.</strong></span> <span class='ocrx_word' id='word_1_410' title='bbox 1130 3239 1271 3297; x_wconf 76' lang='lat' dir='ltr'><strong>Peccator</strong></span> <span class='ocrx_word' id='word_1_411' title='bbox 1283 3242 1403 3312; x_wconf 88' lang='lat' dir='ltr'><strong>etenim,</strong></span> <span class='ocrx_word' id='word_1_412' title='bbox 1418 3257 1489 3299; x_wconf 90' lang='lat' dir='ltr'><strong>cum</strong></span> <span class='ocrx_word' id='word_1_413' title='bbox 1498 3243 1694 3316; x_wconf 72' lang='lat' dir='ltr'><strong>imquitatem</strong></span> <span class='ocrx_word' id='word_1_414' title='bbox 1704 3253 1793 3298; x_wconf 86' lang='lat' dir='ltr'><strong>suam</strong></span> <span class='ocrx_word' id='word_1_415' title='bbox 1806 3255 1878 3297; x_wconf 91' lang='lat' dir='ltr'><strong>con·</strong></span> 
     </span>
     <span class='ocr_line' id='line_1_36' title="bbox 151 3324 1879 3404; baseline 0.001 -18"><span class='ocrx_word' id='word_1_416' title='bbox 151 3327 390 3400; x_wconf 76' lang='lat' dir='ltr'><strong>nominavimus,</strong></span> <span class='ocrx_word' id='word_1_417' title='bbox 406 3345 475 3385; x_wconf 91' lang='lat' dir='ltr'><strong>cum</strong></span> <span class='ocrx_word' id='word_1_418' title='bbox 487 3329 552 3386; x_wconf 83' lang='lat' dir='ltr'><strong>suis</strong></span> <span class='ocrx_word' id='word_1_419' title='bbox 565 3327 715 3385; x_wconf 85' lang='lat' dir='ltr'><strong>militibus</strong></span> <span class='ocrx_word' id='word_1_420' title='bbox 727 3327 839 3400; x_wconf 87' lang='lat' dir='ltr'><strong>pariter</strong></span> <span class='ocrx_word' id='word_1_421' title='bbox 850 3329 989 3386; x_wconf 69' lang='lat' dir='ltr'><strong>centua·</strong></span> <span class='ocrx_word' id='word_1_422' title='bbox 1041 3324 1156 3384; x_wconf 88' lang='lat' dir='ltr'><strong>litendo</strong></span> <span class='ocrx_word' id='word_1_423' title='bbox 1169 3330 1341 3400; x_wconf 83' lang='lat' dir='ltr'><strong>annundat,</strong></span> <span class='ocrx_word' id='word_1_424' title='bbox 1355 3331 1392 3388; x_wconf 90' lang='lat' dir='ltr'><strong>de</strong></span> <span class='ocrx_word' id='word_1_425' title='bbox 1400 3347 1522 3389; x_wconf 58' lang='lat' dir='ltr'><strong>marcere</strong></span> <span class='ocrx_word' id='word_1_426' title='bbox 1534 3332 1615 3400; x_wconf 77' lang='lat' dir='ltr'><strong>cxit3</strong></span> <span class='ocrx_word' id='word_1_427' title='bbox 1628 3345 1704 3388; x_wconf 68' lang='lat' dir='ltr'><strong>mm</strong></span> <span class='ocrx_word' id='word_1_428' title='bbox 1716 3345 1787 3388; x_wconf 82' lang='lat' dir='ltr'><strong>vero</strong></span> <span class='ocrx_word' id='word_1_429' title='bbox 1799 3330 1879 3404; x_wconf 60' lang='lat' dir='ltr'><strong>ecp-</strong></span> 
     </span>
     <span class='ocr_line' id='line_1_37' title="bbox 151 3416 1877 3496; baseline 0.005 -22"><span class='ocrx_word' id='word_1_430' title='bbox 151 3433 236 3490; x_wconf 67' lang='grc' dir='ltr'><strong>Μ,</strong></span> <span class='ocrx_word' id='word_1_431' title='bbox 251 3421 281 3474; x_wconf 89' lang='lat' dir='ltr'><strong>et</strong></span> <span class='ocrx_word' id='word_1_432' title='bbox 292 3416 391 3475; x_wconf 87' lang='lat' dir='ltr'><strong>cosin</strong></span> <span class='ocrx_word' id='word_1_433' title='bbox 412 3417 578 3476; x_wconf 89' lang='lat' dir='ltr'><strong>secundam</strong></span> <span class='ocrx_word' id='word_1_434' title='bbox 602 3416 784 3486; x_wconf 88' lang='lat' dir='ltr'><strong>custodiam,</strong></span> <span class='ocrx_word' id='word_1_435' title='bbox 801 3422 891 3490; x_wconf 86' lang='lat' dir='ltr'><strong>prout</strong></span> <span class='ocrx_word' id='word_1_436' title='bbox 912 3418 990 3476; x_wconf 85' lang='lat' dir='ltr'><strong>ratio</strong></span> <span class='ocrx_word' id='word_1_437' title='bbox 1042 3418 1086 3472; x_wconf 84' lang='lat' dir='ltr'><strong>tat</strong></span> <span class='ocrx_word' id='word_1_438' title='bbox 1095 3416 1225 3489; x_wconf 84' lang='lat' dir='ltr'><strong>qualiter</strong></span> <span class='ocrx_word' id='word_1_439' title='bbox 1236 3423 1295 3477; x_wconf 79' lang='lat' dir='ltr'><strong>lieo</strong></span> <span class='ocrx_word' id='word_1_440' title='bbox 1306 3437 1362 3495; x_wconf 86' lang='lat' dir='ltr'><strong>pro</strong></span> <span class='ocrx_word' id='word_1_441' title='bbox 1373 3436 1558 3496; x_wconf 89' lang='lat' dir='ltr'><strong>unoquoque</strong></span> <span class='ocrx_word' id='word_1_442' title='bbox 1566 3426 1695 3496; x_wconf 85' lang='lat' dir='ltr'><strong>peceato</strong></span> <span class='ocrx_word' id='word_1_443' title='bbox 1706 3421 1877 3494; x_wconf 72' lang='lat' dir='ltr'><strong>sanuserat,</strong></span> 
     </span>
     <span class='ocr_line' id='line_1_38' title="bbox 150 3503 1876 3586; baseline 0.006 -24"><span class='ocrx_word' id='word_1_444' title='bbox 150 3505 321 3576; x_wconf 62' lang='lat' dir='ltr'><strong>dictami,</strong></span> <span class='ocrx_word' id='word_1_445' title='bbox 334 3505 519 3563; x_wconf 82' lang='lat' dir='ltr'><strong>ordinemus.</strong></span> <span class='ocrx_word' id='word_1_446' title='bbox 535 3505 606 3575; x_wconf 83' lang='lat' dir='ltr'><strong>Sed,</strong></span> <span class='ocrx_word' id='word_1_447' title='bbox 630 3503 705 3579; x_wconf 87' lang='lat' dir='ltr'><strong>quia</strong></span> <span class='ocrx_word' id='word_1_448' title='bbox 719 3504 758 3560; x_wconf 93' lang='lat' dir='ltr'><strong>de</strong></span> <span class='ocrx_word' id='word_1_449' title='bbox 771 3504 897 3562; x_wconf 86' lang='lat' dir='ltr'><strong>istorum</strong></span> <span class='ocrx_word' id='word_1_450' title='bbox 916 3523 991 3580; x_wconf 84' lang='lat' dir='ltr'><strong>qua·</strong></span> <span class='ocrx_word' id='word_1_451' title='bbox 1043 3504 1083 3561; x_wconf 88' lang='lat' dir='ltr'><strong>ad</strong></span> <span class='ocrx_word' id='word_1_452' title='bbox 1104 3510 1225 3578; x_wconf 85' lang='lat' dir='ltr'><strong>portam</strong></span> <span class='ocrx_word' id='word_1_453' title='bbox 1244 3508 1371 3567; x_wconf 80' lang='lat' dir='ltr'><strong>terream</strong></span> <span class='ocrx_word' id='word_1_454' title='bbox 1380 3510 1486 3568; x_wconf 83' lang='lat' dir='ltr'><strong>tendit.</strong></span> <span class='ocrx_word' id='word_1_455' title='bbox 1509 3515 1579 3585; x_wconf 88' lang='lat' dir='ltr'><strong>lpsa</strong></span> <span class='ocrx_word' id='word_1_456' title='bbox 1593 3510 1876 3586; x_wconf 70' lang='lat' dir='ltr'><strong>iaquesatisrsetie</strong></span> 
     </span>
     <span class='ocr_line' id='line_1_39' title="bbox 152 3593 1878 3681; baseline 0.006 -27"><span class='ocrx_word' id='word_1_457' title='bbox 152 3595 322 3654; x_wconf 71' lang='lat' dir='ltr'><strong>mierum</strong></span> <span class='ocrx_word' id='word_1_458' title='bbox 336 3595 456 3670; x_wconf 74' lang='lat' dir='ltr'><strong>agmine</strong></span> <span class='ocrx_word' id='word_1_459' title='bbox 467 3601 538 3654; x_wconf 86' lang='lat' dir='ltr'><strong>sunt</strong></span> <span class='ocrx_word' id='word_1_460' title='bbox 556 3595 599 3653; x_wconf 87' lang='lat' dir='ltr'><strong>illi</strong></span> <span class='ocrx_word' id='word_1_461' title='bbox 614 3593 677 3652; x_wconf 91' lang='lat' dir='ltr'><strong>duo</strong></span> <span class='ocrx_word' id='word_1_462' title='bbox 698 3593 806 3652; x_wconf 87' lang='lat' dir='ltr'><strong>militas</strong></span> <span class='ocrx_word' id='word_1_463' title='bbox 820 3595 896 3652; x_wconf 85' lang='lat' dir='ltr'><strong>inter</strong></span> <span class='ocrx_word' id='word_1_464' title='bbox 910 3612 990 3669; x_wconf 88' lang='lat' dir='ltr'><strong>quos</strong></span> <span class='ocrx_word' id='word_1_465' title='bbox 1040 3608 1106 3666; x_wconf 87' lang='lat' dir='ltr'><strong>que</strong></span> <span class='ocrx_word' id='word_1_466' title='bbox 1120 3596 1180 3652; x_wconf 79' lang='lat' dir='ltr'><strong>bec</strong></span> <span class='ocrx_word' id='word_1_467' title='bbox 1194 3612 1251 3671; x_wconf 92' lang='lat' dir='ltr'><strong>pro</strong></span> <span class='ocrx_word' id='word_1_468' title='bbox 1274 3599 1404 3672; x_wconf 86' lang='lat' dir='ltr'><strong>peccatis</strong></span> <span class='ocrx_word' id='word_1_469' title='bbox 1424 3601 1538 3658; x_wconf 75' lang='lat' dir='ltr'><strong>noetus</strong></span> <span class='ocrx_word' id='word_1_470' title='bbox 1558 3600 1776 3679; x_wconf 77' lang='lat' dir='ltr'><strong>satisfacimus,</strong></span> <span class='ocrx_word' id='word_1_471' title='bbox 1789 3609 1878 3681; x_wconf 85' lang='lat' dir='ltr'><strong>perta</strong></span> 
     </span>
     <span class='ocr_line' id='line_1_40' title="bbox 150 3682 1878 3770; baseline 0.008 -27"><span class='ocrx_word' id='word_1_472' title='bbox 150 3701 210 3760; x_wconf 79' lang='lat' dir='ltr'><strong>per</strong></span> <span class='ocrx_word' id='word_1_473' title='bbox 224 3685 475 3756; x_wconf 65' lang='lat' dir='ltr'><strong>sigfficationsm</strong></span> <span class='ocrx_word' id='word_1_474' title='bbox 487 3686 626 3760; x_wconf 78' lang='lat' dir='ltr'><strong>captivus</strong></span> <span class='ocrx_word' id='word_1_475' title='bbox 646 3683 778 3741; x_wconf 87' lang='lat' dir='ltr'><strong>dormire</strong></span> <span class='ocrx_word' id='word_1_476' title='bbox 793 3685 930 3759; x_wconf 85' lang='lat' dir='ltr'><strong>superins</strong></span> <span class='ocrx_word' id='word_1_477' title='bbox 941 3686 990 3743; x_wconf 85' lang='lat' dir='ltr'><strong>di·</strong></span> <span class='ocrx_word' id='word_1_478' title='bbox 1043 3682 1140 3741; x_wconf 80' lang='lat' dir='ltr'><strong>terrea</strong></span> <span class='ocrx_word' id='word_1_479' title='bbox 1151 3701 1215 3743; x_wconf 91' lang='lat' dir='ltr'><strong>non</strong></span> <span class='ocrx_word' id='word_1_480' title='bbox 1229 3687 1476 3748; x_wconf 81' lang='lat' dir='ltr'><strong>inconvenienter</strong></span> <span class='ocrx_word' id='word_1_481' title='bbox 1488 3689 1638 3764; x_wconf 87' lang='lat' dir='ltr'><strong>accipitur</strong></span> <span class='ocrx_word' id='word_1_482' title='bbox 1653 3711 1660 3763; x_wconf 93' lang='grc'>;</span> <span class='ocrx_word' id='word_1_483' title='bbox 1673 3695 1749 3770; x_wconf 85' lang='lat' dir='ltr'><strong>quia</strong></span> <span class='ocrx_word' id='word_1_484' title='bbox 1761 3695 1878 3755; x_wconf 84' lang='lat' dir='ltr'><strong>bomini</strong></span> 
     </span>
     <span class='ocr_line' id='line_1_41' title="bbox 155 3773 1875 3860; baseline 0.007 -27"><span class='ocrx_word' id='word_1_485' title='bbox 155 3779 225 3833; x_wconf 86' lang='lat' dir='ltr'><strong>ctus</strong></span> <span class='ocrx_word' id='word_1_486' title='bbox 236 3780 292 3847; x_wconf 76' lang='lat' dir='ltr'><strong>est,</strong></span> <span class='ocrx_word' id='word_1_487' title='bbox 306 3773 364 3832; x_wconf 88' lang='lat' dir='ltr'><strong>illis</strong></span> <span class='ocrx_word' id='word_1_488' title='bbox 377 3775 500 3834; x_wconf 81' lang='lat' dir='ltr'><strong>dnobus</strong></span> <span class='ocrx_word' id='word_1_489' title='bbox 513 3773 737 3850; x_wconf 81' lang='lat' dir='ltr'><strong>praetermissis,</strong></span> <span class='ocrx_word' id='word_1_490' title='bbox 753 3773 790 3831; x_wconf 89' lang='lat' dir='ltr'><strong>de</strong></span> <span class='ocrx_word' id='word_1_491' title='bbox 805 3775 871 3833; x_wconf 89' lang='lat' dir='ltr'><strong>aliis</strong></span> <span class='ocrx_word' id='word_1_492' title='bbox 887 3775 990 3834; x_wconf 82' lang='lat' dir='ltr'><strong>videa·</strong></span> <span class='ocrx_word' id='word_1_493' title='bbox 1043 3773 1186 3831; x_wconf 87' lang='lat' dir='ltr'><strong>mollibus</strong></span> <span class='ocrx_word' id='word_1_494' title='bbox 1207 3776 1362 3835; x_wconf 66' lang='lat' dir='ltr'><strong>desidetis</strong></span> <span class='ocrx_word' id='word_1_495' title='bbox 1380 3778 1453 3835; x_wconf 90' lang='lat' dir='ltr'><strong>clim</strong></span> <span class='ocrx_word' id='word_1_496' title='bbox 1468 3779 1570 3837; x_wconf 88' lang='lat' dir='ltr'><strong>dedito</strong></span> <span class='ocrx_word' id='word_1_497' title='bbox 1591 3781 1681 3840; x_wconf 74' lang='lat' dir='ltr'><strong>sude</strong></span> <span class='ocrx_word' id='word_1_498' title='bbox 1693 3785 1807 3844; x_wconf 83' lang='lat' dir='ltr'><strong>durum</strong></span> <span class='ocrx_word' id='word_1_499' title='bbox 1821 3791 1875 3860; x_wconf 88' lang='lat' dir='ltr'><strong>est,</strong></span> 
     </span>
     <span class='ocr_line' id='line_1_42' title="bbox 153 3861 1876 3943; baseline 0.006 -22"><span class='ocrx_word' id='word_1_500' title='bbox 153 3881 238 3922; x_wconf 85' lang='lat' dir='ltr'><strong>mus.</strong></span> <span class='ocrx_word' id='word_1_501' title='bbox 254 3866 542 3941; x_wconf 77' lang='lat' dir='ltr'><strong>lleagmineitaque</strong></span> <span class='ocrx_word' id='word_1_502' title='bbox 558 3864 684 3922; x_wconf 87' lang='lat' dir='ltr'><strong>secundi</strong></span> <span class='ocrx_word' id='word_1_503' title='bbox 708 3865 914 3937; x_wconf 86' lang='lat' dir='ltr'><strong>quaternionis</strong></span> <span class='ocrx_word' id='word_1_504' title='bbox 928 3882 990 3924; x_wconf 91' lang='lat' dir='ltr'><strong>uno</strong></span> <span class='ocrx_word' id='word_1_505' title='bbox 1042 3861 1119 3918; x_wconf 76' lang='lat' dir='ltr'><strong>dum</strong></span> <span class='ocrx_word' id='word_1_506' title='bbox 1142 3879 1306 3922; x_wconf 79' lang='lat' dir='ltr'><strong>conversus</strong></span> <span class='ocrx_word' id='word_1_507' title='bbox 1327 3866 1368 3922; x_wconf 89' lang='lat' dir='ltr'><strong>ad</strong></span> <span class='ocrx_word' id='word_1_508' title='bbox 1387 3867 1593 3939; x_wconf 67' lang='lat' dir='ltr'><strong>paenitentiam</strong></span> <span class='ocrx_word' id='word_1_509' title='bbox 1614 3871 1744 3943; x_wconf 76' lang='lat' dir='ltr'><strong>cogitur,</strong></span> <span class='ocrx_word' id='word_1_510' title='bbox 1769 3875 1876 3931; x_wconf 79' lang='lat' dir='ltr'><strong>eadem</strong></span> 
     </span>
     <span class='ocr_line' id='line_1_43' title="bbox 157 3949 1875 4034; baseline 0.006 -25"><span class='ocrx_word' id='word_1_511' title='bbox 157 3959 402 4013; x_wconf 72' lang='lat' dir='ltr'><strong>anacamersm</strong></span> <span class='ocrx_word' id='word_1_512' title='bbox 412 3955 594 4024; x_wconf 85' lang='lat' dir='ltr'><strong>excubante,</strong></span> <span class='ocrx_word' id='word_1_513' title='bbox 606 3953 716 4027; x_wconf 75' lang='lat' dir='ltr'><strong>reliqui</strong></span> <span class='ocrx_word' id='word_1_514' title='bbox 728 3957 788 4012; x_wconf 87' lang='lat' dir='ltr'><strong>tres</strong></span> <span class='ocrx_word' id='word_1_515' title='bbox 800 3958 871 4012; x_wconf 91' lang='lat' dir='ltr'><strong>sunt</strong></span> <span class='ocrx_word' id='word_1_516' title='bbox 882 3955 992 4028; x_wconf 80' lang='lat' dir='ltr'><strong>leviga-</strong></span> <span class='ocrx_word' id='word_1_517' title='bbox 1044 3949 1191 4008; x_wconf 90' lang='lat' dir='ltr'><strong>desideria</strong></span> <span class='ocrx_word' id='word_1_518' title='bbox 1216 3953 1394 4028; x_wconf 88' lang='lat' dir='ltr'><strong>relinquere,</strong></span> <span class='ocrx_word' id='word_1_519' title='bbox 1419 3971 1540 4013; x_wconf 87' lang='lat' dir='ltr'><strong>carnem</strong></span> <span class='ocrx_word' id='word_1_520' title='bbox 1558 3972 1723 4030; x_wconf 87' lang='lat' dir='ltr'><strong>macerare,</strong></span> <span class='ocrx_word' id='word_1_521' title='bbox 1747 3962 1875 4034; x_wconf 69' lang='lat' dir='ltr'><strong>ingemi-</strong></span> 
     </span>
     <span class='ocr_line' id='line_1_44' title="bbox 158 4041 1874 4123; baseline 0.007 -24"><span class='ocrx_word' id='word_1_522' title='bbox 158 4043 204 4099; x_wconf 91' lang='lat' dir='ltr'><strong>tio</strong></span> <span class='ocrx_word' id='word_1_523' title='bbox 217 4043 322 4118; x_wconf 76' lang='lat' dir='ltr'><strong>culpes,</strong></span> <span class='ocrx_word' id='word_1_524' title='bbox 338 4043 547 4116; x_wconf 78' lang='lat' dir='ltr'><strong>longiturnitas</strong></span> <span class='ocrx_word' id='word_1_525' title='bbox 559 4043 641 4113; x_wconf 77' lang='lat' dir='ltr'><strong>ritae,</strong></span> <span class='ocrx_word' id='word_1_526' title='bbox 664 4046 769 4116; x_wconf 87' lang='lat' dir='ltr'><strong>torpor</strong></span> <span class='ocrx_word' id='word_1_527' title='bbox 790 4043 989 4114; x_wconf 71' lang='lat' dir='ltr'><strong>negligentis.</strong></span> <span class='ocrx_word' id='word_1_528' title='bbox 1045 4057 1136 4110; x_wconf 88' lang='lat' dir='ltr'><strong>scere,</strong></span> <span class='ocrx_word' id='word_1_529' title='bbox 1153 4041 1234 4114; x_wconf 86' lang='lat' dir='ltr'><strong>flere,</strong></span> <span class='ocrx_word' id='word_1_530' title='bbox 1248 4045 1397 4117; x_wconf 85' lang='lat' dir='ltr'><strong>jejunare,</strong></span> <span class='ocrx_word' id='word_1_531' title='bbox 1413 4045 1524 4102; x_wconf 78' lang='lat' dir='ltr'><strong>saeculo</strong></span> <span class='ocrx_word' id='word_1_532' title='bbox 1540 4043 1679 4106; x_wconf 83' lang='lat' dir='ltr'><strong>funditus</strong></span> <span class='ocrx_word' id='word_1_533' title='bbox 1687 4053 1874 4123; x_wconf 67' lang='lat' dir='ltr'><strong>cenamus,</strong></span> 
     </span>
     <span class='ocr_line' id='line_1_45' title="bbox 158 4131 1875 4210; baseline 0.004 -20"><span class='ocrx_word' id='word_1_534' title='bbox 158 4135 233 4190; x_wconf 88' lang='lat' dir='ltr'><strong>ltcm</strong></span> <span class='ocrx_word' id='word_1_535' title='bbox 244 4131 417 4206; x_wconf 76' lang='lat' dir='ltr'><strong>dcagmine</strong></span> <span class='ocrx_word' id='word_1_536' title='bbox 425 4133 500 4192; x_wconf 86' lang='lat' dir='ltr'><strong>tertii</strong></span> <span class='ocrx_word' id='word_1_537' title='bbox 509 4131 799 4207; x_wconf 67' lang='lat' dir='ltr'><strong>quatmnionismno</strong></span> <span class='ocrx_word' id='word_1_538' title='bbox 807 4131 900 4189; x_wconf 84' lang='lat' dir='ltr'><strong>milite</strong></span> <span class='ocrx_word' id='word_1_539' title='bbox 915 4132 993 4192; x_wconf 85' lang='lat' dir='ltr'><strong>intra</strong></span> <span class='ocrx_word' id='word_1_540' title='bbox 1044 4133 1192 4188; x_wconf 67' lang='lat' dir='ltr'><strong>mancum</strong></span> <span class='ocrx_word' id='word_1_541' title='bbox 1210 4131 1302 4188; x_wconf 86' lang='lat' dir='ltr'><strong>vitam</strong></span> <span class='ocrx_word' id='word_1_542' title='bbox 1324 4135 1473 4206; x_wconf 81' lang='lat' dir='ltr'><strong>expetere,</strong></span> <span class='ocrx_word' id='word_1_543' title='bbox 1488 4137 1519 4190; x_wconf 90' lang='lat' dir='ltr'><strong>et</strong></span> <span class='ocrx_word' id='word_1_544' title='bbox 1535 4133 1680 4210; x_wconf 82' lang='lat' dir='ltr'><strong>deinceps</strong></span> <span class='ocrx_word' id='word_1_545' title='bbox 1698 4139 1741 4197; x_wconf 82' lang='lat' dir='ltr'><strong>ad</strong></span> <span class='ocrx_word' id='word_1_546' title='bbox 1753 4139 1875 4199; x_wconf 79' lang='lat' dir='ltr'><strong>alterius</strong></span> 
     </span>
     <span class='ocr_line' id='line_1_46' title="bbox 155 4217 1875 4296; baseline 0.005 -16"><span class='ocrx_word' id='word_1_547' title='bbox 155 4237 312 4281; x_wconf 75' lang='lat' dir='ltr'><strong>cmeerem</strong></span> <span class='ocrx_word' id='word_1_548' title='bbox 326 4223 437 4292; x_wconf 88' lang='lat' dir='ltr'><strong>relicto,</strong></span> <span class='ocrx_word' id='word_1_549' title='bbox 450 4221 564 4280; x_wconf 87' lang='lat' dir='ltr'><strong>residui</strong></span> <span class='ocrx_word' id='word_1_550' title='bbox 572 4226 633 4279; x_wconf 84' lang='lat' dir='ltr'><strong>tres</strong></span> <span class='ocrx_word' id='word_1_551' title='bbox 647 4225 719 4278; x_wconf 90' lang='lat' dir='ltr'><strong>sunt</strong></span> <span class='ocrx_word' id='word_1_552' title='bbox 732 4221 883 4296; x_wconf 88' lang='lat' dir='ltr'><strong>appetitus</strong></span> <span class='ocrx_word' id='word_1_553' title='bbox 891 4221 991 4294; x_wconf 84' lang='lat' dir='ltr'><strong>famae,</strong></span> <span class='ocrx_word' id='word_1_554' title='bbox 1042 4217 1202 4276; x_wconf 84' lang='lat' dir='ltr'><strong>arbitrium</strong></span> <span class='ocrx_word' id='word_1_555' title='bbox 1228 4220 1336 4278; x_wconf 83' lang='lat' dir='ltr'><strong>vivere.</strong></span> <span class='ocrx_word' id='word_1_556' title='bbox 1362 4223 1478 4280; x_wconf 67' lang='lat' dir='ltr'><strong>peceati</strong></span> <span class='ocrx_word' id='word_1_557' title='bbox 1509 4237 1583 4293; x_wconf 78' lang='lat' dir='ltr'><strong>ergo</strong></span> <span class='ocrx_word' id='word_1_558' title='bbox 1609 4227 1774 4286; x_wconf 70' lang='lat' dir='ltr'><strong>musiacio</strong></span> <span class='ocrx_word' id='word_1_559' title='bbox 1795 4235 1875 4288; x_wconf 88' lang='lat' dir='ltr'><strong>recte</strong></span> 
     </span>
     <span class='ocr_line' id='line_1_47' title="bbox 156 4308 1876 4423; baseline 0.006 -55"><span class='ocrx_word' id='word_1_560' title='bbox 156 4313 243 4384; x_wconf 81' lang='lat' dir='ltr'><strong>rigor</strong></span> <span class='ocrx_word' id='word_1_561' title='bbox 254 4311 552 4386; x_wconf 61' lang='lat' dir='ltr'><strong>poenitentemne</strong></span> <span class='ocrx_word' id='word_1_562' title='bbox 561 4311 802 4386; x_wconf 75' lang='lat' dir='ltr'><strong>perseuerantis.</strong></span> <span class='ocrx_word' id='word_1_563' title='bbox 815 4312 881 4369; x_wconf 90' lang='lat' dir='ltr'><strong>Duo</strong></span> <span class='ocrx_word' id='word_1_564' title='bbox 890 4310 992 4386; x_wconf 90' lang='lat' dir='ltr'><strong>itaque</strong></span> <span class='ocrx_word' id='word_1_565' title='bbox 1010 4367 1033 4423; x_wconf 67' lang='grc' dir='ltr'>ὓ</span> <span class='ocrx_word' id='word_1_566' title='bbox 1048 4311 1135 4380; x_wconf 87' lang='lat' dir='ltr'><strong>porta</strong></span> <span class='ocrx_word' id='word_1_567' title='bbox 1146 4308 1432 4380; x_wconf 83' lang='lat' dir='ltr'><strong>terreanominatur,</strong></span> <span class='ocrx_word' id='word_1_568' title='bbox 1445 4326 1499 4385; x_wconf 85' lang='lat' dir='ltr'><strong>per</strong></span> <span class='ocrx_word' id='word_1_569' title='bbox 1511 4328 1608 4385; x_wconf 88' lang='lat' dir='ltr'><strong>quam</strong></span> <span class='ocrx_word' id='word_1_570' title='bbox 1622 4316 1726 4384; x_wconf 89' lang='lat' dir='ltr'><strong>homo,</strong></span> <span class='ocrx_word' id='word_1_571' title='bbox 1741 4323 1876 4378; x_wconf 82' lang='lat' dir='ltr'><strong>utltenm</strong></span> 
     </span>
     <span class='ocr_line' id='line_1_48' title="bbox 157 4397 1877 4476; baseline 0.005 -18"><span class='ocrx_word' id='word_1_572' title='bbox 157 4401 208 4458; x_wconf 85' lang='lat' dir='ltr'><strong>isti</strong></span> <span class='ocrx_word' id='word_1_573' title='bbox 223 4400 435 4475; x_wconf 73' lang='lat' dir='ltr'><strong>qmternicms</strong></span> <span class='ocrx_word' id='word_1_574' title='bbox 444 4401 555 4459; x_wconf 85' lang='lat' dir='ltr'><strong>itasibi</strong></span> <span class='ocrx_word' id='word_1_575' title='bbox 567 4399 759 4459; x_wconf 82' lang='lat' dir='ltr'><strong>conveniunt.</strong></span> <span class='ocrx_word' id='word_1_576' title='bbox 775 4401 844 4460; x_wconf 90' lang='lat' dir='ltr'><strong>ldeo</strong></span> <span class='ocrx_word' id='word_1_577' title='bbox 858 4415 992 4474; x_wconf 83' lang='lat' dir='ltr'><strong>namque</strong></span> <span class='ocrx_word' id='word_1_578' title='bbox 1050 4397 1107 4454; x_wconf 85' lang='lat' dir='ltr'><strong>sibi</strong></span> <span class='ocrx_word' id='word_1_579' title='bbox 1126 4397 1281 4472; x_wconf 73' lang='lat' dir='ltr'><strong>placamus</strong></span> <span class='ocrx_word' id='word_1_580' title='bbox 1307 4399 1423 4472; x_wconf 84' lang='lat' dir='ltr'><strong>reddat,</strong></span> <span class='ocrx_word' id='word_1_581' title='bbox 1447 4401 1599 4476; x_wconf 87' lang='lat' dir='ltr'><strong>quidquid</strong></span> <span class='ocrx_word' id='word_1_582' title='bbox 1624 4405 1656 4463; x_wconf 86' lang='lat' dir='ltr'><strong>in</strong></span> <span class='ocrx_word' id='word_1_583' title='bbox 1670 4423 1704 4464; x_wconf 86' lang='lat' dir='ltr'><strong>se</strong></span> <span class='ocrx_word' id='word_1_584' title='bbox 1720 4409 1877 4466; x_wconf 77' lang='lat' dir='ltr'><strong>omnslitcr</strong></span> 
     </span>
     <span class='ocr_line' id='line_1_49' title="bbox 159 4487 1877 4566; baseline 0.004 -19"><span class='ocrx_word' id='word_1_585' title='bbox 159 4489 270 4564; x_wconf 87' lang='lat' dir='ltr'><strong>culpas</strong></span> <span class='ocrx_word' id='word_1_586' title='bbox 286 4505 357 4548; x_wconf 87' lang='lat' dir='ltr'><strong>suas</strong></span> <span class='ocrx_word' id='word_1_587' title='bbox 366 4491 503 4548; x_wconf 67' lang='lat' dir='ltr'><strong>confieri</strong></span> <span class='ocrx_word' id='word_1_588' title='bbox 513 4489 753 4564; x_wconf 74' lang='lat' dir='ltr'><strong>erubescitquia</strong></span> <span class='ocrx_word' id='word_1_589' title='bbox 762 4491 882 4566; x_wconf 81' lang='lat' dir='ltr'><strong>privato</strong></span> <span class='ocrx_word' id='word_1_590' title='bbox 892 4505 995 4547; x_wconf 89' lang='lat' dir='ltr'><strong>amore</strong></span> <span class='ocrx_word' id='word_1_591' title='bbox 1046 4487 1128 4557; x_wconf 78' lang='lat' dir='ltr'><strong>sirit,</strong></span> <span class='ocrx_word' id='word_1_592' title='bbox 1141 4487 1219 4546; x_wconf 84' lang='lat' dir='ltr'><strong>terro</strong></span> <span class='ocrx_word' id='word_1_593' title='bbox 1234 4489 1318 4547; x_wconf 78' lang='lat' dir='ltr'><strong>dure</strong></span> <span class='ocrx_word' id='word_1_594' title='bbox 1330 4490 1512 4564; x_wconf 80' lang='lat' dir='ltr'><strong>poenitentiae</strong></span> <span class='ocrx_word' id='word_1_595' title='bbox 1530 4498 1627 4550; x_wconf 86' lang='lat' dir='ltr'><strong>necat.</strong></span> <span class='ocrx_word' id='word_1_596' title='bbox 1648 4495 1732 4551; x_wconf 84' lang='lat' dir='ltr'><strong>unde</strong></span> <span class='ocrx_word' id='word_1_597' title='bbox 1744 4503 1776 4554; x_wconf 83' lang='lat' dir='ltr'><strong>et</strong></span> <span class='ocrx_word' id='word_1_598' title='bbox 1790 4499 1877 4554; x_wconf 82' lang='lat' dir='ltr'><strong>toan·</strong></span> 
     </span>
     <span class='ocr_line' id='line_1_50' title="bbox 162 4577 1877 4658; baseline 0.003 -22"><span class='ocrx_word' id='word_1_599' title='bbox 162 4597 194 4638; x_wconf 91' lang='lat' dir='ltr'><strong>se</strong></span> <span class='ocrx_word' id='word_1_600' title='bbox 209 4579 306 4651; x_wconf 80' lang='lat' dir='ltr'><strong>diligit</strong></span> <span class='ocrx_word' id='word_1_601' title='bbox 320 4599 327 4649; x_wconf 90' lang='grc'>;</span> <span class='ocrx_word' id='word_1_602' title='bbox 353 4579 421 4638; x_wconf 91' lang='lat' dir='ltr'><strong>ideo</strong></span> <span class='ocrx_word' id='word_1_603' title='bbox 449 4585 609 4654; x_wconf 90' lang='lat' dir='ltr'><strong>peccatum</strong></span> <span class='ocrx_word' id='word_1_604' title='bbox 636 4596 725 4637; x_wconf 91' lang='lat' dir='ltr'><strong>suum</strong></span> <span class='ocrx_word' id='word_1_605' title='bbox 752 4579 996 4638; x_wconf 80' lang='lat' dir='ltr'><strong>excusationibus</strong></span> <span class='ocrx_word' id='word_1_606' title='bbox 1048 4593 1103 4634; x_wconf 82' lang='lat' dir='ltr'><strong>nes</strong></span> <span class='ocrx_word' id='word_1_607' title='bbox 1117 4577 1249 4652; x_wconf 83' lang='lat' dir='ltr'><strong>Baptista</strong></span> <span class='ocrx_word' id='word_1_608' title='bbox 1262 4583 1435 4653; x_wconf 87' lang='lat' dir='ltr'><strong>peccatores</strong></span> <span class='ocrx_word' id='word_1_609' title='bbox 1455 4581 1496 4636; x_wconf 84' lang='lat' dir='ltr'><strong>sd</strong></span> <span class='ocrx_word' id='word_1_610' title='bbox 1511 4597 1542 4637; x_wconf 90' lang='lat' dir='ltr'><strong>se</strong></span> <span class='ocrx_word' id='word_1_611' title='bbox 1558 4581 1744 4640; x_wconf 74' lang='lat' dir='ltr'><strong>confluentes</strong></span> <span class='ocrx_word' id='word_1_612' title='bbox 1758 4585 1798 4641; x_wconf 83' lang='lat' dir='ltr'><strong>ad</strong></span> <span class='ocrx_word' id='word_1_613' title='bbox 1806 4601 1877 4658; x_wconf 90' lang='lat' dir='ltr'><strong>por·</strong></span> 
     </span>
     <span class='ocr_line' id='line_1_51' title="bbox 160 4667 1879 4744; baseline 0.003 -17"><span class='ocrx_word' id='word_1_614' title='bbox 160 4667 283 4740; x_wconf 72' lang='lat' dir='ltr'><strong>levigat,</strong></span> <span class='ocrx_word' id='word_1_615' title='bbox 297 4683 347 4738; x_wconf 90' lang='lat' dir='ltr'><strong>ne,</strong></span> <span class='ocrx_word' id='word_1_616' title='bbox 373 4667 457 4742; x_wconf 88' lang='lat' dir='ltr'><strong>apud</strong></span> <span class='ocrx_word' id='word_1_617' title='bbox 481 4667 712 4726; x_wconf 76' lang='lat' dir='ltr'><strong>estimationem</strong></span> <span class='ocrx_word' id='word_1_618' title='bbox 738 4667 868 4726; x_wconf 73' lang='lat' dir='ltr'><strong>abeam</strong></span> <span class='ocrx_word' id='word_1_619' title='bbox 894 4683 997 4742; x_wconf 87' lang='lat' dir='ltr'><strong>repre·</strong></span> <span class='ocrx_word' id='word_1_620' title='bbox 1049 4670 1112 4724; x_wconf 88' lang='lat' dir='ltr'><strong>tam</strong></span> <span class='ocrx_word' id='word_1_621' title='bbox 1131 4667 1260 4726; x_wconf 85' lang='lat' dir='ltr'><strong>ferream</strong></span> <span class='ocrx_word' id='word_1_622' title='bbox 1275 4668 1432 4736; x_wconf 77' lang='lat' dir='ltr'><strong>invitabat,</strong></span> <span class='ocrx_word' id='word_1_623' title='bbox 1447 4669 1551 4726; x_wconf 88' lang='lat' dir='ltr'><strong>dicens</strong></span> <span class='ocrx_word' id='word_1_624' title='bbox 1563 4687 1570 4725; x_wconf 77' lang='grc' dir='ltr'><strong>ε</strong></span> <span class='ocrx_word' id='word_1_625' title='bbox 1584 4671 1744 4730; x_wconf 56' lang='lat' dir='ltr'><strong>&amp;nimico</strong></span> <span class='ocrx_word' id='word_1_626' title='bbox 1762 4673 1879 4744; x_wconf 67' lang='grc' dir='ltr'><strong><em>υῷεπι-</em></strong></span> 
     </span>
     <span class='ocr_line' id='line_1_52' title="bbox 162 4755 1879 4831; baseline 0.001 -17"><span class='ocrx_word' id='word_1_627' title='bbox 162 4755 501 4831; x_wconf 80' lang='lat' dir='ltr'><strong>lsansibilisconvictus‚</strong></span> <span class='ocrx_word' id='word_1_628' title='bbox 519 4771 636 4813; x_wconf 89' lang='lat' dir='ltr'><strong>nomen</strong></span> <span class='ocrx_word' id='word_1_629' title='bbox 650 4755 749 4827; x_wconf 69' lang='lat' dir='ltr'><strong>mma,</strong></span> <span class='ocrx_word' id='word_1_630' title='bbox 773 4755 860 4831; x_wconf 85' lang='lat' dir='ltr'><strong>quod</strong></span> <span class='ocrx_word' id='word_1_631' title='bbox 869 4756 997 4830; x_wconf 76' lang='lat' dir='ltr'><strong>appetit,</strong></span> <span class='ocrx_word' id='word_1_632' title='bbox 1049 4773 1129 4830; x_wconf 82' lang='lat' dir='ltr'><strong>rem,</strong></span> <span class='ocrx_word' id='word_1_633' title='bbox 1153 4759 1220 4830; x_wconf 81' lang='lat' dir='ltr'><strong>quis</strong></span> <span class='ocrx_word' id='word_1_634' title='bbox 1232 4759 1364 4816; x_wconf 83' lang='lat' dir='ltr'><strong>-ostendit</strong></span> <span class='ocrx_word' id='word_1_635' title='bbox 1392 4758 1474 4815; x_wconf 66' lang='lat' dir='ltr'><strong>note</strong></span> <span class='ocrx_word' id='word_1_636' title='bbox 1492 4757 1634 4830; x_wconf 76' lang='lat' dir='ltr'><strong>luperca</strong></span> <span class='ocrx_word' id='word_1_637' title='bbox 1661 4767 1789 4817; x_wconf 80' lang='lat' dir='ltr'><strong>cester-s</strong></span> <span class='ocrx_word' id='word_1_638' title='bbox 1802 4763 1879 4818; x_wconf 76' lang='lat' dir='ltr'><strong>iret</strong></span> 
     </span>
     <span class='ocr_line' id='line_1_53' title="bbox 161 4845 1878 4922; baseline 0.002 -19"><span class='ocrx_word' id='word_1_639' title='bbox 161 4845 295 4922; x_wconf 60' lang='lat' dir='ltr'><strong>pendan</strong></span> <span class='ocrx_word' id='word_1_640' title='bbox 316 4845 384 4902; x_wconf 86' lang='lat' dir='ltr'><strong>idco</strong></span> <span class='ocrx_word' id='word_1_641' title='bbox 405 4845 534 4917; x_wconf 76' lang='lat' dir='ltr'><strong>rigorem</strong></span> <span class='ocrx_word' id='word_1_642' title='bbox 556 4846 738 4920; x_wconf 71' lang='lat' dir='ltr'><strong>peanitentle</strong></span> <span class='ocrx_word' id='word_1_643' title='bbox 754 4845 855 4904; x_wconf 87' lang='lat' dir='ltr'><strong>subire</strong></span> <span class='ocrx_word' id='word_1_644' title='bbox 878 4845 997 4918; x_wconf 74' lang='lat' dir='ltr'><strong>refugit,</strong></span> <span class='ocrx_word' id='word_1_645' title='bbox 1050 4847 1878 4919; x_wconf 61' lang='lat' dir='ltr'><strong>Faciteerqosreetssmysespoenttentiaedtignosenim</strong></span> 
     </span>
     <span class='ocr_line' id='line_1_54' title="bbox 162 4933 1879 5010; baseline 0.001 -18"><span class='ocrx_word' id='word_1_646' title='bbox 162 4934 238 5010; x_wconf 82' lang='lat' dir='ltr'><strong>quia</strong></span> <span class='ocrx_word' id='word_1_647' title='bbox 251 4935 344 5006; x_wconf 78' lang='lat' dir='ltr'><strong>longa</strong></span> <span class='ocrx_word' id='word_1_648' title='bbox 355 4935 415 4992; x_wconf 87' lang='lat' dir='ltr'><strong>sibi</strong></span> <span class='ocrx_word' id='word_1_649' title='bbox 437 4936 505 4992; x_wconf 80' lang='lat' dir='ltr'><strong>vitre</strong></span> <span class='ocrx_word' id='word_1_650' title='bbox 520 4935 618 5010; x_wconf 86' lang='lat' dir='ltr'><strong>spatia</strong></span> <span class='ocrx_word' id='word_1_651' title='bbox 631 4935 829 5010; x_wconf 79' lang='lat' dir='ltr'><strong>repromittit3</strong></span> <span class='ocrx_word' id='word_1_652' title='bbox 844 4934 913 4992; x_wconf 87' lang='lat' dir='ltr'><strong>ideo</strong></span> <span class='ocrx_word' id='word_1_653' title='bbox 926 4951 999 4992; x_wconf 88' lang='lat' dir='ltr'><strong>eum</strong></span> <span class='ocrx_word' id='word_1_654' title='bbox 1051 4933 1164 4994; x_wconf 71' lang='lat' dir='ltr'><strong>budae</strong></span> <span class='ocrx_word' id='word_1_655' title='bbox 1175 4933 1354 5008; x_wconf 72' lang='lat' dir='ltr'><strong>peuense</strong></span> <span class='ocrx_word' id='word_1_656' title='bbox 1369 4935 1476 5002; x_wconf 83' lang='lat' dir='ltr'><strong>faeere,</strong></span> <span class='ocrx_word' id='word_1_657' title='bbox 1491 4933 1548 4990; x_wconf 90' lang='lat' dir='ltr'><strong>hoc</strong></span> <span class='ocrx_word' id='word_1_658' title='bbox 1563 4938 1607 4990; x_wconf 90' lang='lat' dir='ltr'><strong>est</strong></span> <span class='ocrx_word' id='word_1_659' title='bbox 1622 4935 1662 4991; x_wconf 87' lang='lat' dir='ltr'><strong>ed</strong></span> <span class='ocrx_word' id='word_1_660' title='bbox 1680 4939 1800 5008; x_wconf 58' lang='lat' dir='ltr'><strong>mam</strong></span> <span class='ocrx_word' id='word_1_661' title='bbox 1820 4937 1879 4994; x_wconf 86' lang='lat' dir='ltr'><strong>icr-</strong></span> 
     </span>
     <span class='ocr_line' id='line_1_55' title="bbox 163 5021 1880 5101; baseline 0.001 -20"><span class='ocrx_word' id='word_1_662' title='bbox 163 5030 270 5099; x_wconf 82' lang='lat' dir='ltr'><strong>lonpor</strong></span> <span class='ocrx_word' id='word_1_663' title='bbox 287 5024 476 5097; x_wconf 74' lang='lat' dir='ltr'><strong>negligentiae</strong></span> <span class='ocrx_word' id='word_1_664' title='bbox 499 5024 735 5101; x_wconf 69' lang='lat' dir='ltr'><strong>astringitque</strong></span> <span class='ocrx_word' id='word_1_665' title='bbox 757 5029 855 5082; x_wconf 83' lang='lat' dir='ltr'><strong>metus</strong></span> <span class='ocrx_word' id='word_1_666' title='bbox 875 5040 945 5082; x_wconf 85' lang='lat' dir='ltr'><strong>cnm</strong></span> <span class='ocrx_word' id='word_1_667' title='bbox 960 5026 1000 5085; x_wconf 87' lang='lat' dir='ltr'><strong>ad</strong></span> <span class='ocrx_word' id='word_1_668' title='bbox 1050 5041 1135 5083; x_wconf 86' lang='lat' dir='ltr'><strong>reem</strong></span> <span class='ocrx_word' id='word_1_669' title='bbox 1147 5039 1321 5099; x_wconf 89' lang='lat' dir='ltr'><strong>properare,</strong></span> <span class='ocrx_word' id='word_1_670' title='bbox 1335 5025 1451 5082; x_wconf 86' lang='lat' dir='ltr'><strong>honest</strong></span> <span class='ocrx_word' id='word_1_671' title='bbox 1464 5023 1505 5080; x_wconf 87' lang='lat' dir='ltr'><strong>ita</strong></span> <span class='ocrx_word' id='word_1_672' title='bbox 1515 5021 1682 5096; x_wconf 86' lang='lat' dir='ltr'><strong>plenariam</strong></span> <span class='ocrx_word' id='word_1_673' title='bbox 1692 5026 1880 5084; x_wconf 74' lang='lat' dir='ltr'><strong>lieosafisfa·</strong></span> 
     </span>
     <span class='ocr_line' id='line_1_56' title="bbox 162 5110 1880 5189; baseline 0 -17"><span class='ocrx_word' id='word_1_674' title='bbox 162 5113 262 5186; x_wconf 74' lang='lat' dir='ltr'><strong>trigas</strong></span> <span class='ocrx_word' id='word_1_675' title='bbox 268 5113 504 5188; x_wconf 73' lang='lat' dir='ltr'><strong>perseverantia</strong></span> <span class='ocrx_word' id='word_1_676' title='bbox 520 5119 693 5189; x_wconf 86' lang='lat' dir='ltr'><strong>suspectam</strong></span> <span class='ocrx_word' id='word_1_677' title='bbox 704 5115 816 5173; x_wconf 85' lang='lat' dir='ltr'><strong>reddit.</strong></span> <span class='ocrx_word' id='word_1_678' title='bbox 833 5117 867 5171; x_wconf 81' lang='lat' dir='ltr'><strong>lit</strong></span> <span class='ocrx_word' id='word_1_679' title='bbox 880 5113 948 5173; x_wconf 90' lang='lat' dir='ltr'><strong>idco</strong></span> <span class='ocrx_word' id='word_1_680' title='bbox 961 5131 1000 5173; x_wconf 91' lang='lat' dir='ltr'><strong>ne</strong></span> <span class='ocrx_word' id='word_1_681' title='bbox 1050 5113 1183 5172; x_wconf 74' lang='lat' dir='ltr'><strong>cuonem</strong></span> <span class='ocrx_word' id='word_1_682' title='bbox 1192 5113 1303 5170; x_wconf 83' lang='lat' dir='ltr'><strong>offerre</strong></span> <span class='ocrx_word' id='word_1_683' title='bbox 1315 5117 1381 5170; x_wconf 84' lang='lat' dir='ltr'><strong>uta</strong></span> <span class='ocrx_word' id='word_1_684' title='bbox 1400 5112 1486 5169; x_wconf 87' lang='lat' dir='ltr'><strong>licitis</strong></span> <span class='ocrx_word' id='word_1_685' title='bbox 1499 5110 1591 5168; x_wconf 85' lang='lat' dir='ltr'><strong>etiam</strong></span> <span class='ocrx_word' id='word_1_686' title='bbox 1611 5113 1720 5171; x_wconf 87' lang='lat' dir='ltr'><strong>debeat</strong></span> <span class='ocrx_word' id='word_1_687' title='bbox 1731 5113 1880 5172; x_wconf 85' lang='lat' dir='ltr'><strong>abstinere</strong></span> 
     </span>
     <span class='ocr_line' id='line_1_57' title="bbox 162 5199 1881 5280; baseline -0.001 -18"><span class='ocrx_word' id='word_1_688' title='bbox 162 5203 324 5274; x_wconf 51' lang='lat' dir='ltr'><strong>¹eorrta&#39;ngat</strong></span> <span class='ocrx_word' id='word_1_689' title='bbox 337 5203 378 5260; x_wconf 83' lang='lat' dir='ltr'><strong>ab</strong></span> <span class='ocrx_word' id='word_1_690' title='bbox 391 5201 548 5277; x_wconf 84' lang='lat' dir='ltr'><strong>iniquitate</strong></span> <span class='ocrx_word' id='word_1_691' title='bbox 562 5203 758 5276; x_wconf 61' lang='lat' dir='ltr'><strong>remediali</strong></span> <span class='ocrx_word' id='word_1_692' title='bbox 767 5202 867 5278; x_wconf 83' lang='lat' dir='ltr'><strong>potius</strong></span> <span class='ocrx_word' id='word_1_693' title='bbox 881 5219 1001 5280; x_wconf 86' lang='lat' dir='ltr'><strong>semper</strong></span> <span class='ocrx_word' id='word_1_694' title='bbox 1051 5202 1106 5275; x_wconf 86' lang='lat' dir='ltr'><strong>qui</strong></span> <span class='ocrx_word' id='word_1_695' title='bbox 1118 5199 1295 5259; x_wconf 74' lang='lat' dir='ltr'><strong>rememinit</strong></span> <span class='ocrx_word' id='word_1_696' title='bbox 1307 5199 1408 5258; x_wconf 85' lang='lat' dir='ltr'><strong>illicita</strong></span> <span class='ocrx_word' id='word_1_697' title='bbox 1419 5202 1616 5272; x_wconf 84' lang='lat' dir='ltr'><strong>perpetrasse.</strong></span> <span class='ocrx_word' id='word_1_698' title='bbox 1632 5202 1766 5261; x_wconf 81' lang='lat' dir='ltr'><strong>Adbanc</strong></span> <span class='ocrx_word' id='word_1_699' title='bbox 1778 5205 1881 5278; x_wconf 85' lang='lat' dir='ltr'><strong>itaque</strong></span> 
     </span>
     <span class='ocr_line' id='line_1_58' title="bbox 163 5289 1881 5368; baseline 0 -17"><span class='ocrx_word' id='word_1_700' title='bbox 163 5293 337 5368; x_wconf 78' lang='lat' dir='ltr'><strong>insponsata</strong></span> <span class='ocrx_word' id='word_1_701' title='bbox 357 5297 585 5367; x_wconf 78' lang='lat' dir='ltr'><strong>torporequam</strong></span> <span class='ocrx_word' id='word_1_702' title='bbox 596 5291 713 5351; x_wconf 86' lang='lat' dir='ltr'><strong>benum</strong></span> <span class='ocrx_word' id='word_1_703' title='bbox 740 5292 867 5368; x_wconf 83' lang='lat' dir='ltr'><strong>aliquid,</strong></span> <span class='ocrx_word' id='word_1_704' title='bbox 892 5291 923 5350; x_wconf 88' lang='lat' dir='ltr'><strong>in</strong></span> <span class='ocrx_word' id='word_1_705' title='bbox 939 5309 1001 5367; x_wconf 90' lang='lat' dir='ltr'><strong>quc</strong></span> <span class='ocrx_word' id='word_1_706' title='bbox 1053 5294 1173 5363; x_wconf 80' lang='lat' dir='ltr'><strong>portam</strong></span> <span class='ocrx_word' id='word_1_707' title='bbox 1192 5289 1320 5346; x_wconf 86' lang='lat' dir='ltr'><strong>terream</strong></span> <span class='ocrx_word' id='word_1_708' title='bbox 1334 5291 1452 5346; x_wconf 58' lang='lat' dir='ltr'><strong>Quum</strong></span> <span class='ocrx_word' id='word_1_709' title='bbox 1473 5289 1619 5348; x_wconf 83' lang='lat' dir='ltr'><strong>eductum</strong></span> <span class='ocrx_word' id='word_1_710' title='bbox 1631 5291 1671 5349; x_wconf 84' lang='lat' dir='ltr'><strong>dc</strong></span> <span class='ocrx_word' id='word_1_711' title='bbox 1692 5307 1810 5350; x_wconf 87' lang='lat' dir='ltr'><strong>earcere</strong></span> <span class='ocrx_word' id='word_1_712' title='bbox 1826 5308 1881 5350; x_wconf 89' lang='lat' dir='ltr'><strong>an-</strong></span> 
     </span>
     <span class='ocr_line' id='line_1_59' title="bbox 166 5377 1883 5457; baseline 0 -17"><span class='ocrx_word' id='word_1_713' title='bbox 166 5397 362 5456; x_wconf 79' lang='lat' dir='ltr'><strong>persercrare</strong></span> <span class='ocrx_word' id='word_1_714' title='bbox 381 5385 521 5456; x_wconf 83' lang='lat' dir='ltr'><strong>nequeat,</strong></span> <span class='ocrx_word' id='word_1_715' title='bbox 541 5381 707 5440; x_wconf 73' lang='lat' dir='ltr'><strong>inchoare:</strong></span> <span class='ocrx_word' id='word_1_716' title='bbox 734 5399 807 5440; x_wconf 78' lang='lat' dir='ltr'><strong>curm</strong></span> <span class='ocrx_word' id='word_1_717' title='bbox 826 5381 947 5440; x_wconf 75' lang='lat' dir='ltr'><strong>debunt</strong></span> <span class='ocrx_word' id='word_1_718' title='bbox 974 5385 1004 5438; x_wconf 91' lang='lat' dir='ltr'><strong>et</strong></span> <span class='ocrx_word' id='word_1_719' title='bbox 1055 5380 1139 5452; x_wconf 75' lang='lat' dir='ltr'><strong>gelus</strong></span> <span class='ocrx_word' id='word_1_720' title='bbox 1150 5377 1242 5447; x_wconf 89' lang='lat' dir='ltr'><strong>ducit,</strong></span> <span class='ocrx_word' id='word_1_721' title='bbox 1253 5378 1327 5452; x_wconf 86' lang='lat' dir='ltr'><strong>quia</strong></span> <span class='ocrx_word' id='word_1_722' title='bbox 1338 5394 1441 5435; x_wconf 82' lang='lat' dir='ltr'><strong>sermo</strong></span> <span class='ocrx_word' id='word_1_723' title='bbox 1452 5378 1586 5450; x_wconf 62' lang='lat' dir='ltr'><strong>dianus,</strong></span> <span class='ocrx_word' id='word_1_724' title='bbox 1599 5385 1762 5457; x_wconf 84' lang='lat' dir='ltr'><strong>postquam</strong></span> <span class='ocrx_word' id='word_1_725' title='bbox 1774 5397 1832 5440; x_wconf 86' lang='lat' dir='ltr'><strong>nos</strong></span> <span class='ocrx_word' id='word_1_726' title='bbox 1844 5381 1883 5440; x_wconf 90' lang='lat' dir='ltr'><strong>de</strong></span> 
     </span>
     <span class='ocr_line' id='line_1_60' title="bbox 165 5467 1883 5546; baseline -0.002 -16"><span class='ocrx_word' id='word_1_727' title='bbox 165 5473 206 5530; x_wconf 87' lang='lat' dir='ltr'><strong>de</strong></span> <span class='ocrx_word' id='word_1_728' title='bbox 219 5487 278 5530; x_wconf 81' lang='lat' dir='ltr'><strong>erra</strong></span> <span class='ocrx_word' id='word_1_729' title='bbox 293 5471 377 5530; x_wconf 86' lang='lat' dir='ltr'><strong>bona</strong></span> <span class='ocrx_word' id='word_1_730' title='bbox 389 5471 543 5529; x_wconf 74' lang='lat' dir='ltr'><strong>voluutatc</strong></span> <span class='ocrx_word' id='word_1_731' title='bbox 556 5471 699 5546; x_wconf 84' lang='lat' dir='ltr'><strong>incipere,</strong></span> <span class='ocrx_word' id='word_1_732' title='bbox 713 5477 745 5529; x_wconf 88' lang='lat' dir='ltr'><strong>ct</strong></span> <span class='ocrx_word' id='word_1_733' title='bbox 768 5472 806 5529; x_wconf 91' lang='lat' dir='ltr'><strong>dc</strong></span> <span class='ocrx_word' id='word_1_734' title='bbox 830 5475 890 5529; x_wconf 83' lang='lat' dir='ltr'><strong>[tec</strong></span> <span class='ocrx_word' id='word_1_735' title='bbox 905 5471 1002 5546; x_wconf 90' lang='lat' dir='ltr'><strong>perle-</strong></span> <span class='ocrx_word' id='word_1_736' title='bbox 1053 5485 1173 5528; x_wconf 85' lang='lat' dir='ltr'><strong>earcere</strong></span> <span class='ocrx_word' id='word_1_737' title='bbox 1182 5467 1298 5541; x_wconf 87' lang='lat' dir='ltr'><strong>peccati</strong></span> <span class='ocrx_word' id='word_1_738' title='bbox 1309 5483 1363 5542; x_wconf 89' lang='lat' dir='ltr'><strong>per</strong></span> <span class='ocrx_word' id='word_1_739' title='bbox 1375 5467 1510 5526; x_wconf 72' lang='lat' dir='ltr'><strong>officim</strong></span> <span class='ocrx_word' id='word_1_740' title='bbox 1531 5469 1732 5528; x_wconf 73' lang='lat' dir='ltr'><strong>cmriemionis</strong></span> <span class='ocrx_word' id='word_1_741' title='bbox 1746 5469 1883 5538; x_wconf 75' lang='lat' dir='ltr'><strong>sanabit,</strong></span> 
     </span>
     <span class='ocr_line' id='line_1_61' title="bbox 165 5555 1884 5635; baseline -0.003 -17"><span class='ocrx_word' id='word_1_742' title='bbox 165 5560 300 5618; x_wconf 62' lang='lat' dir='ltr'><strong>mem</strong></span> <span class='ocrx_word' id='word_1_743' title='bbox 324 5561 559 5635; x_wconf 51' lang='lat' dir='ltr'><strong>¹perserverantiae</strong></span> <span class='ocrx_word' id='word_1_744' title='bbox 590 5575 721 5635; x_wconf 81' lang='lat' dir='ltr'><strong>sperare.</strong></span> <span class='ocrx_word' id='word_1_745' title='bbox 751 5561 813 5618; x_wconf 59' lang='lat' dir='ltr'><strong>‘Sed</strong></span> <span class='ocrx_word' id='word_1_746' title='bbox 838 5561 903 5632; x_wconf 82' lang='lat' dir='ltr'><strong>jam</strong></span> <span class='ocrx_word' id='word_1_747' title='bbox 931 5561 1004 5634; x_wconf 89' lang='lat' dir='ltr'><strong>quia</strong></span> <span class='ocrx_word' id='word_1_748' title='bbox 1055 5575 1150 5632; x_wconf 84' lang='lat' dir='ltr'><strong>quam</strong></span> <span class='ocrx_word' id='word_1_749' title='bbox 1170 5556 1303 5615; x_wconf 68' lang='lat' dir='ltr'><strong>distrmta</strong></span> <span class='ocrx_word' id='word_1_750' title='bbox 1321 5555 1521 5614; x_wconf 77' lang='lat' dir='ltr'><strong>satisfactione</strong></span> <span class='ocrx_word' id='word_1_751' title='bbox 1541 5559 1636 5615; x_wconf 72' lang='lat' dir='ltr'><strong>licum</strong></span> <span class='ocrx_word' id='word_1_752' title='bbox 1661 5558 1884 5632; x_wconf 80' lang='lat' dir='ltr'><strong>nobisplseare</strong></span> 
     </span>
     <span class='ocr_line' id='line_1_62' title="bbox 169 5644 1886 5724; baseline -0.004 -14"><span class='ocrx_word' id='word_1_753' title='bbox 169 5649 1004 5724; x_wconf 55' lang='lat' dir='ltr'><strong>mmmmmqromodo</strong></span> <span class='ocrx_word' id='word_1_754' title='bbox 1057 5645 1376 5710; x_wconf 64' lang='lat' dir='ltr'><strong>commmunia</strong></span> <span class='ocrx_word' id='word_1_755' title='bbox 1388 5644 1886 5721; x_wconf 63' lang='lat' dir='ltr'><strong>Qaemmbumpcrtateneadu·</strong></span> 
     </span>
    </p>
   </div>
   <div class='ocr_carea' id='block_1_4' title="bbox 0 0 2028 6176">
    <p class='ocr_par' dir='ltr' id='par_1_5' title="bbox 0 0 2028 6176">
     <span class='ocr_line' id='line_1_63' title="bbox 0 0 2028 6176; baseline 0 0"><span class='ocrx_word' id='word_1_756' title='bbox 0 0 2028 6176; x_wconf 95' lang='lat' dir='ltr'><strong> </strong></span> 
     </span>
    </p>
   </div>
  </div>
 </body>
</html>
