3998 6182
230 153 280 204 907
826 141 974 201 ROBERTl
994 131 1097 195 REGIS
1117 137 1338 199 antecelluit.
1891 153 1941 205 m

229 269 318 337 sium,
347 283 416 324 cum
431 266 572 323 domibus
601 263 731 340 desuper
750 265 864 339 positis,
893 255 1094 323 accolabusll
1113 264 1371 322 estoonslructum
1399 265 1540 335 ilariaco,
1554 265 1683 340 duplum
1699 267 1785 340 quod
1802 267 1847 324 ad
1873 269 1942 341 ipsas

228 357 341 416 ibidem
356 351 616 428 residentibus,vei
632 355 734 411 vineas
747 356 785 410 ael
799 353 945 428 oppidum
960 352 1055 426 ipsius
1112 349 1253 409 basilicas
1265 354 1345 426 dedi,
1359 357 1444 426 Juxta
1459 357 1541 429 qnod
1557 373 1604 413 res
1619 357 1693 429 ipsa
1710 356 1881 414 meliorata
1892 361 1940 414 lue-

228 447 351 504 civitatis
377 445 567 520 pertinentes,
593 461 645 501 seu
674 448 702 501 11
722 443 827 500 locella
845 443 994 508 villarum,
1011 457 1058 497 co·
1111 439 1178 511 rint,
1194 441 1266 514 ipsis
1281 443 1443 501 abbatibus
1465 445 1512 501 vel
1526 447 1683 502 monachis
1708 446 1830 502 ibidem
1851 448 1940 503 deser-

227 535 402 608 gnominata
417 539 528 602 Curun,
544 535 734 604 canavarias,
751 533 940 608 simpliciaco
956 537 984 589 et
1003 533 1057 588 Ga·
1110 529 1259 588 viantibus
1272 534 1422 606 reformet,
1436 540 1464 591 el
1485 536 1549 592 lisci
1566 537 1684 608 juribus
1707 537 1774 592 auri
1801 537 1937 598 1111111111.

226 625 300 683 liaoe
327 625 407 683 ultra
444 624 570 682 fluvium
600 623 722 695 Ligeris,
750 624 834 698 quod
859 624 930 680 dato
962 622 1056 697 pretio
1111 621 1225 691 argenti
1239 623 1544 696 pondoxxteneatur
1559 625 1717 682 obnoxius.
1740 628 1938 692 0111111111-

227 719 364 774 anteacto
379 719 513 788 tempore
530 715 613 770 visus
627 731 693 770 sum
710 729 913 787 comparasse.
931 711 1013 769 Unde
1029 716 1057 768 et
1110 708 1234 781 tionem,
1249 717 1281 768 ut
1294 711 1409 769 firmior
1421 713 1579 784 habeatur,
1601 715 1689 784 gestis
1710 715 1937 789 municipaliter

225 805 256 861 in
269 803 384 876 judicio
400 808 468 861 ante
494 803 592 860 virum
605 803 803 878 apostolicum
826 803 974 859 domnum
996 805 1056 857 ltn-
1110 797 1232 868 alligare
1247 801 1373 874 decrevi,
1391 808 1418 859 et
1435 803 1512 859 duas
1525 803 1667 876 epistolas
1680 820 1740 859 uno
1752 809 1865 860 tenore
1880 823 1937 862 con

226 893 360 951 doenum
375 893 561 968 episcopum,
578 898 605 949 el
620 893 763 949 illustrem
778 893 876 948 virum
890 889 1056 949 Chrannul-
1111 888 1237 960 scriptas
1252 890 1307 946 feci
1331 891 1368 946 de
1383 906 1413 948 re
1438 893 1576 964 superius
1596 891 1770 948 nominata:
1799 909 1865 950 una
1880 912 1935 967 que

226 981 291 1038 fum
306 983 492 1056 optimatem,
507 978 555 1040 vel
565 981 696 1056 reliquos
715 981 840 1038 abbates
863 983 1053 1048 contemtui,
1110 975 1141 1030 in
1156 977 1277 1034 archivo
1290 979 1394 1034 domni
1406 981 1534 1037 resideat
1550 979 1666 1050 aniani,
1683 980 1778 1036 aliam
1796 997 1869 1037 vero
1879 999 1936 1055 pars

227 1088 263 1128 ex
278 1068 420 1129 omnibus
436 1077 498 1128 tam
514 1071 545 1128 in
559 1071 643 1128 terris
657 1088 749 1146 quam
763 1071 794 1126 in
813 1069 982 1146 mancipiis,
1003 1087 1056 1125 seu
1111 1067 1285 1123 monasterii
1299 1068 1403 1125 domni
1417 1070 1493 1126 Petri
1516 1085 1569 1143 per
1582 1070 1683 1126 futura
1695 1074 1842 1143 tempora
1857 1087 1934 1128 reses

226 1159 1054 1232 11111111,111(111111111111111111111111111111111111
1110 1157 1243 1214 vandam
1271 1158 1404 1231 recipiat,
1427 1160 1554 1232 qualiter
1578 1159 1719 1216 monaehi
1744 1161 1866 1217 ibidem
1887 1166 1934 1217 llas

225 1247 320 1306 1111111
336 1249 484 1320 retineret,
500 1251 529 1304 ei
543 1247 633 1304 aliam
649 1249 840 1304 medietatem
861 1249 891 1303 in
907 1263 975 1303 meo
988 1247 1054 1318 jure
1110 1246 1281 1314 servientes,
1306 1247 1338 1302 id
1352 1248 1435 1320 quod
1456 1250 1497 1304 eis
1510 1265 1564 1322 per
1577 1248 1675 1324 ipsam
1697 1248 1769 1305 dedi
1790 1249 1933 1306 delemur

224 1336 254 1392 in
276 1337 391 1407 integro
415 1335 556 1393 deberem
577 1337 717 1410 recipere.
744 1340 840 1404 Quam
866 1337 1055 1393 medietatem
1109 1335 1239 1390 valcant.
1252 1337 1283 1392 lit
1298 1351 1431 1408 praesens
1450 1337 1645 1394 nihilominus
1659 1354 1676 1393 a
1690 1355 1739 1394 me
1754 1337 1841 1396 facta
1857 1340 1932 1394 dona-

224 1441 329 1482 eorum
342 1425 457 1498 judicio
472 1427 553 1483 visus
568 1445 634 1482 sum
649 1427 807 1501 recepisse.
822 1433 918 1500 lpsam
934 1425 1054 1482 enimin
1109 1423 1159 1492 tio,
1185 1423 1273 1480 firma
1294 1425 1526 1499 omnitempore
1549 1430 1578 1483 et
1593 1425 1736 1482 inviolata
1756 1438 1929 1499 permaneat.

224 1515 375 1585 integrum
397 1513 437 1572 ad
461 1521 663 1573 memoratum
686 1517 903 1572 monasterium
926 1517 954 1571 S.
978 1514 1055 1570 Petri
1109 1513 1298 1585 stipulatione
1313 1515 1343 1570 in
1359 1515 1501 1571 omuibus
1515 1515 1746 1588 comprehensa.
1766 1521 1873 1571 111111
1887 1525 1929 1570 11-

225 1605 356 1664 Ficriaco
372 1609 577 1662 constructum
601 1605 706 1674 delego
726 1607 935 1680 perpetualiter
957 1603 1090 1681 possi-B
1108 1602 1228 1657 relianis
1242 1603 1370 1675 publice.
1385 1605 1460 1660 Addi
1475 1621 1545 1662 vero
1555 1605 1696 1661 eonvenit
1705 1605 1796 1677 quod
1811 1607 1928 1678 supcrim

224 1696 366 1753 dandam.
394 1693 547 1768 Simulque
569 1700 597 1751 et
619 1695 769 1752 asinarias
790 1695 901 1764 villam,
921 1711 989 1768 quae
1009 1698 1055 1749 est
1108 1691 1245 1748 intimare
1261 1692 1473 1762 debueramus,
1491 1699 1523 1750 ut
1534 1693 1684 1767 quidquid
1697 1694 1830 1768 praefato
1844 1711 1927 1750 mona·

223 1785 253 1841 in
269 1783 344 1840 valle
360 1801 428 1858 quie
443 1783 480 1838 de
499 1783 614 1839 ratione
629 1783 749 1839 illustris
773 1783 828 1839 viri
842 1785 986 1840 trodovei
1001 1799 1053 1856 per
1108 1781 1196 1836 sterio
1217 1781 1322 1837 domni
1335 1782 1409 1837 Petri
1427 1782 1629 1850 Floriaeensis,
1651 1783 1736 1856 quod
1751 1800 1811 1839 nos
1834 1799 1926 1838 aneso

224 1872 467 1930 commutationis
492 1872 643 1944 epistolas,
666 1877 815 1946 quantum
838 1878 934 1929 textus
949 1889 1053 1929 earum
1108 1870 1340 1943 construximus
1352 1870 1558 1940 delegavimus
1571 1871 1794 1928 etatimmntis
1807 1873 1873 1928 viris
1886 1873 1923 1926 ‹le-

223 1960 364 2032 declaral,
381 1961 420 2019 ad
434 1980 483 2020 me
506 1963 649 2036 pervenit,
663 1963 737 2019 dum
752 1980 808 2034 ego
832 1968 963 2021 econtra
985 1980 1052 2038 por·
1107 1957 1239 2030 legatum
1252 1959 1339 2016 fuerit
1353 1960 1383 2015 in
1410 1965 1563 2033 posterum
1574 1979 1581 2028 ;
1594 1961 1750 2034 quidquid
1770 1962 1874 2032 abbas,
1885 1961 1923 2033 qai

223 2053 335 2110 tionem
351 2051 443 2122 iiiam,
458 2068 526 2124 quae
542 2052 628 2109 estin
644 2055 805 2124 suncanto,
829 2053 876 2108 vel
888 2053 1051 2110 warentias
1105 2048 1218 2104 ibidem
1232 2049 1393 2124 praefuerit,
1419 2049 1526 2106 exinde
1543 2049 1671 2106 valuerit
1684 2051 1796 2122 lacere,
1815 2067 1867 2125 pro
1879 2067 1920 2105 111

223 2141 307 2217 quod
334 2142 371 2198 de
386 2138 529 2198 Machilde
555 2139 668 2198 femina
688 2143 845 2214 qnondam
864 2141 935 2198 dato
957 2143 1052 2215 pretio
1104 2138 1229 2194 utilitate
1252 2139 1425 2195 monasterii
1447 2139 1552 2212 ipsius,
1572 2138 1619 2196 vel
1647 2139 1730 2196 lucro
1761 2142 1921 2198 11111111

222 2249 277 2306 per
289 2231 469 2288 venditionis
484 2229 603 2287 titulum
627 2232 817 2305 eomparavi;
832 2237 861 2288 et
885 2233 942 2288 hoc
956 2231 995 2288 ad
1011 2232 1052 2287 vi·
1104 2227 1232 2284 fratrum
1258 2228 1444 2296 necessitate,
1471 2228 1599 2285 liberam
1619 2229 1734 2286 11111111
1761 2235 1918 2303 polaemon

223 2336 288 2378 cem
303 2318 461 2377 memorati
490 2319 636 2376 Trodovei
651 2320 768 2377 dedisse
785 2321 865 2377 visus
888 2319 971 2376 fulin
985 2321 1052 2394 ipsa
1106 2316 1224 2389 absque
1255 2316 1433 2373 detrimento
1458 2320 1487 2373 et
1510 2317 1727 2390 impedimento
1754 2335 1836 2393 sagae
1866 2317 1919 2372 dieti

222 2410 293 2466 villa
307 2409 468 2477 asinarias,
490 2425 560 2482 pars
579 2410 737 2466 memorati
761 2410 934 2466 monasterii
947 2409 1052 2467 domni
1105 2403 1289 2460 monasterii·

221 2497 307 2566 Petri,
321 2495 403 2572 quod
419 2503 463 2555 est
475 2497 609 2555 floriaco
625 2503 840 2570 constructum,
855 2499 886 2555 in
901 2499 1051 2570 integrum
1143 2493 1339 2550 Leodebodus
1354 2497 1495 2566 peccator
1505 2493 1742 2568 abbes,epistola
1757 2513 1778 2552 a
1789 2496 1915 2551 11111111

222 2587 338 2662 absque
349 2587 509 2660 quuslibet
521 2588 749 2662 impedimento,
767 2603 836 2645 cum
851 2589 934 2646 omni
942 2589 1011 2660 jure
1024 2593 1053 2645 et
1141 2583 1304 2639 Audoenus
1317 2588 1456 2655 peccator
1478 2583 1650 2658 episcopiis,
1673 2591 1799 2655 1031111
1818 2599 1915 2640 venera·

221 2677 358 2748 termino,
373 2677 481 2734 sicula
499 2694 547 2734 me
562 2694 738 2750 possessum
760 2683 813 2746 est,
830 2693 979 2752 omneque
1005 2693 1052 2748 ge·
1106 2671 1157 2728 bili
1171 2673 1246 2744 viro,
1263 2673 1442 2730 LeOdebodo
1462 2673 1584 2741 abbate,
1609 2675 1688 2730 hm
1714 2674 1867 2748 epistelam
1880 2689 1914 2727 re·

221 2782 279 2824 nus
294 2765 446 2840 pecudum
466 2765 579 2822 ibidem
600 2767 734 2823 residens
757 2767 879 2840 recipiat
897 2767 1052 2842 possiden·
1103 2759 1162 2832 legi
1178 2766 1207 2818 et
1219 2761 1391 2834 subscripsi.

221 2855 306 2911 dum.
322 2859 414 2911 Areas
436 2870 507 2911 vero
522 2854 600 2911 infra
619 2871 723 2911 muros
735 2857 910 2928 Aurelianis,
925 2872 1003 2930 quas
1014 2857 1051 2912 de
1143 2849 1349 2920 {leodegarius
1366 2849 1441 2906 acsi
1465 2849 1608 2921 indignus
1625 2852 1795 2926 episeopus,
1810 2854 1912 2920 regante

222 2943 363 3001 cronulfo
391 2943 496 3000 clerico
510 2943 581 3000 dato
596 2945 690 3018 pretio
714 2962 768 3018 per
787 2946 966 3003 venditionis
987 2948 1052 3002 titu-
1066 2988 1086 3043 C
1105 2937 1283 2994 LffldebOdO
1293 2937 1413 3006 abbate,
1425 2939 1504 2994 haue
1519 2939 1687 2996 devdifflis
1699 2941 1766 3012 ejus
1778 2937 1911 3014 1111310131]

220 3032 285 3089 lum
299 3033 381 3088 visus
397 3049 464 3089 sum
478 3048 683 3107 comparasse,
698 3033 751 3092 ubi
770 3035 933 3092 leobastus
948 3037 1051 3092 accola
1103 3029 1222 3085 firmavi
1235 3029 1266 3085 in
1277 3029 1384 3086 Christi
1398 3029 1531 3086 nomine·

221 3137 413 3179 commanere
436 3121 563 3192 videtur,
580 3122 620 3179 ad
635 3123 811 3196 praedictum
833 3126 1050 3182 monasterinm
1140 3118 1318 3174 Beeoelenus
1331 3118 1421 3174 abba.

220 3211 325 3270 domni
338 3213 422 3278 Petri,
440 3212 484 3269 vel
500 3213 656 3270 monachis
678 3213 791 3271 ibidem
804 3215 993 3287 degentibus,
1009 3215 1051 3271 in·
1143 3208 1313 3265 1110111111-

219 3301 469 3374 tegravoluntate
495 3301 566 3360 dare
586 3303 725 3360 ‹la-erno.
752 3303 889 3362 Similiter
903 3309 932 3361 et
953 3305 1051 3361 111111-
1142 3296 1284 3354 Salomon
1298 3297 1391 3352 abba·

216 3389 263 3449 los
275 3409 334 3448 xxx
355 3391 465 3462 bonoS,
488 3407 595 3462 greges
617 3392 744 3466 equinos
760 3409 778 3450 x
796 3409 866 3449 cum
889 3393 1050 3449 emissariis
1141 3386 1320 3443 Lettlsindus
1335 3386 1426 3442 abbe·

217 3495 334 3549 eorum,
349 3481 443 3538 boum
472 3497 576 3554 greges
597 3498 647 3550 xx,
672 3497 834 3539 vaccarum
850 3500 876 3552 v,
902 3487 1050 3539 armento·
1141 3475 1298 3545 burgulius
1312 3475 1479 3549 presbyter.

217 3585 328 3627 rumx.
1140 3565 1275 3634 Higecius
1288 3565 1433 3622 diaconus
1447 3569 1476 3620 el
1488 3563 1697 3622 vicedominus.

252 3657 426 3726 Argentum,
442 3653 525 3726 quod
538 3647 577 3710 ad
592 3653 692 3728 ipsum
704 3655 922 3712 monasterium
945 3655 1051 3714 domni
1139 3655 1280 3713 Martinus
1295 3655 1451 3712 diaeonus.

215 3743 306 3816 Petri,
321 3742 370 3801 vel
392 3742 550 3800 monachis
566 3742 678 3800 ibidem
700 3743 936 3803 deservientibus
956 3746 1048 3810 dono.
1140 3745 1217 3800 Boso
1231 3742 1387 3800 (11111111.

216 3847 271 3906 per
283 3833 376 3906 hujus
397 3832 469 3890 texti
479 3831 614 3902 vigorem
640 3831 836 3890 inserendum
857 3835 972 3908 putavi,
991 3837 1049 3894 hoc
1138 3839 1357 3904 agneramnus.
1370 3832 1568 3903 bagoberlus.

217 3927 261 3981 est
274 3921 458 3983 bacchoaica
471 3938 547 3998 pura
561 3921 688 3992 sigillata
702 3925 904 3982 transmarina
918 3942 1049 3999 pensan·
1139 3923 1365 3982 llummolenus.
1377 3923 1541 3996 vapingus.

216 4011 257 4070 tia
270 4013 374 4088 pondo
389 4010 481 4069 libras
496 4029 527 4084 x,
550 4029 682 4086 quorum
697 4029 777 4069 unus
799 4013 891 4071 hahet
904 4015 935 4072 in
948 4017 1049 4073 medio
1140 4014 1295 4084 Sigirigus.
1311 4012 1533 4070 framesindus.

217 4117 336 4158 crucem
350 4118 483 4158 auream.
501 4104 585 4158 llono
600 4105 629 4158 et
650 4099 815 4167 1111111111,
832 4119 899 4177 quie
913 4105 1004 4162 habet
1018 4106 1049 4162 in
1138 4105 1307 4160 liutbertus.
1323 4101 1467 4161 Salomon
1480 4101 1542 4158 sive
1554 4102 1646 4158 Boeo.

216 4189 317 4246 medio
341 4189 470 4260 effigiem
492 4189 597 4264 eapitis
619 4192 750 4249 hominis
775 4190 863 4250 simili
882 4195 975 4252 modo
994 4212 1048 4251 au·
1138 4193 1298 4268 Pappolus.
1315 4192 1489 4250 sisobaldus
1502 4191 1566 4248 sive
1581 4193 1670 4249 Saxo.

216 4294 317 4348 ream,
332 4279 474 4352 idemque
484 4284 515 4337 et
535 4279 613 4336 duas
634 4281 771 4339 scutellas
785 4283 917 4341 minores
939 4287 1046 4342 massi·
1138 4283 1337 4354 amnegisilus
1347 4282 1442 4338 testis.

215 4367 324 4425 lienses
346 4367 515 4436 deauratas,
541 4385 609 4444 que
632 4371 747 4429 habent
767 4373 798 4428 in
821 4373 921 4430 medio
945 4343 1084 4432 crucesD
1137 4370 1521 4429 111111111111111111111.

215 4457 361 4516 niellatas.
379 4459 450 4524 Quae
477 4457 591 4531 species
606 4461 721 4531 argenti
747 4462 852 4536 injure
866 4467 895 4519 et
912 4463 1047 4522 domina·
1137 4467 1242 4521 Nonne
1258 4463 1415 4520 Hildullns.

215 4549 295 4608 tione
309 4549 468 4606 memorati
482 4549 657 4607 monasterii
675 4550 781 4608 domni
792 4552 868 4608 Petri
879 4553 1047 4626 perenniter
1137 4552 1314 4610 Grimoldus.
1325 4550 1488 4622 'segonius

214 4643 412 4714 permaneant
439 4637 517 4697 volo.
542 4641 591 4708 De,
611 4641 793 4698 vestimentis
818 4657 899 4710 vero,
925 4659 994 4716 quae
1015 4644 1046 4699 in
1135 4647 1221 4699 anno
1237 4641 1452 4699 incarnationis
1467 4638 1905 4708 1111111111-1111111111111111

214 4733 391 4802 paupertate
402 4745 470 4785 mea
484 4729 595 4786 habere
605 4729 717 4798 videor,
735 4733 843 4804 praeter
856 4729 887 4786 id
900 4733 984 4804 quod
1000 4750 1046 4790 su·
1098 4731 1196 4802 iunio,
1212 4747 1293 4788 anno
1305 4747 1324 4788 11
1350 4730 1454 4787 domni
1480 4729 1619 4786 clodovei
1635 4729 1819 4788 1111111111
1838 4721 1905 4791 retia

214 4819 315 4892 parius
333 4817 465 4874 basilice
489 4817 593 4874 domni
607 4818 703 4875 atiani
725 4818 870 4888 delegavi,
895 4819 1045 4894 reliquum
1097 4819 1150 4877 filii
1164 4820 1323 4892 bagoberti
1338 4819 1477 4890 senioris,
1493 4822 1668 4876 sanctornm
1691 4811 1905 4893 Dionysiisoeie

213 4907 297 4982 quod
312 4905 499 4982 superfuerit,
525 4923 596 4982 pars
624 4906 729 4963 domni
745 4905 827 4963 'Petri
854 4907 1045 4968 Floriacensis
1096 4927 1227 4984 rumque
1242 4913 1306 4982 ejus
1320 4909 1378 4966 loci
1392 4907 1509 4966 mirifici
1525 4909 1750 4967 constructoris.

213 4997 337 5069 recipiat
352 4996 392 5054 ad
406 4995 634 5070 possidendum.
652 4997 745 5070 Spero
766 4999 867 5053 autern
881 5013 944 5054 non
964 4999 1044 5056 futu·
1134 5000 1184 5056 liic
1195 5001 1470 5075 autcmpraecipuus
1480 4995 1903 5072 abbatentlebodusquanluffl

212 5101 292 5150 rum,
307 5102 362 5144 nec
377 5085 512 5160 quolibet
537 5085 629 5142 medo
652 5085 717 5140 fieri
730 5100 821 5159 posse
836 5087 926 5144 credo
939 5092 971 5145 u'l
992 5090 1043 5146 ali·
1096 5089 1198 5147 locum
1218 5090 1434 5146 Floriacensem
1448 5087 1593 5159 dilexerit,
1617 5088 1649 5145 in
1669 5086 1848 5162 quibusdam
1860 5079 1904 5136 suis

212 5177 280 5250 quis
308 5175 346 5232 de
364 5175 536 5234 haeredibus
561 5175 646 5233 meis.
672 5179 724 5232 aut
750 5175 891 5248 quaelibet
913 5195 1044 5252 persona
1096 5179 1181 5237 factis
1197 5180 1321 5250 agnosci
1333 5179 1420 5236 valet.
1436 5179 1511 5235 Nam
1530 5178 1562 5236 in
1578 5177 1746 5236 camberon
1763 5181 1791 5234 et
1804 5169 1903 5232 nasoon

212 5269 316 5322 contra
337 5268 517 5337 presentem
541 5264 642 5321 venire
658 5267 749 5321 tentet
762 5265 930 5338 epistolam.
955 5269 1042 5336 Quod
1096 5269 1172 5325 villis
1186 5285 1203 5326 a
1217 5286 1247 5326 11
1264 5271 1291 5327 S.
1302 5271 1392 5325 'Petro
1407 5268 1494 5339 datis,
1507 5268 1587 5325 hanc
1602 5267 1665 5342 lpse
1680 5262 1903 5326 consuetudinem

212 5353 237 5410 si
251 5353 351 5410 lecerit
365 5357 393 5411 et
407 5353 519 5411 factum
533 5371 636 5412 meum
651 5355 817 5429 irrumpere
835 5363 961 5415 conatus
978 5359 1041 5416 fue·
1097 5357 1618 5416 11111111111111111111111111111111
1629 5357 1789 5416 tenendam
1796 5345 1903 5424 alqill·

210 5444 257 5516 rit,
271 5444 301 5501 in
316 5443 420 5518 primis
433 5443 509 5500 iram
529 5444 658 5501 caelestis
681 5445 812 5503 incurrat
831 5449 988 5518 Trinitatis,
1014 5455 1042 5507 et
1095 5455 1128 5505 ut
1148 5447 1272 5522 quilibet
1293 5448 1448 5516 Ecclesias,
1471 5448 1501 5504 in
1526 5463 1656 5524 quarum
1680 5445 1828 5521 parochiis
1848 5439 1903 5511 ipsa
1952 5489 1953 5515 ¹

209 5533 334 5610 insuper
345 5533 481 5609 partibus
493 5531 624 5590 basilica
635 5534 739 5592 domni
751 5535 899 5607 11111111
910 5537 1040 5595 basiliere
1094 5539 1170 5596 villae
1186 5538 1544 5613 sunl,possideret,media
1558 5555 1629 5614 pars
1644 5538 1768 5596 decimes
1783 5539 1904 5605 agrorum

210 5623 330 5684 domnae
343 5625 449 5696 111111,
464 5623 511 5682 vel
532 5623 715 5683 monasterio
731 5627 826 5685 sancti
851 5627 937 5696 Petri,
956 5630 1040 5702 quod
1095 5635 1122 5688 el
1137 5631 1291 5688 vinearum
1306 5631 1337 5688 in
1344 5629 1530 5703 quibusdam
1543 5629 1616 5690 locis
1624 5629 1759 5704 ipsarum
1773 5623 1902 5684 villarum,
