<?xml version="1.0" encoding="UTF-8"?>
<!DOCTYPE html PUBLIC "-//W3C//DTD XHTML 1.0 Transitional//EN"
    "http://www.w3.org/TR/xhtml1/DTD/xhtml1-transitional.dtd">
<html xmlns="http://www.w3.org/1999/xhtml" xml:lang="en" lang="en">
 <head>
  <title>
</title>
<meta http-equiv="Content-Type" content="text/html;charset=utf-8" />
  <meta name='ocr-system' content='tesseract 3.04.00' />
  <meta name='ocr-capabilities' content='ocr_page ocr_carea ocr_par ocr_line ocrx_word'/>
</head>
<body>
  <div class='ocr_page' id='page_1' title='image "./patrologiaecurs127unkngoog_0639.png"; bbox 0 0 3996 6178; ppageno 0'>
   <div class='ocr_carea' id='block_1_1' title="bbox 85 185 146 240">
    <p class='ocr_par' dir='ltr' id='par_1_1' title="bbox 85 185 146 240">
     <span class='ocr_line' id='line_1_1' title="bbox 85 185 146 240; baseline 0.016 -3"><span class='ocrx_word' id='word_1_1' title='bbox 85 185 146 240; x_wconf 70' lang='lat' dir='ltr'><strong>teti</strong></span> 
     </span>
    </p>
   </div>
   <div class='ocr_carea' id='block_1_2' title="bbox 887 171 979 264">
    <p class='ocr_par' dir='ltr' id='par_1_2' title="bbox 887 171 979 264">
     <span class='ocr_line' id='line_1_2' title="bbox 887 171 979 264; baseline 0 -34"><span class='ocrx_word' id='word_1_2' title='bbox 887 171 979 264; x_wconf 59' lang='lat' dir='ltr'><strong>VITA.</strong></span> 
     </span>
    </p>
   </div>
   <div class='ocr_carea' id='block_1_3' title="bbox 1721 167 1789 244">
    <p class='ocr_par' dir='ltr' id='par_1_3' title="bbox 1721 167 1789 244">
     <span class='ocr_line' id='line_1_3' title="bbox 1721 167 1789 244; baseline 0.029 -2"><span class='ocrx_word' id='word_1_3' title='bbox 1721 167 1789 244; x_wconf 81' lang='lat' dir='ltr'><strong>nrt</strong></span> 
     </span>
    </p>
   </div>
   <div class='ocr_carea' id='block_1_4' title="bbox 79 297 1789 384">
    <p class='ocr_par' dir='ltr' id='par_1_4' title="bbox 79 297 1789 384">
     <span class='ocr_line' id='line_1_4' title="bbox 79 297 1789 384; baseline 0.002 -21"><span class='ocrx_word' id='word_1_4' title='bbox 79 305 211 374; x_wconf 86' lang='lat' dir='ltr'><strong>retinere,</strong></span> <span class='ocrx_word' id='word_1_5' title='bbox 227 303 462 366; x_wconf 87' lang='lat' dir='ltr'><strong>misericordiam</strong></span> <span class='ocrx_word' id='word_1_6' title='bbox 476 302 556 360; x_wconf 88' lang='lat' dir='ltr'><strong>beati</strong></span> <span class='ocrx_word' id='word_1_7' title='bbox 580 301 751 360; x_wconf 85' lang='lat' dir='ltr'><strong>Godebardi</strong></span> <span class='ocrx_word' id='word_1_8' title='bbox 765 300 906 374; x_wconf 86' lang='lat' dir='ltr'><strong>implora·</strong></span> <span class='ocrx_word' id='word_1_9' title='bbox 923 300 945 354; x_wconf 80' lang='grc' dir='ltr'>Α</span> <span class='ocrx_word' id='word_1_10' title='bbox 961 297 1032 363; x_wconf 70' lang='lat' dir='ltr'><strong>Quae</strong></span> <span class='ocrx_word' id='word_1_11' title='bbox 1045 298 1119 357; x_wconf 90' lang='lat' dir='ltr'><strong>dum</strong></span> <span class='ocrx_word' id='word_1_12' title='bbox 1133 303 1175 360; x_wconf 90' lang='lat' dir='ltr'><strong>sic</strong></span> <span class='ocrx_word' id='word_1_13' title='bbox 1191 303 1371 373; x_wconf 78' lang='lat' dir='ltr'><strong>anxiaretur,</strong></span> <span class='ocrx_word' id='word_1_14' title='bbox 1389 306 1500 362; x_wconf 90' lang='lat' dir='ltr'><strong>iactum</strong></span> <span class='ocrx_word' id='word_1_15' title='bbox 1524 310 1568 363; x_wconf 74' lang='lat' dir='ltr'><strong>est</strong></span> <span class='ocrx_word' id='word_1_16' title='bbox 1590 311 1622 365; x_wconf 91' lang='lat' dir='ltr'><strong>ut</strong></span> <span class='ocrx_word' id='word_1_17' title='bbox 1645 309 1789 384; x_wconf 86' lang='lat' dir='ltr'><strong>parvulus</strong></span> 
     </span>
    </p>
   </div>
   <div class='ocr_carea' id='block_1_5' title="bbox 13 391 908 1632">
    <p class='ocr_par' dir='ltr' id='par_1_5' title="bbox 13 391 908 719">
     <span class='ocr_line' id='line_1_5' title="bbox 80 391 907 468; baseline -0.01 -17"><span class='ocrx_word' id='word_1_18' title='bbox 80 395 129 463; x_wconf 80' lang='lat' dir='ltr'><strong>rit,</strong></span> <span class='ocrx_word' id='word_1_19' title='bbox 142 399 169 451; x_wconf 92' lang='lat' dir='ltr'><strong>et</strong></span> <span class='ocrx_word' id='word_1_20' title='bbox 182 394 342 468; x_wconf 90' lang='lat' dir='ltr'><strong>pristinum</strong></span> <span class='ocrx_word' id='word_1_21' title='bbox 356 398 467 450; x_wconf 90' lang='lat' dir='ltr'><strong>statum</strong></span> <span class='ocrx_word' id='word_1_22' title='bbox 481 391 601 465; x_wconf 86' lang='lat' dir='ltr'><strong>reecpit.</strong></span> <span class='ocrx_word' id='word_1_23' title='bbox 620 392 720 452; x_wconf 77' lang='lat' dir='ltr'><strong>Altera</strong></span> <span class='ocrx_word' id='word_1_24' title='bbox 731 407 813 460; x_wconf 90' lang='lat' dir='ltr'><strong>vero,</strong></span> <span class='ocrx_word' id='word_1_25' title='bbox 837 404 907 446; x_wconf 87' lang='lat' dir='ltr'><strong>cum</strong></span> 
     </span>
     <span class='ocr_line' id='line_1_6' title="bbox 79 479 908 556; baseline -0.008 -15"><span class='ocrx_word' id='word_1_26' title='bbox 79 484 167 554; x_wconf 86' lang='lat' dir='ltr'><strong>longo</strong></span> <span class='ocrx_word' id='word_1_27' title='bbox 180 488 315 556; x_wconf 87' lang='lat' dir='ltr'><strong>tempore</strong></span> <span class='ocrx_word' id='word_1_28' title='bbox 329 483 442 539; x_wconf 88' lang='lat' dir='ltr'><strong>lumine</strong></span> <span class='ocrx_word' id='word_1_29' title='bbox 457 486 537 538; x_wconf 86' lang='lat' dir='ltr'><strong>esset</strong></span> <span class='ocrx_word' id='word_1_30' title='bbox 547 481 712 555; x_wconf 71' lang='lat' dir='ltr'><strong>privatam</strong></span> <span class='ocrx_word' id='word_1_31' title='bbox 728 482 787 550; x_wconf 83' lang='lat' dir='ltr'><strong>ria,</strong></span> <span class='ocrx_word' id='word_1_32' title='bbox 803 479 833 536; x_wconf 90' lang='lat' dir='ltr'><strong>in</strong></span> <span class='ocrx_word' id='word_1_33' title='bbox 845 495 908 552; x_wconf 88' lang='lat' dir='ltr'><strong>qua</strong></span> 
     </span>
     <span class='ocr_line' id='line_1_7' title="bbox 13 569 907 648; baseline -0.006 -19"><span class='ocrx_word' id='word_1_34' title='bbox 13 631 14 638; x_wconf 51' lang='lat'><strong>,</strong></span> <span class='ocrx_word' id='word_1_35' title='bbox 80 573 118 629; x_wconf 91' lang='lat' dir='ltr'><strong>ad</strong></span> <span class='ocrx_word' id='word_1_36' title='bbox 130 571 328 648; x_wconf 79' lang='lat' dir='ltr'>patrocinium</span> <span class='ocrx_word' id='word_1_37' title='bbox 341 570 420 628; x_wconf 90' lang='lat' dir='ltr'><strong>beati</strong></span> <span class='ocrx_word' id='word_1_38' title='bbox 434 571 603 630; x_wconf 86' lang='lat' dir='ltr'><strong>Godebardi</strong></span> <span class='ocrx_word' id='word_1_39' title='bbox 616 571 771 645; x_wconf 78' lang='lat' dir='ltr'>pergebat,</span> <span class='ocrx_word' id='word_1_40' title='bbox 787 571 831 627; x_wconf 90' lang='lat' dir='ltr'><strong>est</strong></span> <span class='ocrx_word' id='word_1_41' title='bbox 843 569 907 625; x_wconf 91' lang='lat' dir='ltr'><strong>illu-</strong></span> 
     </span>
     <span class='ocr_line' id='line_1_8' title="bbox 80 662 201 719; baseline 0 -1"><span class='ocrx_word' id='word_1_42' title='bbox 80 662 201 719; x_wconf 88' lang='lat' dir='ltr'><strong>minata.</strong></span> 
     </span>
    </p>

    <p class='ocr_par' dir='ltr' id='par_1_6' title="bbox 76 749 908 1632">
     <span class='ocr_line' id='line_1_9' title="bbox 115 749 905 825; baseline -0.005 -17"><span class='ocrx_word' id='word_1_43' title='bbox 115 755 157 808; x_wconf 72' lang='lat' dir='ltr'><strong>ti.</strong></span> <span class='ocrx_word' id='word_1_44' title='bbox 177 751 240 809; x_wconf 84' lang='lat' dir='ltr'><strong>Fuit</strong></span> <span class='ocrx_word' id='word_1_45' title='bbox 251 767 321 808; x_wconf 78' lang='lat' dir='ltr'><strong>vero</strong></span> <span class='ocrx_word' id='word_1_46' title='bbox 336 749 442 806; x_wconf 90' lang='lat' dir='ltr'><strong>iisdem</strong></span> <span class='ocrx_word' id='word_1_47' title='bbox 454 751 640 825; x_wconf 76' lang='lat' dir='ltr'><strong>temporibus</strong></span> <span class='ocrx_word' id='word_1_48' title='bbox 654 749 685 806; x_wconf 91' lang='lat' dir='ltr'><strong>in</strong></span> <span class='ocrx_word' id='word_1_49' title='bbox 696 749 838 808; x_wconf 69' lang='lat' dir='ltr'><strong>mindensi</strong></span> <span class='ocrx_word' id='word_1_50' title='bbox 849 751 905 821; x_wconf 81' lang='lat'><em>(88)</em></span> 
     </span>
     <span class='ocr_line' id='line_1_10' title="bbox 81 839 906 916; baseline -0.005 -19"><span class='ocrx_word' id='word_1_51' title='bbox 81 842 252 916; x_wconf 88' lang='lat' dir='ltr'><strong>episcopatu</strong></span> <span class='ocrx_word' id='word_1_52' title='bbox 266 839 310 896; x_wconf 88' lang='lat' dir='ltr'><strong>vir</strong></span> <span class='ocrx_word' id='word_1_53' title='bbox 324 840 449 914; x_wconf 88' lang='lat' dir='ltr'><strong>quidam</strong></span> <span class='ocrx_word' id='word_1_54' title='bbox 460 839 666 898; x_wconf 70' lang='lat' dir='ltr'><strong>eleemouiaeus</strong></span> <span class='ocrx_word' id='word_1_55' title='bbox 680 839 906 897; x_wconf 88' lang='lat' dir='ltr'><strong>adeoobsessus</strong></span> 
     </span>
     <span class='ocr_line' id='line_1_11' title="bbox 81 929 906 1005; baseline -0.002 -18"><span class='ocrx_word' id='word_1_56' title='bbox 81 935 113 987; x_wconf 93' lang='lat' dir='ltr'><strong>ut</strong></span> <span class='ocrx_word' id='word_1_57' title='bbox 125 931 173 986; x_wconf 82' lang='lat' dir='ltr'><strong>vix</strong></span> <span class='ocrx_word' id='word_1_58' title='bbox 184 930 284 1003; x_wconf 85' lang='lat' dir='ltr'><strong>plures</strong></span> <span class='ocrx_word' id='word_1_59' title='bbox 306 945 376 986; x_wconf 84' lang='lat' dir='ltr'><strong>eum</strong></span> <span class='ocrx_word' id='word_1_60' title='bbox 388 929 558 1002; x_wconf 78' lang='lat' dir='ltr'><strong>retinerent,</strong></span> <span class='ocrx_word' id='word_1_61' title='bbox 572 931 646 1005; x_wconf 91' lang='lat' dir='ltr'><strong>quin</strong></span> <span class='ocrx_word' id='word_1_62' title='bbox 671 947 702 987; x_wconf 88' lang='lat' dir='ltr'><strong>se</strong></span> <span class='ocrx_word' id='word_1_63' title='bbox 716 930 818 1004; x_wconf 91' lang='lat' dir='ltr'><strong>ipsum</strong></span> <span class='ocrx_word' id='word_1_64' title='bbox 832 929 906 986; x_wconf 89' lang='lat' dir='ltr'><strong>inte-</strong></span> 
     </span>
     <span class='ocr_line' id='line_1_12' title="bbox 78 1018 906 1078; baseline -0.001 -2"><span class='ocrx_word' id='word_1_65' title='bbox 78 1020 196 1076; x_wconf 90' lang='lat' dir='ltr'><strong>rimeret</strong></span> <span class='ocrx_word' id='word_1_66' title='bbox 210 1025 239 1076; x_wconf 90' lang='lat' dir='ltr'><strong>et</strong></span> <span class='ocrx_word' id='word_1_67' title='bbox 251 1018 325 1076; x_wconf 84' lang='lat' dir='ltr'><strong>alios</strong></span> <span class='ocrx_word' id='word_1_68' title='bbox 340 1019 406 1076; x_wconf 91' lang='lat' dir='ltr'><strong>neci</strong></span> <span class='ocrx_word' id='word_1_69' title='bbox 420 1019 556 1078; x_wconf 88' lang='lat' dir='ltr'><strong>traderet.</strong></span> <span class='ocrx_word' id='word_1_70' title='bbox 566 1020 615 1077; x_wconf 84' lang='lat' dir='ltr'><strong>ilic</strong></span> <span class='ocrx_word' id='word_1_71' title='bbox 626 1021 748 1078; x_wconf 90' lang='lat' dir='ltr'><strong>tandem</strong></span> <span class='ocrx_word' id='word_1_72' title='bbox 764 1019 906 1076; x_wconf 89' lang='lat' dir='ltr'><strong>manibus</strong></span> 
     </span>
     <span class='ocr_line' id='line_1_13' title="bbox 78 1108 908 1185; baseline 0 -19"><span class='ocrx_word' id='word_1_73' title='bbox 78 1115 146 1185; x_wconf 91' lang='lat' dir='ltr'><strong>post</strong></span> <span class='ocrx_word' id='word_1_74' title='bbox 163 1115 278 1179; x_wconf 83' lang='lat' dir='ltr'><strong>tergum</strong></span> <span class='ocrx_word' id='word_1_75' title='bbox 291 1108 389 1182; x_wconf 89' lang='lat' dir='ltr'><strong>ligatis</strong></span> <span class='ocrx_word' id='word_1_76' title='bbox 416 1114 445 1167; x_wconf 90' lang='lat' dir='ltr'><strong>et</strong></span> <span class='ocrx_word' id='word_1_77' title='bbox 470 1111 600 1184; x_wconf 90' lang='lat' dir='ltr'><strong>pedibus</strong></span> <span class='ocrx_word' id='word_1_78' title='bbox 615 1111 827 1179; x_wconf 82' lang='lat' dir='ltr'><strong>concatenatis,</strong></span> <span class='ocrx_word' id='word_1_79' title='bbox 854 1126 908 1183; x_wconf 89' lang='lat' dir='ltr'><strong>per</strong></span> 
     </span>
     <span class='ocr_line' id='line_1_14' title="bbox 78 1199 907 1275; baseline -0.002 -17"><span class='ocrx_word' id='word_1_80' title='bbox 78 1205 215 1275; x_wconf 89' lang='lat' dir='ltr'><strong>parentes</strong></span> <span class='ocrx_word' id='word_1_81' title='bbox 239 1217 311 1257; x_wconf 89' lang='lat' dir='ltr'><strong>suos</strong></span> <span class='ocrx_word' id='word_1_82' title='bbox 338 1201 378 1258; x_wconf 90' lang='lat' dir='ltr'><strong>ad</strong></span> <span class='ocrx_word' id='word_1_83' title='bbox 405 1201 606 1274; x_wconf 78' lang='lat' dir='ltr'><strong>patrocinium</strong></span> <span class='ocrx_word' id='word_1_84' title='bbox 633 1200 713 1258; x_wconf 89' lang='lat' dir='ltr'><strong>beati</strong></span> <span class='ocrx_word' id='word_1_85' title='bbox 738 1199 907 1257; x_wconf 88' lang='lat' dir='ltr'><strong>Godebardi</strong></span> 
     </span>
     <span class='ocr_line' id='line_1_15' title="bbox 78 1288 906 1365; baseline -0.002 -18"><span class='ocrx_word' id='word_1_86' title='bbox 78 1289 242 1357; x_wconf 85' lang='lat' dir='ltr'><strong>deducitur,</strong></span> <span class='ocrx_word' id='word_1_87' title='bbox 259 1291 384 1365; x_wconf 84' lang='lat' dir='ltr'><strong>ejusque</strong></span> <span class='ocrx_word' id='word_1_88' title='bbox 396 1289 541 1347; x_wconf 75' lang='lat' dir='ltr'><strong>auxilium</strong></span> <span class='ocrx_word' id='word_1_89' title='bbox 559 1290 598 1346; x_wconf 89' lang='lat' dir='ltr'><strong>ab</strong></span> <span class='ocrx_word' id='word_1_90' title='bbox 622 1290 763 1347; x_wconf 89' lang='lat' dir='ltr'><strong>omnibus</strong></span> <span class='ocrx_word' id='word_1_91' title='bbox 776 1288 906 1347; x_wconf 88' lang='lat' dir='ltr'><strong>humilli-</strong></span> 
     </span>
     <span class='ocr_line' id='line_1_16' title="bbox 79 1378 907 1454; baseline -0.001 -18"><span class='ocrx_word' id='word_1_92' title='bbox 79 1395 125 1436; x_wconf 89' lang='lat' dir='ltr'><strong>me</strong></span> <span class='ocrx_word' id='word_1_93' title='bbox 135 1379 322 1454; x_wconf 91' lang='lat' dir='ltr'><strong>imploratur.</strong></span> <span class='ocrx_word' id='word_1_94' title='bbox 339 1378 482 1435; x_wconf 82' lang='lat' dir='ltr'><strong>Dominus</strong></span> <span class='ocrx_word' id='word_1_95' title='bbox 498 1395 570 1435; x_wconf 86' lang='lat' dir='ltr'><strong>vero</strong></span> <span class='ocrx_word' id='word_1_96' title='bbox 585 1397 668 1448; x_wconf 82' lang='lat' dir='ltr'><strong>sune,</strong></span> <span class='ocrx_word' id='word_1_97' title='bbox 685 1379 838 1437; x_wconf 85' lang='lat' dir='ltr'><strong>Hezeliuus</strong></span> <span class='ocrx_word' id='word_1_98' title='bbox 853 1395 907 1436; x_wconf 88' lang='lat' dir='ltr'><strong>no-</strong></span> 
     </span>
     <span class='ocr_line' id='line_1_17' title="bbox 78 1467 906 1540; baseline 0 -16"><span class='ocrx_word' id='word_1_99' title='bbox 78 1468 166 1537; x_wconf 90' lang='lat' dir='ltr'><strong>mine,</strong></span> <span class='ocrx_word' id='word_1_100' title='bbox 182 1467 287 1524; x_wconf 82' lang='lat' dir='ltr'><strong>ridens</strong></span> <span class='ocrx_word' id='word_1_101' title='bbox 303 1483 455 1524; x_wconf 88' lang='lat' dir='ltr'><strong>summam</strong></span> <span class='ocrx_word' id='word_1_102' title='bbox 474 1469 539 1540; x_wconf 86' lang='lat' dir='ltr'><strong>ejus</strong></span> <span class='ocrx_word' id='word_1_103' title='bbox 558 1468 746 1524; x_wconf 77' lang='lat' dir='ltr'><strong>vexationem</strong></span> <span class='ocrx_word' id='word_1_104' title='bbox 761 1485 795 1525; x_wconf 88' lang='lat' dir='ltr'><strong>ae</strong></span> <span class='ocrx_word' id='word_1_105' title='bbox 811 1467 906 1524; x_wconf 84' lang='lat' dir='ltr'><strong>maxi-</strong></span> 
     </span>
     <span class='ocr_line' id='line_1_18' title="bbox 76 1557 907 1632; baseline 0.002 -18"><span class='ocrx_word' id='word_1_106' title='bbox 76 1575 158 1615; x_wconf 88' lang='lat' dir='ltr'><strong>mam</strong></span> <span class='ocrx_word' id='word_1_107' title='bbox 170 1557 403 1628; x_wconf 84' lang='lat' dir='ltr'><strong>tribulationem,</strong></span> <span class='ocrx_word' id='word_1_108' title='bbox 428 1558 567 1614; x_wconf 82' lang='lat' dir='ltr'><strong>misertus</strong></span> <span class='ocrx_word' id='word_1_109' title='bbox 594 1559 658 1629; x_wconf 86' lang='lat' dir='ltr'><strong>ejus</strong></span> <span class='ocrx_word' id='word_1_110' title='bbox 682 1558 784 1632; x_wconf 91' lang='lat' dir='ltr'><strong>ipsum</strong></span> <span class='ocrx_word' id='word_1_111' title='bbox 798 1575 907 1616; x_wconf 89' lang='lat' dir='ltr'><strong>mauu·</strong></span> 
     </span>
    </p>
   </div>
   <div class='ocr_carea' id='block_1_6' title="bbox 960 386 1839 1627">
    <p class='ocr_par' dir='ltr' id='par_1_7' title="bbox 960 386 1793 994">
     <span class='ocr_line' id='line_1_19' title="bbox 960 386 1790 473; baseline 0.018 -32"><span class='ocrx_word' id='word_1_112' title='bbox 960 386 1053 460; x_wconf 91' lang='lat' dir='ltr'><strong>ipsius</strong></span> <span class='ocrx_word' id='word_1_113' title='bbox 1068 389 1178 448; x_wconf 89' lang='lat' dir='ltr'><strong>inscius</strong></span> <span class='ocrx_word' id='word_1_114' title='bbox 1192 394 1319 451; x_wconf 90' lang='lat' dir='ltr'><strong>domum</strong></span> <span class='ocrx_word' id='word_1_115' title='bbox 1333 395 1533 466; x_wconf 82' lang='lat' dir='ltr'><strong>egrederetur,</strong></span> <span class='ocrx_word' id='word_1_116' title='bbox 1548 403 1672 470; x_wconf 89' lang='lat' dir='ltr'><strong>portans</strong></span> <span class='ocrx_word' id='word_1_117' title='bbox 1683 399 1790 473; x_wconf 91' lang='lat' dir='ltr'><strong>panni-</strong></span> 
     </span>
     <span class='ocr_line' id='line_1_20' title="bbox 961 474 1790 558; baseline 0.016 -27"><span class='ocrx_word' id='word_1_118' title='bbox 961 474 1072 546; x_wconf 86' lang='lat' dir='ltr'><strong>culum,</strong></span> <span class='ocrx_word' id='word_1_119' title='bbox 1088 495 1179 552; x_wconf 88' lang='lat' dir='ltr'><strong>quem</strong></span> <span class='ocrx_word' id='word_1_120' title='bbox 1194 482 1224 538; x_wconf 91' lang='lat' dir='ltr'><strong>in</strong></span> <span class='ocrx_word' id='word_1_121' title='bbox 1240 483 1340 558; x_wconf 87' lang='lat' dir='ltr'><strong>platea</strong></span> <span class='ocrx_word' id='word_1_122' title='bbox 1361 483 1525 552; x_wconf 87' lang='lat' dir='ltr'><strong>invenerat,</strong></span> <span class='ocrx_word' id='word_1_123' title='bbox 1554 485 1586 541; x_wconf 89' lang='lat' dir='ltr'><strong>iu</strong></span> <span class='ocrx_word' id='word_1_124' title='bbox 1611 502 1672 558; x_wconf 89' lang='lat' dir='ltr'><strong>quo</strong></span> <span class='ocrx_word' id='word_1_125' title='bbox 1696 491 1790 545; x_wconf 87' lang='lat' dir='ltr'><strong>mater</strong></span> 
     </span>
     <span class='ocr_line' id='line_1_21' title="bbox 960 573 1790 650; baseline 0.016 -30"><span class='ocrx_word' id='word_1_126' title='bbox 960 579 1070 622; x_wconf 84' lang='lat' dir='ltr'><strong>norem</strong></span> <span class='ocrx_word' id='word_1_127' title='bbox 1082 584 1233 642; x_wconf 92' lang='lat' dir='ltr'><strong>nummos,</strong></span> <span class='ocrx_word' id='word_1_128' title='bbox 1249 573 1336 648; x_wconf 87' lang='lat' dir='ltr'><strong>quasi</strong></span> <span class='ocrx_word' id='word_1_129' title='bbox 1353 575 1502 631; x_wconf 87' lang='lat' dir='ltr'><strong>nesciente</strong></span> <span class='ocrx_word' id='word_1_130' title='bbox 1514 589 1609 648; x_wconf 89' lang='lat' dir='ltr'><strong>puero</strong></span> <span class='ocrx_word' id='word_1_131' title='bbox 1632 575 1705 650; x_wconf 91' lang='lat' dir='ltr'><strong>quid</strong></span> <span class='ocrx_word' id='word_1_132' title='bbox 1721 591 1790 647; x_wconf 88' lang='lat' dir='ltr'><strong>age-</strong></span> 
     </span>
     <span class='ocr_line' id='line_1_22' title="bbox 960 658 1792 736; baseline 0.014 -27"><span class='ocrx_word' id='word_1_133' title='bbox 960 658 1014 722; x_wconf 92' lang='lat' dir='ltr'><strong>ret,</strong></span> <span class='ocrx_word' id='word_1_134' title='bbox 1030 658 1205 730; x_wconf 85' lang='lat' dir='ltr'><strong>reperiebat.</strong></span> <span class='ocrx_word' id='word_1_135' title='bbox 1222 662 1272 718; x_wconf 89' lang='lat' dir='ltr'><strong>His</strong></span> <span class='ocrx_word' id='word_1_136' title='bbox 1282 663 1323 722; x_wconf 88' lang='lat' dir='ltr'><strong>ita</strong></span> <span class='ocrx_word' id='word_1_137' title='bbox 1335 663 1435 736; x_wconf 85' lang='lat' dir='ltr'><strong>gestis,</strong></span> <span class='ocrx_word' id='word_1_138' title='bbox 1452 663 1558 720; x_wconf 88' lang='lat' dir='ltr'><strong>laudes</strong></span> <span class='ocrx_word' id='word_1_139' title='bbox 1578 667 1637 721; x_wconf 89' lang='lat' dir='ltr'><strong>Deo</strong></span> <span class='ocrx_word' id='word_1_140' title='bbox 1659 669 1688 721; x_wconf 89' lang='lat' dir='ltr'><strong>et</strong></span> <span class='ocrx_word' id='word_1_141' title='bbox 1701 665 1792 721; x_wconf 87' lang='lat' dir='ltr'><strong>beato</strong></span> 
     </span>
     <span class='ocr_line' id='line_1_23' title="bbox 961 743 1792 826; baseline 0.014 -29"><span class='ocrx_word' id='word_1_142' title='bbox 961 743 1139 802; x_wconf 87' lang='lat' dir='ltr'><strong>Godebardo</strong></span> <span class='ocrx_word' id='word_1_143' title='bbox 1154 749 1304 821; x_wconf 74' lang='lat' dir='ltr'><strong>persolvit,</strong></span> <span class='ocrx_word' id='word_1_144' title='bbox 1329 753 1382 826; x_wconf 91' lang='lat' dir='ltr'><strong>qui</strong></span> <span class='ocrx_word' id='word_1_145' title='bbox 1408 756 1437 809; x_wconf 89' lang='lat' dir='ltr'><strong>et</strong></span> <span class='ocrx_word' id='word_1_146' title='bbox 1464 751 1561 825; x_wconf 89' lang='lat' dir='ltr'><strong>ipsam</strong></span> <span class='ocrx_word' id='word_1_147' title='bbox 1585 752 1624 810; x_wconf 90' lang='lat' dir='ltr'><strong>ab</strong></span> <span class='ocrx_word' id='word_1_148' title='bbox 1644 753 1792 810; x_wconf 82' lang='lat' dir='ltr'><strong>anxietate</strong></span> 
     </span>
     <span class='ocr_line' id='line_1_24' title="bbox 961 829 1793 916; baseline 0.014 -30"><span class='ocrx_word' id='word_1_149' title='bbox 961 829 1077 904; x_wconf 87' lang='lat' dir='ltr'><strong>cripuit,</strong></span> <span class='ocrx_word' id='word_1_150' title='bbox 1093 839 1122 891; x_wconf 91' lang='lat' dir='ltr'><strong>et</strong></span> <span class='ocrx_word' id='word_1_151' title='bbox 1137 850 1258 894; x_wconf 89' lang='lat' dir='ltr'><strong>omnem</strong></span> <span class='ocrx_word' id='word_1_152' title='bbox 1273 839 1456 898; x_wconf 84' lang='lat' dir='ltr'><strong>dubietatem</strong></span> <span class='ocrx_word' id='word_1_153' title='bbox 1476 858 1494 898; x_wconf 86' lang='lat' dir='ltr'><strong>a</strong></span> <span class='ocrx_word' id='word_1_154' title='bbox 1519 841 1610 899; x_wconf 90' lang='lat' dir='ltr'><strong>eorde</strong></span> <span class='ocrx_word' id='word_1_155' title='bbox 1634 841 1730 916; x_wconf 88' lang='lat' dir='ltr'><strong>ipsius</strong></span> <span class='ocrx_word' id='word_1_156' title='bbox 1743 845 1793 898; x_wconf 54' lang='lat' dir='ltr'><strong>esi</strong></span> 
     </span>
     <span class='ocr_line' id='line_1_25' title="bbox 961 920 1106 994; baseline 0.028 -19"><span class='ocrx_word' id='word_1_157' title='bbox 961 920 1106 994; x_wconf 85' lang='lat' dir='ltr'><strong>stirpavit.</strong></span> 
     </span>
    </p>

    <p class='ocr_par' dir='ltr' id='par_1_8' title="bbox 960 1010 1839 1627">
     <span class='ocr_line' id='line_1_26' title="bbox 995 1010 1791 1096; baseline 0.019 -32"><span class='ocrx_word' id='word_1_158' title='bbox 995 1013 1040 1066; x_wconf 73' lang='lat'><strong>27.</strong></span> <span class='ocrx_word' id='word_1_159' title='bbox 1061 1010 1144 1068; x_wconf 85' lang='lat' dir='ltr'><strong>Circa</strong></span> <span class='ocrx_word' id='word_1_160' title='bbox 1157 1013 1237 1072; x_wconf 92' lang='lat' dir='ltr'><strong>idem</strong></span> <span class='ocrx_word' id='word_1_161' title='bbox 1250 1021 1369 1090; x_wconf 89' lang='lat' dir='ltr'><strong>tempus</strong></span> <span class='ocrx_word' id='word_1_162' title='bbox 1386 1017 1438 1074; x_wconf 87' lang='lat' dir='ltr'><strong>tuit</strong></span> <span class='ocrx_word' id='word_1_163' title='bbox 1464 1035 1539 1092; x_wconf 89' lang='lat' dir='ltr'><strong>puer</strong></span> <span class='ocrx_word' id='word_1_164' title='bbox 1561 1019 1594 1076; x_wconf 90' lang='lat' dir='ltr'><strong>io</strong></span> <span class='ocrx_word' id='word_1_165' title='bbox 1615 1021 1791 1096; x_wconf 89' lang='lat' dir='ltr'><strong>episcopatu</strong></span> 
     </span>
     <span class='ocr_line' id='line_1_27' title="bbox 960 1097 1791 1184; baseline 0.016 -29"><span class='ocrx_word' id='word_1_166' title='bbox 960 1097 1104 1157; x_wconf 80' lang='lat' dir='ltr'><strong>illudensi</strong></span> <span class='ocrx_word' id='word_1_167' title='bbox 1128 1103 1159 1159; x_wconf 93' lang='lat' dir='ltr'><strong>in</strong></span> <span class='ocrx_word' id='word_1_168' title='bbox 1189 1103 1271 1178; x_wconf 58' lang='lat' dir='ltr'><strong>ivilla,</strong></span> <span class='ocrx_word' id='word_1_169' title='bbox 1298 1123 1366 1179; x_wconf 88' lang='lat' dir='ltr'><strong>quae</strong></span> <span class='ocrx_word' id='word_1_170' title='bbox 1393 1109 1578 1178; x_wconf 84' lang='lat' dir='ltr'><strong>Lauesbergc</strong></span> <span class='ocrx_word' id='word_1_171' title='bbox 1612 1111 1791 1184; x_wconf 85' lang='lat' dir='ltr'><strong>appellatur,</strong></span> 
     </span>
     <span class='ocr_line' id='line_1_28' title="bbox 961 1188 1791 1272; baseline 0.014 -28"><span class='ocrx_word' id='word_1_172' title='bbox 961 1188 1087 1246; x_wconf 87' lang='lat' dir='ltr'><strong>claudus</strong></span> <span class='ocrx_word' id='word_1_173' title='bbox 1098 1197 1126 1250; x_wconf 86' lang='lat' dir='ltr'><strong>et</strong></span> <span class='ocrx_word' id='word_1_174' title='bbox 1140 1193 1216 1250; x_wconf 90' lang='lat' dir='ltr'><strong>miro</strong></span> <span class='ocrx_word' id='word_1_175' title='bbox 1230 1195 1323 1251; x_wconf 86' lang='lat' dir='ltr'><strong>modo</strong></span> <span class='ocrx_word' id='word_1_176' title='bbox 1336 1201 1516 1253; x_wconf 87' lang='lat' dir='ltr'><strong>contractus.</strong></span> <span class='ocrx_word' id='word_1_177' title='bbox 1542 1199 1627 1255; x_wconf 89' lang='lat' dir='ltr'><strong>Hunc</strong></span> <span class='ocrx_word' id='word_1_178' title='bbox 1654 1205 1791 1272; x_wconf 87' lang='lat' dir='ltr'><strong>parentes</strong></span> 
     </span>
     <span class='ocr_line' id='line_1_29' title="bbox 960 1278 1839 1364; baseline 0.013 -30"><span class='ocrx_word' id='word_1_179' title='bbox 960 1278 1064 1351; x_wconf 87' lang='lat' dir='ltr'><strong>ipsius,</strong></span> <span class='ocrx_word' id='word_1_180' title='bbox 1080 1279 1146 1337; x_wconf 89' lang='lat' dir='ltr'><strong>lieet</strong></span> <span class='ocrx_word' id='word_1_181' title='bbox 1161 1299 1322 1358; x_wconf 87' lang='lat' dir='ltr'><strong>pauperes,</strong></span> <span class='ocrx_word' id='word_1_182' title='bbox 1337 1285 1375 1340; x_wconf 89' lang='lat' dir='ltr'><strong>ad</strong></span> <span class='ocrx_word' id='word_1_183' title='bbox 1392 1285 1592 1358; x_wconf 87' lang='lat' dir='ltr'><strong>patrocinium</strong></span> <span class='ocrx_word' id='word_1_184' title='bbox 1603 1287 1683 1344; x_wconf 89' lang='lat' dir='ltr'><strong>beati</strong></span> <span class='ocrx_word' id='word_1_185' title='bbox 1698 1288 1792 1345; x_wconf 87' lang='lat' dir='ltr'><strong>Gode-</strong></span> <span class='ocrx_word' id='word_1_186' title='bbox 1831 1347 1839 1364; x_wconf 42' lang='lat'>¹</span> 
     </span>
     <span class='ocr_line' id='line_1_30' title="bbox 960 1367 1794 1450; baseline 0.012 -26"><span class='ocrx_word' id='word_1_187' title='bbox 960 1367 1046 1426; x_wconf 91' lang='lat' dir='ltr'><strong>hardi</strong></span> <span class='ocrx_word' id='word_1_188' title='bbox 1062 1371 1262 1444; x_wconf 83' lang='lat' dir='ltr'><strong>adduxeruut,</strong></span> <span class='ocrx_word' id='word_1_189' title='bbox 1276 1378 1369 1447; x_wconf 87' lang='lat' dir='ltr'><strong>etpro</strong></span> <span class='ocrx_word' id='word_1_190' title='bbox 1384 1375 1450 1447; x_wconf 84' lang='lat' dir='ltr'><strong>ejus</strong></span> <span class='ocrx_word' id='word_1_191' title='bbox 1467 1375 1593 1433; x_wconf 88' lang='lat' dir='ltr'><strong>sanitate</strong></span> <span class='ocrx_word' id='word_1_192' title='bbox 1614 1392 1794 1450; x_wconf 86' lang='lat' dir='ltr'><strong>recuperau-</strong></span> 
     </span>
     <span class='ocr_line' id='line_1_31' title="bbox 960 1459 1792 1540; baseline 0.005 -25"><span class='ocrx_word' id='word_1_193' title='bbox 960 1459 1001 1515; x_wconf 89' lang='lat' dir='ltr'><strong>da</strong></span> <span class='ocrx_word' id='word_1_194' title='bbox 1016 1460 1211 1519; x_wconf 85' lang='lat' dir='ltr'><strong>devotissime</strong></span> <span class='ocrx_word' id='word_1_195' title='bbox 1223 1463 1462 1522; x_wconf 88' lang='lat' dir='ltr'><strong>misericordiam</strong></span> <span class='ocrx_word' id='word_1_196' title='bbox 1472 1465 1566 1538; x_wconf 91' lang='lat' dir='ltr'><strong>ipsius</strong></span> <span class='ocrx_word' id='word_1_197' title='bbox 1581 1464 1792 1540; x_wconf 89' lang='lat' dir='ltr'><strong>implorabant.</strong></span> 
     </span>
     <span class='ocr_line' id='line_1_32' title="bbox 962 1549 1794 1627; baseline 0.006 -20"><span class='ocrx_word' id='word_1_198' title='bbox 962 1549 1019 1607; x_wconf 90' lang='lat' dir='ltr'><strong>Sed</strong></span> <span class='ocrx_word' id='word_1_199' title='bbox 1031 1550 1105 1608; x_wconf 89' lang='lat' dir='ltr'><strong>durn</strong></span> <span class='ocrx_word' id='word_1_200' title='bbox 1120 1551 1341 1625; x_wconf 87' lang='lat' dir='ltr'><strong>aliquantulum</strong></span> <span class='ocrx_word' id='word_1_201' title='bbox 1355 1571 1473 1612; x_wconf 91' lang='lat' dir='ltr'><strong>moram</strong></span> <span class='ocrx_word' id='word_1_202' title='bbox 1488 1555 1685 1627; x_wconf 67' lang='lat' dir='ltr'><strong>lacerantum</strong></span> <span class='ocrx_word' id='word_1_203' title='bbox 1698 1555 1794 1612; x_wconf 90' lang='lat' dir='ltr'><strong>ullum</strong></span> 
     </span>
    </p>
   </div>
   <div class='ocr_carea' id='block_1_7' title="bbox 76 1639 1794 1719">
    <p class='ocr_par' dir='ltr' id='par_1_9' title="bbox 76 1639 1794 1719">
     <span class='ocr_line' id='line_1_33' title="bbox 76 1639 1794 1719; baseline 0.001 -15"><span class='ocrx_word' id='word_1_204' title='bbox 76 1649 165 1717; x_wconf 90' lang='lat' dir='ltr'><strong>misit,</strong></span> <span class='ocrx_word' id='word_1_205' title='bbox 181 1663 216 1706; x_wconf 92' lang='lat' dir='ltr'><strong>ac</strong></span> <span class='ocrx_word' id='word_1_206' title='bbox 231 1664 351 1704; x_wconf 88' lang='lat' dir='ltr'><strong>servum</strong></span> <span class='ocrx_word' id='word_1_207' title='bbox 376 1647 466 1705; x_wconf 90' lang='lat' dir='ltr'><strong>beato</strong></span> <span class='ocrx_word' id='word_1_208' title='bbox 489 1648 667 1705; x_wconf 88' lang='lat' dir='ltr'><strong>Godebardo</strong></span> <span class='ocrx_word' id='word_1_209' title='bbox 691 1649 820 1705; x_wconf 89' lang='lat' dir='ltr'><strong>tradidit.</strong></span> <span class='ocrx_word' id='word_1_210' title='bbox 842 1652 907 1716; x_wconf 85' lang='lat' dir='ltr'><strong>Quo</strong></span> <span class='ocrx_word' id='word_1_211' title='bbox 924 1652 946 1706; x_wconf 93' lang='lat' dir='ltr'>B</span> <span class='ocrx_word' id='word_1_212' title='bbox 961 1639 1127 1713; x_wconf 72' lang='lat' dir='ltr'><strong>pr⁰fe⁰ium</strong></span> <span class='ocrx_word' id='word_1_213' title='bbox 1142 1642 1173 1698; x_wconf 85' lang='lat' dir='ltr'><strong>iss</strong></span> <span class='ocrx_word' id='word_1_214' title='bbox 1185 1658 1279 1716; x_wconf 76' lang='lat' dir='ltr'><strong>puero</strong></span> <span class='ocrx_word' id='word_1_215' title='bbox 1294 1644 1439 1717; x_wconf 80' lang='lat' dir='ltr'><strong>viderent,</strong></span> <span class='ocrx_word' id='word_1_216' title='bbox 1454 1645 1492 1702; x_wconf 80' lang='lat' dir='ltr'><strong>ad</strong></span> <span class='ocrx_word' id='word_1_217' title='bbox 1508 1645 1646 1719; x_wconf 71' lang='lat' dir='ltr'><strong>propales</strong></span> <span class='ocrx_word' id='word_1_218' title='bbox 1661 1645 1794 1703; x_wconf 85' lang='lat' dir='ltr'><strong>mansio·</strong></span> 
     </span>
    </p>
   </div>
   <div class='ocr_carea' id='block_1_8' title="bbox 76 1737 909 2950">
    <p class='ocr_par' dir='ltr' id='par_1_10' title="bbox 77 1737 908 1972">
     <span class='ocr_line' id='line_1_34' title="bbox 77 1737 908 1812; baseline 0.004 -19"><span class='ocrx_word' id='word_1_219' title='bbox 77 1737 165 1807; x_wconf 86' lang='lat' dir='ltr'><strong>iacto,</strong></span> <span class='ocrx_word' id='word_1_220' title='bbox 182 1738 281 1794; x_wconf 86' lang='lat' dir='ltr'><strong>statim</strong></span> <span class='ocrx_word' id='word_1_221' title='bbox 294 1737 452 1795; x_wconf 83' lang='lat' dir='ltr'><strong>sanitatum</strong></span> <span class='ocrx_word' id='word_1_222' title='bbox 464 1738 585 1812; x_wconf 88' lang='lat' dir='ltr'><strong>recepit,</strong></span> <span class='ocrx_word' id='word_1_223' title='bbox 607 1743 718 1796; x_wconf 89' lang='lat' dir='ltr'><strong>etcum</strong></span> <span class='ocrx_word' id='word_1_224' title='bbox 733 1737 908 1812; x_wconf 86' lang='lat' dir='ltr'><strong>parentibus</strong></span> 
     </span>
     <span class='ocr_line' id='line_1_35' title="bbox 78 1826 908 1898; baseline 0.005 -16"><span class='ocrx_word' id='word_1_225' title='bbox 78 1827 154 1898; x_wconf 91' lang='lat' dir='ltr'><strong>suis,</strong></span> <span class='ocrx_word' id='word_1_226' title='bbox 169 1826 272 1884; x_wconf 87' lang='lat' dir='ltr'><strong>solutis</strong></span> <span class='ocrx_word' id='word_1_227' title='bbox 285 1827 421 1898; x_wconf 85' lang='lat' dir='ltr'><strong>vinculis,</strong></span> <span class='ocrx_word' id='word_1_228' title='bbox 438 1828 550 1898; x_wconf 79' lang='lat' dir='ltr'><strong>integer</strong></span> <span class='ocrx_word' id='word_1_229' title='bbox 565 1833 594 1885; x_wconf 90' lang='lat' dir='ltr'><strong>et</strong></span> <span class='ocrx_word' id='word_1_230' title='bbox 607 1827 766 1884; x_wconf 88' lang='lat' dir='ltr'><strong>incolumis</strong></span> <span class='ocrx_word' id='word_1_231' title='bbox 780 1828 908 1886; x_wconf 90' lang='lat' dir='ltr'><strong>domum</strong></span> 
     </span>
     <span class='ocr_line' id='line_1_36' title="bbox 79 1915 230 1972; baseline 0 0"><span class='ocrx_word' id='word_1_232' title='bbox 79 1915 230 1972; x_wconf 81' lang='lat' dir='ltr'><strong>remearit.</strong></span> 
     </span>
    </p>

    <p class='ocr_par' dir='ltr' id='par_1_11' title="bbox 76 2003 909 2950">
     <span class='ocr_line' id='line_1_37' title="bbox 116 2003 906 2079; baseline 0.004 -19"><span class='ocrx_word' id='word_1_233' title='bbox 116 2009 159 2060; x_wconf 74' lang='grc'><strong>13.</strong></span> <span class='ocrx_word' id='word_1_234' title='bbox 181 2003 242 2062; x_wconf 90' lang='lat' dir='ltr'><strong>Sub</strong></span> <span class='ocrx_word' id='word_1_235' title='bbox 256 2004 363 2062; x_wconf 88' lang='lat' dir='ltr'><strong>eodem</strong></span> <span class='ocrx_word' id='word_1_236' title='bbox 377 2008 511 2079; x_wconf 90' lang='lat' dir='ltr'><strong>tempore</strong></span> <span class='ocrx_word' id='word_1_237' title='bbox 523 2004 604 2061; x_wconf 78' lang='lat' dir='ltr'><strong>venit</strong></span> <span class='ocrx_word' id='word_1_238' title='bbox 627 2005 658 2061; x_wconf 91' lang='lat' dir='ltr'><strong>in</strong></span> <span class='ocrx_word' id='word_1_239' title='bbox 680 2005 837 2063; x_wconf 89' lang='lat' dir='ltr'><strong>ecelesiam</strong></span> <span class='ocrx_word' id='word_1_240' title='bbox 851 2023 906 2063; x_wconf 91' lang='lat' dir='ltr'><strong>no·</strong></span> 
     </span>
     <span class='ocr_line' id='line_1_38' title="bbox 82 2091 908 2166; baseline 0.007 -19"><span class='ocrx_word' id='word_1_241' title='bbox 82 2096 173 2150; x_wconf 89' lang='lat' dir='ltr'><strong>stram</strong></span> <span class='ocrx_word' id='word_1_242' title='bbox 188 2091 234 2150; x_wconf 87' lang='lat' dir='ltr'><strong>vir</strong></span> <span class='ocrx_word' id='word_1_243' title='bbox 244 2093 371 2166; x_wconf 90' lang='lat' dir='ltr'><strong>quidam</strong></span> <span class='ocrx_word' id='word_1_244' title='bbox 386 2109 505 2164; x_wconf 74' lang='lat' dir='ltr'><strong>magnae</strong></span> <span class='ocrx_word' id='word_1_245' title='bbox 519 2093 700 2166; x_wconf 75' lang='lat' dir='ltr'><strong>paenitentias</strong></span> <span class='ocrx_word' id='word_1_246' title='bbox 710 2099 739 2151; x_wconf 89' lang='lat' dir='ltr'><strong>et</strong></span> <span class='ocrx_word' id='word_1_247' title='bbox 753 2096 908 2154; x_wconf 91' lang='lat' dir='ltr'><strong>austerita-</strong></span> 
     </span>
     <span class='ocr_line' id='line_1_39' title="bbox 80 2181 908 2257; baseline 0.007 -20"><span class='ocrx_word' id='word_1_248' title='bbox 80 2181 116 2237; x_wconf 90' lang='lat' dir='ltr'><strong>tis</strong></span> <span class='ocrx_word' id='word_1_249' title='bbox 130 2181 181 2254; x_wconf 91' lang='lat' dir='ltr'><strong>qui</strong></span> <span class='ocrx_word' id='word_1_250' title='bbox 195 2198 249 2255; x_wconf 89' lang='lat' dir='ltr'><strong>per</strong></span> <span class='ocrx_word' id='word_1_251' title='bbox 259 2181 352 2238; x_wconf 88' lang='lat' dir='ltr'><strong>multa</strong></span> <span class='ocrx_word' id='word_1_252' title='bbox 368 2187 503 2256; x_wconf 91' lang='lat' dir='ltr'><strong>tempora</strong></span> <span class='ocrx_word' id='word_1_253' title='bbox 518 2199 639 2240; x_wconf 89' lang='lat' dir='ltr'><strong>earnem</strong></span> <span class='ocrx_word' id='word_1_254' title='bbox 653 2201 742 2242; x_wconf 91' lang='lat' dir='ltr'><strong>suam</strong></span> <span class='ocrx_word' id='word_1_255' title='bbox 756 2186 864 2257; x_wconf 87' lang='lat' dir='ltr'><strong>vigiliis</strong></span> <span class='ocrx_word' id='word_1_256' title='bbox 879 2191 908 2244; x_wconf 88' lang='lat' dir='ltr'><strong>et</strong></span> 
     </span>
     <span class='ocr_line' id='line_1_40' title="bbox 76 2269 908 2342; baseline 0.008 -16"><span class='ocrx_word' id='word_1_257' title='bbox 76 2269 196 2342; x_wconf 88' lang='lat' dir='ltr'><strong>jejuniis</strong></span> <span class='ocrx_word' id='word_1_258' title='bbox 210 2269 394 2339; x_wconf 78' lang='lat' dir='ltr'><strong>domaverat,</strong></span> <span class='ocrx_word' id='word_1_259' title='bbox 408 2270 485 2328; x_wconf 88' lang='lat' dir='ltr'><strong>adeo</strong></span> <span class='ocrx_word' id='word_1_260' title='bbox 504 2277 536 2329; x_wconf 91' lang='lat' dir='ltr'><strong>ut</strong></span> <span class='ocrx_word' id='word_1_261' title='bbox 550 2277 579 2329; x_wconf 90' lang='lat' dir='ltr'><strong>et</strong></span> <span class='ocrx_word' id='word_1_262' title='bbox 592 2272 717 2330; x_wconf 89' lang='lat' dir='ltr'><strong>loricam</strong></span> <span class='ocrx_word' id='word_1_263' title='bbox 730 2275 852 2332; x_wconf 89' lang='lat' dir='ltr'><strong>indutus</strong></span> <span class='ocrx_word' id='word_1_264' title='bbox 868 2277 908 2334; x_wconf 91' lang='lat' dir='ltr'><strong>ad</strong></span> 
     </span>
     <span class='ocr_line' id='line_1_41' title="bbox 78 2359 907 2438; baseline 0.008 -24"><span class='ocrx_word' id='word_1_265' title='bbox 78 2374 197 2416; x_wconf 90' lang='lat' dir='ltr'><strong>caruem</strong></span> <span class='ocrx_word' id='word_1_266' title='bbox 209 2363 349 2434; x_wconf 89' lang='lat' dir='ltr'><strong>portaret.</strong></span> <span class='ocrx_word' id='word_1_267' title='bbox 366 2359 417 2417; x_wconf 81' lang='lat' dir='ltr'><strong>ilie</strong></span> <span class='ocrx_word' id='word_1_268' title='bbox 430 2377 500 2417; x_wconf 90' lang='lat' dir='ltr'><strong>eum</strong></span> <span class='ocrx_word' id='word_1_269' title='bbox 515 2361 621 2419; x_wconf 80' lang='lat' dir='ltr'><strong>dcroie</strong></span> <span class='ocrx_word' id='word_1_270' title='bbox 650 2380 753 2420; x_wconf 90' lang='lat' dir='ltr'><strong>coram</strong></span> <span class='ocrx_word' id='word_1_271' title='bbox 778 2369 907 2438; x_wconf 91' lang='lat' dir='ltr'><strong>patrono</strong></span> 
     </span>
     <span class='ocr_line' id='line_1_42' title="bbox 77 2449 908 2523; baseline 0.007 -19"><span class='ocrx_word' id='word_1_272' title='bbox 77 2453 178 2505; x_wconf 90' lang='lat' dir='ltr'><strong>nostro</strong></span> <span class='ocrx_word' id='word_1_273' title='bbox 204 2449 390 2506; x_wconf 89' lang='lat' dir='ltr'><strong>orationibus</strong></span> <span class='ocrx_word' id='word_1_274' title='bbox 418 2449 574 2518; x_wconf 87' lang='lat' dir='ltr'><strong>insisteret,</strong></span> <span class='ocrx_word' id='word_1_275' title='bbox 597 2451 699 2507; x_wconf 89' lang='lat' dir='ltr'><strong>multis</strong></span> <span class='ocrx_word' id='word_1_276' title='bbox 725 2451 908 2523; x_wconf 84' lang='lat' dir='ltr'><strong>videntibus,</strong></span> 
     </span>
     <span class='ocr_line' id='line_1_43' title="bbox 77 2537 909 2616; baseline 0.005 -22"><span class='ocrx_word' id='word_1_277' title='bbox 77 2552 131 2611; x_wconf 89' lang='lat' dir='ltr'><strong>per</strong></span> <span class='ocrx_word' id='word_1_278' title='bbox 144 2537 271 2608; x_wconf 87' lang='lat' dir='ltr'><strong>gratiam</strong></span> <span class='ocrx_word' id='word_1_279' title='bbox 286 2537 349 2610; x_wconf 86' lang='lat' dir='ltr'><strong>Dei,</strong></span> <span class='ocrx_word' id='word_1_280' title='bbox 362 2537 454 2595; x_wconf 89' lang='lat' dir='ltr'><strong>lorica</strong></span> <span class='ocrx_word' id='word_1_281' title='bbox 468 2539 556 2611; x_wconf 89' lang='lat' dir='ltr'><strong>quasi</strong></span> <span class='ocrx_word' id='word_1_282' title='bbox 572 2538 629 2595; x_wconf 81' lang='lat' dir='ltr'><strong>tela</strong></span> <span class='ocrx_word' id='word_1_283' title='bbox 648 2556 767 2597; x_wconf 73' lang='lat' dir='ltr'><strong>araneae</strong></span> <span class='ocrx_word' id='word_1_284' title='bbox 787 2541 909 2616; x_wconf 91' lang='lat' dir='ltr'><strong>dirupta</strong></span> 
     </span>
     <span class='ocr_line' id='line_1_44' title="bbox 77 2626 909 2700; baseline 0.007 -19"><span class='ocrx_word' id='word_1_285' title='bbox 77 2630 131 2696; x_wconf 90' lang='lat' dir='ltr'><strong>est,</strong></span> <span class='ocrx_word' id='word_1_286' title='bbox 146 2629 284 2700; x_wconf 86' lang='lat' dir='ltr'><strong>utusque</strong></span> <span class='ocrx_word' id='word_1_287' title='bbox 311 2626 351 2683; x_wconf 86' lang='lat' dir='ltr'><strong>ad</strong></span> <span class='ocrx_word' id='word_1_288' title='bbox 377 2629 487 2683; x_wconf 89' lang='lat' dir='ltr'><strong>terram</strong></span> <span class='ocrx_word' id='word_1_289' title='bbox 513 2626 639 2700; x_wconf 87' lang='lat' dir='ltr'><strong>dilapsa.</strong></span> <span class='ocrx_word' id='word_1_290' title='bbox 662 2630 683 2685; x_wconf 91' lang='grc' dir='ltr'><strong>Ο</strong></span> <span class='ocrx_word' id='word_1_291' title='bbox 708 2628 807 2686; x_wconf 83' lang='lat' dir='ltr'><strong>virum</strong></span> <span class='ocrx_word' id='word_1_292' title='bbox 825 2631 909 2688; x_wconf 92' lang='lat' dir='ltr'><strong>omni</strong></span> 
     </span>
     <span class='ocr_line' id='line_1_45' title="bbox 77 2713 907 2794; baseline 0.008 -24"><span class='ocrx_word' id='word_1_293' title='bbox 77 2713 166 2772; x_wconf 89' lang='lat' dir='ltr'><strong>laude</strong></span> <span class='ocrx_word' id='word_1_294' title='bbox 179 2715 403 2786; x_wconf 87' lang='lat' dir='ltr'><strong>dignissimum,</strong></span> <span class='ocrx_word' id='word_1_295' title='bbox 419 2715 506 2788; x_wconf 83' lang='lat' dir='ltr'><strong>errjus</strong></span> <span class='ocrx_word' id='word_1_296' title='bbox 523 2717 634 2773; x_wconf 88' lang='lat' dir='ltr'><strong>meritis</strong></span> <span class='ocrx_word' id='word_1_297' title='bbox 659 2723 687 2774; x_wconf 92' lang='lat' dir='ltr'><strong>et</strong></span> <span class='ocrx_word' id='word_1_298' title='bbox 700 2718 818 2776; x_wconf 85' lang='lat' dir='ltr'><strong>vincula</strong></span> <span class='ocrx_word' id='word_1_299' title='bbox 837 2736 907 2794; x_wconf 86' lang='lat' dir='ltr'><strong>pec·</strong></span> 
     </span>
     <span class='ocr_line' id='line_1_46' title="bbox 78 2805 908 2880; baseline 0.006 -19"><span class='ocrx_word' id='word_1_300' title='bbox 78 2809 213 2862; x_wconf 86' lang='lat' dir='ltr'><strong>catorum</strong></span> <span class='ocrx_word' id='word_1_301' title='bbox 226 2805 465 2880; x_wconf 89' lang='lat' dir='ltr'><strong>disrumpuntur,</strong></span> <span class='ocrx_word' id='word_1_302' title='bbox 479 2810 507 2864; x_wconf 91' lang='lat' dir='ltr'><strong>et</strong></span> <span class='ocrx_word' id='word_1_303' title='bbox 521 2806 656 2878; x_wconf 76' lang='lat' dir='ltr'><strong>ligaturae</strong></span> <span class='ocrx_word' id='word_1_304' title='bbox 678 2807 779 2865; x_wconf 82' lang='lat' dir='ltr'><strong>ferreae</strong></span> <span class='ocrx_word' id='word_1_305' title='bbox 804 2809 908 2867; x_wconf 91' lang='lat' dir='ltr'><strong>dissol-</strong></span> 
     </span>
     <span class='ocr_line' id='line_1_47' title="bbox 77 2894 208 2950; baseline 0.015 -2"><span class='ocrx_word' id='word_1_306' title='bbox 77 2897 187 2950; x_wconf 73' lang='lat' dir='ltr'><strong>suntur</strong></span> <span class='ocrx_word' id='word_1_307' title='bbox 202 2894 208 2950; x_wconf 91' lang='grc'>1</span> 
     </span>
    </p>
   </div>
   <div class='ocr_carea' id='block_1_9' title="bbox 960 1731 1796 2974">
    <p class='ocr_par' dir='ltr' id='par_1_12' title="bbox 960 1731 1796 2974">
     <span class='ocr_line' id='line_1_48' title="bbox 961 1731 1794 1809; baseline 0.006 -24"><span class='ocrx_word' id='word_1_308' title='bbox 961 1745 1015 1786; x_wconf 91' lang='lat' dir='ltr'><strong>nes</strong></span> <span class='ocrx_word' id='word_1_309' title='bbox 1042 1731 1137 1787; x_wconf 88' lang='lat' dir='ltr'><strong>redire</strong></span> <span class='ocrx_word' id='word_1_310' title='bbox 1162 1732 1323 1805; x_wconf 89' lang='lat' dir='ltr'><strong>parabant,</strong></span> <span class='ocrx_word' id='word_1_311' title='bbox 1346 1735 1419 1807; x_wconf 91' lang='lat' dir='ltr'><strong>quia</strong></span> <span class='ocrx_word' id='word_1_312' title='bbox 1443 1751 1475 1790; x_wconf 90' lang='lat' dir='ltr'><strong>se</strong></span> <span class='ocrx_word' id='word_1_313' title='bbox 1502 1731 1638 1792; x_wconf 80' lang='lat' dir='ltr'><strong>exaudiri</strong></span> <span class='ocrx_word' id='word_1_314' title='bbox 1652 1733 1794 1809; x_wconf 88' lang='lat' dir='ltr'><strong>deinceps</strong></span> 
     </span>
     <span class='ocr_line' id='line_1_49' title="bbox 961 1819 1796 1898; baseline 0.006 -22"><span class='ocrx_word' id='word_1_315' title='bbox 961 1819 1149 1878; x_wconf 88' lang='lat' dir='ltr'><strong>dubitabant.</strong></span> <span class='ocrx_word' id='word_1_316' title='bbox 1166 1823 1225 1880; x_wconf 89' lang='lat' dir='ltr'><strong>Sed</strong></span> <span class='ocrx_word' id='word_1_317' title='bbox 1237 1822 1310 1879; x_wconf 93' lang='lat' dir='ltr'><strong>dum</strong></span> <span class='ocrx_word' id='word_1_318' title='bbox 1323 1840 1418 1897; x_wconf 88' lang='lat' dir='ltr'><strong>propo</strong></span> <span class='ocrx_word' id='word_1_319' title='bbox 1433 1823 1473 1880; x_wconf 90' lang='lat' dir='ltr'><strong>ad</strong></span> <span class='ocrx_word' id='word_1_320' title='bbox 1487 1823 1601 1897; x_wconf 89' lang='lat' dir='ltr'><strong>villam,</strong></span> <span class='ocrx_word' id='word_1_321' title='bbox 1614 1841 1683 1898; x_wconf 84' lang='lat' dir='ltr'><strong>quae</strong></span> <span class='ocrx_word' id='word_1_322' title='bbox 1698 1827 1796 1882; x_wconf 84' lang='lat' dir='ltr'><strong>liune-</strong></span> 
     </span>
     <span class='ocr_line' id='line_1_50' title="bbox 960 1909 1795 1988; baseline 0.011 -23"><span class='ocrx_word' id='word_1_323' title='bbox 960 1909 1051 1980; x_wconf 89' lang='lat' dir='ltr'><strong>berge</strong></span> <span class='ocrx_word' id='word_1_324' title='bbox 1067 1911 1245 1984; x_wconf 90' lang='lat' dir='ltr'><strong>appellatur,</strong></span> <span class='ocrx_word' id='word_1_325' title='bbox 1262 1913 1424 1982; x_wconf 82' lang='lat' dir='ltr'><strong>venissent,</strong></span> <span class='ocrx_word' id='word_1_326' title='bbox 1455 1917 1483 1969; x_wconf 88' lang='lat' dir='ltr'><strong>et</strong></span> <span class='ocrx_word' id='word_1_327' title='bbox 1509 1914 1538 1969; x_wconf 92' lang='lat' dir='ltr'><strong>in</strong></span> <span class='ocrx_word' id='word_1_328' title='bbox 1552 1913 1689 1988; x_wconf 91' lang='lat' dir='ltr'><strong>quodam</strong></span> <span class='ocrx_word' id='word_1_329' title='bbox 1707 1909 1795 1988; x_wconf 89' lang='lat' dir='ltr'><strong>prato</strong></span> 
     </span>
     <span class='ocr_line' id='line_1_51' title="bbox 961 2000 1795 2078; baseline 0.008 -22"><span class='ocrx_word' id='word_1_330' title='bbox 961 2016 992 2056; x_wconf 89' lang='lat' dir='ltr'><strong>se</strong></span> <span class='ocrx_word' id='word_1_331' title='bbox 1007 2000 1161 2074; x_wconf 90' lang='lat' dir='ltr'><strong>quieturos</strong></span> <span class='ocrx_word' id='word_1_332' title='bbox 1189 2001 1422 2076; x_wconf 87' lang='lat' dir='ltr'><strong>disposuissent,</strong></span> <span class='ocrx_word' id='word_1_333' title='bbox 1447 2005 1478 2059; x_wconf 93' lang='lat' dir='ltr'><strong>iu</strong></span> <span class='ocrx_word' id='word_1_334' title='bbox 1502 2002 1674 2078; x_wconf 83' lang='lat' dir='ltr'><strong>lacrymosa</strong></span> <span class='ocrx_word' id='word_1_335' title='bbox 1700 2004 1795 2063; x_wconf 88' lang='lat' dir='ltr'><strong>verba</strong></span> 
     </span>
     <span class='ocr_line' id='line_1_52' title="bbox 960 2091 1794 2166; baseline 0.008 -21"><span class='ocrx_word' id='word_1_336' title='bbox 960 2097 1171 2164; x_wconf 89' lang='lat' dir='ltr'><strong>proruperunt,</strong></span> <span class='ocrx_word' id='word_1_337' title='bbox 1181 2097 1397 2166; x_wconf 88' lang='lat' dir='ltr'><strong>conquerentes</strong></span> <span class='ocrx_word' id='word_1_338' title='bbox 1414 2091 1483 2149; x_wconf 89' lang='lat' dir='ltr'><strong>seio</strong></span> <span class='ocrx_word' id='word_1_339' title='bbox 1498 2093 1591 2150; x_wconf 90' lang='lat' dir='ltr'><strong>multa</strong></span> <span class='ocrx_word' id='word_1_340' title='bbox 1604 2091 1794 2152; x_wconf 87' lang='lat' dir='ltr'><strong>tribulatione</strong></span> 
     </span>
     <span class='ocr_line' id='line_1_53' title="bbox 961 2179 1795 2256; baseline 0.006 -20"><span class='ocrx_word' id='word_1_341' title='bbox 961 2179 1000 2236; x_wconf 91' lang='lat' dir='ltr'><strong>ad</strong></span> <span class='ocrx_word' id='word_1_342' title='bbox 1014 2181 1214 2254; x_wconf 87' lang='lat' dir='ltr'><strong>patrocinium</strong></span> <span class='ocrx_word' id='word_1_343' title='bbox 1229 2181 1308 2239; x_wconf 91' lang='lat' dir='ltr'><strong>beati</strong></span> <span class='ocrx_word' id='word_1_344' title='bbox 1323 2182 1494 2239; x_wconf 80' lang='lat' dir='ltr'><strong>Godebardi</strong></span> <span class='ocrx_word' id='word_1_345' title='bbox 1505 2183 1634 2256; x_wconf 86' lang='lat' dir='ltr'><strong>venisse,</strong></span> <span class='ocrx_word' id='word_1_346' title='bbox 1661 2183 1715 2240; x_wconf 90' lang='lat' dir='ltr'><strong>sed</strong></span> <span class='ocrx_word' id='word_1_347' title='bbox 1728 2184 1795 2241; x_wconf 92' lang='lat' dir='ltr'><strong>nul-</strong></span> 
     </span>
     <span class='ocr_line' id='line_1_54' title="bbox 961 2269 1795 2346; baseline 0.005 -21"><span class='ocrx_word' id='word_1_348' title='bbox 961 2269 1023 2328; x_wconf 87' lang='lat' dir='ltr'><strong>lam</strong></span> <span class='ocrx_word' id='word_1_349' title='bbox 1038 2271 1166 2341; x_wconf 85' lang='lat' dir='ltr'><strong>gratiam</strong></span> <span class='ocrx_word' id='word_1_350' title='bbox 1178 2271 1209 2328; x_wconf 90' lang='lat' dir='ltr'><strong>in</strong></span> <span class='ocrx_word' id='word_1_351' title='bbox 1225 2289 1319 2345; x_wconf 87' lang='lat' dir='ltr'><strong>puero</strong></span> <span class='ocrx_word' id='word_1_352' title='bbox 1333 2288 1388 2329; x_wconf 92' lang='lat' dir='ltr'><strong>suo</strong></span> <span class='ocrx_word' id='word_1_353' title='bbox 1403 2273 1583 2346; x_wconf 87' lang='lat' dir='ltr'><strong>percepisse.</strong></span> <span class='ocrx_word' id='word_1_354' title='bbox 1597 2272 1652 2338; x_wconf 86' lang='lat' dir='ltr'><strong>Qui</strong></span> <span class='ocrx_word' id='word_1_355' title='bbox 1665 2271 1739 2329; x_wconf 91' lang='lat' dir='ltr'><strong>dum</strong></span> <span class='ocrx_word' id='word_1_356' title='bbox 1752 2273 1795 2330; x_wconf 90' lang='lat' dir='ltr'><strong>sic</strong></span> 
     </span>
     <span class='ocr_line' id='line_1_55' title="bbox 962 2360 1796 2436; baseline 0.002 -19"><span class='ocrx_word' id='word_1_357' title='bbox 962 2360 1212 2434; x_wconf 86' lang='lat' dir='ltr'><strong>colloquerentur,</strong></span> <span class='ocrx_word' id='word_1_358' title='bbox 1227 2361 1325 2418; x_wconf 91' lang='lat' dir='ltr'><strong>subito</strong></span> <span class='ocrx_word' id='word_1_359' title='bbox 1338 2377 1413 2436; x_wconf 89' lang='lat' dir='ltr'><strong>puer</strong></span> <span class='ocrx_word' id='word_1_360' title='bbox 1436 2361 1584 2429; x_wconf 88' lang='lat' dir='ltr'><strong>membra,</strong></span> <span class='ocrx_word' id='word_1_361' title='bbox 1613 2378 1683 2435; x_wconf 76' lang='lat' dir='ltr'><strong>quae</strong></span> <span class='ocrx_word' id='word_1_362' title='bbox 1706 2365 1796 2420; x_wconf 87' lang='lat' dir='ltr'><strong>antea</strong></span> 
     </span>
     <span class='ocr_line' id='line_1_56' title="bbox 962 2448 1795 2524; baseline 0.004 -19"><span class='ocrx_word' id='word_1_363' title='bbox 962 2448 1080 2507; x_wconf 84' lang='lat' dir='ltr'><strong>fueraut</strong></span> <span class='ocrx_word' id='word_1_364' title='bbox 1094 2450 1259 2519; x_wconf 80' lang='lat' dir='ltr'><strong>incurvata,</strong></span> <span class='ocrx_word' id='word_1_365' title='bbox 1275 2449 1407 2508; x_wconf 86' lang='lat' dir='ltr'><strong>extendit</strong></span> <span class='ocrx_word' id='word_1_366' title='bbox 1425 2457 1453 2507; x_wconf 88' lang='lat' dir='ltr'><strong>et</strong></span> <span class='ocrx_word' id='word_1_367' title='bbox 1468 2451 1505 2508; x_wconf 92' lang='lat' dir='ltr'><strong>dc</strong></span> <span class='ocrx_word' id='word_1_368' title='bbox 1521 2467 1609 2508; x_wconf 91' lang='lat' dir='ltr'><strong>curru</strong></span> <span class='ocrx_word' id='word_1_369' title='bbox 1625 2452 1655 2508; x_wconf 91' lang='lat' dir='ltr'><strong>in</strong></span> <span class='ocrx_word' id='word_1_370' title='bbox 1669 2468 1731 2524; x_wconf 84' lang='lat' dir='ltr'><strong>quo</strong></span> <span class='ocrx_word' id='word_1_371' title='bbox 1746 2467 1795 2508; x_wconf 88' lang='lat' dir='ltr'><strong>vc·</strong></span> 
     </span>
     <span class='ocr_line' id='line_1_57' title="bbox 962 2539 1795 2616; baseline 0.005 -20"><span class='ocrx_word' id='word_1_372' title='bbox 962 2539 1090 2596; x_wconf 88' lang='lat' dir='ltr'><strong>bebatur</strong></span> <span class='ocrx_word' id='word_1_373' title='bbox 1102 2540 1187 2598; x_wconf 83' lang='lat' dir='ltr'><strong>laetus</strong></span> <span class='ocrx_word' id='word_1_374' title='bbox 1199 2546 1228 2597; x_wconf 90' lang='lat' dir='ltr'><strong>et</strong></span> <span class='ocrx_word' id='word_1_375' title='bbox 1242 2557 1336 2597; x_wconf 86' lang='lat' dir='ltr'><strong>ovans</strong></span> <span class='ocrx_word' id='word_1_376' title='bbox 1352 2540 1497 2614; x_wconf 76' lang='lat' dir='ltr'><strong>prosiluit.</strong></span> <span class='ocrx_word' id='word_1_377' title='bbox 1519 2541 1605 2607; x_wconf 85' lang='lat' dir='ltr'><strong>Quod</strong></span> <span class='ocrx_word' id='word_1_378' title='bbox 1631 2547 1795 2616; x_wconf 89' lang='lat' dir='ltr'><strong>postquam</strong></span> 
     </span>
     <span class='ocr_line' id='line_1_58' title="bbox 964 2629 1795 2700; baseline 0.002 -15"><span class='ocrx_word' id='word_1_379' title='bbox 964 2644 1037 2700; x_wconf 88' lang='lat' dir='ltr'><strong>gens</strong></span> <span class='ocrx_word' id='word_1_380' title='bbox 1052 2629 1150 2686; x_wconf 89' lang='lat' dir='ltr'><strong>vicina</strong></span> <span class='ocrx_word' id='word_1_381' title='bbox 1169 2630 1293 2698; x_wconf 85' lang='lat' dir='ltr'><strong>viderat,</strong></span> <span class='ocrx_word' id='word_1_382' title='bbox 1317 2629 1395 2686; x_wconf 86' lang='lat' dir='ltr'><strong>illico</strong></span> <span class='ocrx_word' id='word_1_383' title='bbox 1424 2629 1606 2686; x_wconf 88' lang='lat' dir='ltr'><strong>unanimiter</strong></span> <span class='ocrx_word' id='word_1_384' title='bbox 1632 2630 1795 2688; x_wconf 89' lang='lat' dir='ltr'><strong>Dominum</strong></span> 
     </span>
     <span class='ocr_line' id='line_1_59' title="bbox 964 2718 1795 2794; baseline 0.001 -18"><span class='ocrx_word' id='word_1_385' title='bbox 964 2718 1186 2790; x_wconf 88' lang='lat' dir='ltr'><strong>collaudabant,</strong></span> <span class='ocrx_word' id='word_1_386' title='bbox 1203 2723 1231 2776; x_wconf 90' lang='lat' dir='ltr'><strong>et</strong></span> <span class='ocrx_word' id='word_1_387' title='bbox 1246 2719 1284 2776; x_wconf 88' lang='lat' dir='ltr'><strong>ad</strong></span> <span class='ocrx_word' id='word_1_388' title='bbox 1300 2721 1469 2794; x_wconf 79' lang='lat' dir='ltr'><strong>proximam</strong></span> <span class='ocrx_word' id='word_1_389' title='bbox 1486 2719 1643 2776; x_wconf 90' lang='lat' dir='ltr'><strong>eeclesiam</strong></span> <span class='ocrx_word' id='word_1_390' title='bbox 1665 2735 1795 2794; x_wconf 88' lang='lat' dir='ltr'><strong>puerum</strong></span> 
     </span>
     <span class='ocr_line' id='line_1_60' title="bbox 964 2807 1794 2866; baseline 0.002 -2"><span class='ocrx_word' id='word_1_391' title='bbox 964 2812 1104 2866; x_wconf 91' lang='lat' dir='ltr'><strong>sanatum</strong></span> <span class='ocrx_word' id='word_1_392' title='bbox 1118 2808 1309 2865; x_wconf 82' lang='lat' dir='ltr'><strong>devotissime</strong></span> <span class='ocrx_word' id='word_1_393' title='bbox 1323 2809 1523 2865; x_wconf 89' lang='lat' dir='ltr'><strong>deducebant.</strong></span> <span class='ocrx_word' id='word_1_394' title='bbox 1552 2807 1610 2866; x_wconf 91' lang='lat' dir='ltr'><strong>Sed</strong></span> <span class='ocrx_word' id='word_1_395' title='bbox 1624 2825 1662 2865; x_wconf 89' lang='lat' dir='ltr'><strong>ne</strong></span> <span class='ocrx_word' id='word_1_396' title='bbox 1678 2812 1794 2866; x_wconf 90' lang='lat' dir='ltr'><strong>tautum</strong></span> 
     </span>
     <span class='ocr_line' id='line_1_61' title="bbox 963 2898 1795 2974; baseline 0.005 -20"><span class='ocrx_word' id='word_1_397' title='bbox 963 2899 1144 2956; x_wconf 90' lang='lat' dir='ltr'><strong>miraculum</strong></span> <span class='ocrx_word' id='word_1_398' title='bbox 1158 2898 1188 2955; x_wconf 90' lang='lat' dir='ltr'><strong>in</strong></span> <span class='ocrx_word' id='word_1_399' title='bbox 1201 2899 1384 2956; x_wconf 78' lang='lat' dir='ltr'><strong>oblivionem</strong></span> <span class='ocrx_word' id='word_1_400' title='bbox 1396 2899 1572 2968; x_wconf 88' lang='lat' dir='ltr'><strong>traderetur,</strong></span> <span class='ocrx_word' id='word_1_401' title='bbox 1598 2899 1628 2956; x_wconf 92' lang='lat' dir='ltr'><strong>in</strong></span> <span class='ocrx_word' id='word_1_402' title='bbox 1653 2898 1795 2974; x_wconf 83' lang='lat' dir='ltr'><strong>praedieto</strong></span> 
     </span>
    </p>
   </div>
   <div class='ocr_carea' id='block_1_10' title="bbox 67 2981 1805 5298">
    <p class='ocr_par' dir='ltr' id='par_1_13' title="bbox 67 2981 1805 5298">
     <span class='ocr_line' id='line_1_62' title="bbox 114 2981 1794 3068; baseline 0.004 -29"><span class='ocrx_word' id='word_1_403' title='bbox 114 2987 156 3040; x_wconf 74' lang='grc'><strong>16.</strong></span> <span class='ocrx_word' id='word_1_404' title='bbox 178 2981 314 3040; x_wconf 85' lang='lat' dir='ltr'><strong>Habebat</strong></span> <span class='ocrx_word' id='word_1_405' title='bbox 327 2987 396 3040; x_wconf 92' lang='lat' dir='ltr'><strong>tunc</strong></span> <span class='ocrx_word' id='word_1_406' title='bbox 415 2984 559 3058; x_wconf 90' lang='lat' dir='ltr'><strong>temporis</strong></span> <span class='ocrx_word' id='word_1_407' title='bbox 574 2985 729 3044; x_wconf 88' lang='lat' dir='ltr'><strong>abbatissa</strong></span> <span class='ocrx_word' id='word_1_408' title='bbox 753 2988 790 3043; x_wconf 92' lang='lat' dir='ltr'><strong>dc</strong></span> <span class='ocrx_word' id='word_1_409' title='bbox 812 2988 908 3045; x_wconf 88' lang='lat' dir='ltr'><strong>Wun-</strong></span> <span class='ocrx_word' id='word_1_410' title='bbox 923 3011 944 3068; x_wconf 74' lang='lat' dir='ltr'>C</span> <span class='ocrx_word' id='word_1_411' title='bbox 963 2989 1030 3046; x_wconf 90' lang='lat' dir='ltr'><strong>loeo</strong></span> <span class='ocrx_word' id='word_1_412' title='bbox 1045 3005 1148 3046; x_wconf 87' lang='lat' dir='ltr'><strong>casam</strong></span> <span class='ocrx_word' id='word_1_413' title='bbox 1162 2987 1329 3062; x_wconf 88' lang='lat' dir='ltr'><strong>quamdam</strong></span> <span class='ocrx_word' id='word_1_414' title='bbox 1343 2989 1612 3063; x_wconf 79' lang='lat' dir='ltr'><strong>comprovinciales</strong></span> <span class='ocrx_word' id='word_1_415' title='bbox 1627 2989 1794 3062; x_wconf 87' lang='lat' dir='ltr'><strong>erigebant,</strong></span> 
     </span>
     <span class='ocr_line' id='line_1_63' title="bbox 77 3071 1794 3152; baseline 0.005 -24"><span class='ocrx_word' id='word_1_416' title='bbox 77 3073 165 3130; x_wconf 84' lang='lat' dir='ltr'><strong>storil</strong></span> <span class='ocrx_word' id='word_1_417' title='bbox 176 3076 233 3145; x_wconf 80' lang='lat' dir='ltr'><strong>(er)</strong></span> <span class='ocrx_word' id='word_1_418' title='bbox 248 3071 390 3130; x_wconf 88' lang='lat' dir='ltr'><strong>claudum</strong></span> <span class='ocrx_word' id='word_1_419' title='bbox 405 3073 571 3148; x_wconf 89' lang='lat' dir='ltr'><strong>quemdam</strong></span> <span class='ocrx_word' id='word_1_420' title='bbox 584 3075 671 3132; x_wconf 83' lang='lat' dir='ltr'><strong>valde</strong></span> <span class='ocrx_word' id='word_1_421' title='bbox 690 3076 830 3148; x_wconf 90' lang='lat' dir='ltr'><strong>debilem,</strong></span> <span class='ocrx_word' id='word_1_422' title='bbox 856 3080 908 3152; x_wconf 90' lang='lat' dir='ltr'><strong>qui</strong></span> <span class='ocrx_word' id='word_1_423' title='bbox 964 3077 1128 3135; x_wconf 87' lang='lat' dir='ltr'><strong>ubiiideles</strong></span> <span class='ocrx_word' id='word_1_424' title='bbox 1143 3083 1357 3151; x_wconf 77' lang='lat' dir='ltr'><strong>praetereuntes</strong></span> <span class='ocrx_word' id='word_1_425' title='bbox 1371 3078 1577 3134; x_wconf 80' lang='lat' dir='ltr'><strong>inreverentia</strong></span> <span class='ocrx_word' id='word_1_426' title='bbox 1596 3077 1682 3136; x_wconf 83' lang='lat' dir='ltr'><strong>istius</strong></span> <span class='ocrx_word' id='word_1_427' title='bbox 1705 3079 1794 3136; x_wconf 84' lang='lat' dir='ltr'><strong>mira-</strong></span> 
     </span>
     <span class='ocr_line' id='line_1_64' title="bbox 76 3161 1739 3241; baseline 0.002 -22"><span class='ocrx_word' id='word_1_428' title='bbox 76 3161 202 3220; x_wconf 91' lang='lat' dir='ltr'><strong>0muiuo</strong></span> <span class='ocrx_word' id='word_1_429' title='bbox 212 3179 247 3219; x_wconf 91' lang='lat' dir='ltr'><strong>os</strong></span> <span class='ocrx_word' id='word_1_430' title='bbox 261 3163 292 3218; x_wconf 92' lang='lat' dir='ltr'><strong>in</strong></span> <span class='ocrx_word' id='word_1_431' title='bbox 308 3177 388 3236; x_wconf 90' lang='lat' dir='ltr'><strong>genu</strong></span> <span class='ocrx_word' id='word_1_432' title='bbox 406 3162 556 3231; x_wconf 88' lang='lat' dir='ltr'><strong>amiserat,</strong></span> <span class='ocrx_word' id='word_1_433' title='bbox 573 3169 601 3220; x_wconf 91' lang='lat' dir='ltr'><strong>et</strong></span> <span class='ocrx_word' id='word_1_434' title='bbox 615 3181 683 3221; x_wconf 88' lang='lat' dir='ltr'><strong>crus</strong></span> <span class='ocrx_word' id='word_1_435' title='bbox 697 3166 727 3222; x_wconf 95' lang='lat' dir='ltr'><strong>iu</strong></span> <span class='ocrx_word' id='word_1_436' title='bbox 743 3184 909 3241; x_wconf 89' lang='lat' dir='ltr'><strong>quamcun·</strong></span> <span class='ocrx_word' id='word_1_437' title='bbox 964 3167 1023 3224; x_wconf 92' lang='lat' dir='ltr'><strong>culi</strong></span> <span class='ocrx_word' id='word_1_438' title='bbox 1037 3171 1106 3241; x_wconf 90' lang='lat' dir='ltr'><strong>post</strong></span> <span class='ocrx_word' id='word_1_439' title='bbox 1120 3167 1213 3224; x_wconf 91' lang='lat' dir='ltr'><strong>multo</strong></span> <span class='ocrx_word' id='word_1_440' title='bbox 1225 3173 1358 3239; x_wconf 91' lang='lat' dir='ltr'><strong>tempore</strong></span> <span class='ocrx_word' id='word_1_441' title='bbox 1373 3165 1541 3222; x_wconf 90' lang='lat' dir='ltr'><strong>oblationes</strong></span> <span class='ocrx_word' id='word_1_442' title='bbox 1555 3165 1739 3224; x_wconf 81' lang='lat' dir='ltr'><strong>deferebant.</strong></span> 
     </span>
     <span class='ocr_line' id='line_1_65' title="bbox 76 3251 1794 3328; baseline 0.002 -20"><span class='ocrx_word' id='word_1_443' title='bbox 76 3269 136 3326; x_wconf 89' lang='lat' dir='ltr'><strong>que</strong></span> <span class='ocrx_word' id='word_1_444' title='bbox 147 3255 264 3326; x_wconf 89' lang='lat' dir='ltr'><strong>partem</strong></span> <span class='ocrx_word' id='word_1_445' title='bbox 278 3251 406 3320; x_wconf 86' lang='lat' dir='ltr'><strong>volebat,</strong></span> <span class='ocrx_word' id='word_1_446' title='bbox 422 3251 509 3326; x_wconf 90' lang='lat' dir='ltr'><strong>quasi</strong></span> <span class='ocrx_word' id='word_1_447' title='bbox 528 3252 591 3308; x_wconf 90' lang='lat' dir='ltr'><strong>siue</strong></span> <span class='ocrx_word' id='word_1_448' title='bbox 612 3254 753 3326; x_wconf 82' lang='lat' dir='ltr'><strong>junctura</strong></span> <span class='ocrx_word' id='word_1_449' title='bbox 765 3258 906 3316; x_wconf 75' lang='lat' dir='ltr'><strong>vertebat.</strong></span> <span class='ocrx_word' id='word_1_450' title='bbox 998 3260 1043 3312; x_wconf 78' lang='lat'><strong>28.</strong></span> <span class='ocrx_word' id='word_1_451' title='bbox 1065 3256 1127 3312; x_wconf 85' lang='lat' dir='ltr'><strong>Fuit</strong></span> <span class='ocrx_word' id='word_1_452' title='bbox 1142 3256 1211 3312; x_wconf 89' lang='lat' dir='ltr'><strong>item</strong></span> <span class='ocrx_word' id='word_1_453' title='bbox 1227 3255 1352 3311; x_wconf 85' lang='lat' dir='ltr'><strong>claudus</strong></span> <span class='ocrx_word' id='word_1_454' title='bbox 1375 3253 1500 3328; x_wconf 90' lang='lat' dir='ltr'><strong>quidam</strong></span> <span class='ocrx_word' id='word_1_455' title='bbox 1528 3253 1585 3310; x_wconf 86' lang='lat' dir='ltr'><strong>illis</strong></span> <span class='ocrx_word' id='word_1_456' title='bbox 1607 3253 1794 3328; x_wconf 89' lang='lat' dir='ltr'><strong>temporibus</strong></span> 
     </span>
     <span class='ocr_line' id='line_1_66' title="bbox 76 3339 1795 3418; baseline 0.002 -20"><span class='ocrx_word' id='word_1_457' title='bbox 76 3343 160 3398; x_wconf 86' lang='lat' dir='ltr'><strong>Tune</strong></span> <span class='ocrx_word' id='word_1_458' title='bbox 176 3339 416 3410; x_wconf 71' lang='lat' dir='ltr'><strong>abbatissarum</strong></span> <span class='ocrx_word' id='word_1_459' title='bbox 431 3345 513 3399; x_wconf 88' lang='lat' dir='ltr'><strong>tanta</strong></span> <span class='ocrx_word' id='word_1_460' title='bbox 529 3343 673 3400; x_wconf 87' lang='lat' dir='ltr'><strong>miracula</strong></span> <span class='ocrx_word' id='word_1_461' title='bbox 686 3361 739 3418; x_wconf 86' lang='lat' dir='ltr'><strong>per</strong></span> <span class='ocrx_word' id='word_1_462' title='bbox 746 3351 908 3418; x_wconf 90' lang='lat' dir='ltr'><strong>patronum</strong></span> <span class='ocrx_word' id='word_1_463' title='bbox 963 3347 994 3403; x_wconf 92' lang='lat' dir='ltr'><strong>in</strong></span> <span class='ocrx_word' id='word_1_464' title='bbox 1005 3345 1139 3404; x_wconf 86' lang='lat' dir='ltr'><strong>Goslaria</strong></span> <span class='ocrx_word' id='word_1_465' title='bbox 1152 3346 1208 3418; x_wconf 74' lang='grc'>(901</span> <span class='ocrx_word' id='word_1_466' title='bbox 1222 3345 1364 3402; x_wconf 89' lang='lat' dir='ltr'><strong>omnibus</strong></span> <span class='ocrx_word' id='word_1_467' title='bbox 1377 3349 1476 3416; x_wconf 87' lang='lat' dir='ltr'><strong>notus,</strong></span> <span class='ocrx_word' id='word_1_468' title='bbox 1492 3345 1544 3418; x_wconf 91' lang='lat' dir='ltr'><strong>qui</strong></span> <span class='ocrx_word' id='word_1_469' title='bbox 1561 3343 1667 3418; x_wconf 90' lang='lat' dir='ltr'><strong>etipse</strong></span> <span class='ocrx_word' id='word_1_470' title='bbox 1682 3361 1738 3418; x_wconf 92' lang='lat' dir='ltr'><strong>pro</strong></span> <span class='ocrx_word' id='word_1_471' title='bbox 1750 3361 1795 3401; x_wconf 90' lang='lat' dir='ltr'><strong>re·</strong></span> 
     </span>
     <span class='ocr_line' id='line_1_67' title="bbox 75 3430 1795 3511; baseline 0.001 -23"><span class='ocrx_word' id='word_1_472' title='bbox 75 3437 211 3489; x_wconf 89' lang='lat' dir='ltr'><strong>nostrum</strong></span> <span class='ocrx_word' id='word_1_473' title='bbox 227 3430 291 3487; x_wconf 85' lang='lat' dir='ltr'><strong>lieri</strong></span> <span class='ocrx_word' id='word_1_474' title='bbox 304 3431 479 3505; x_wconf 82' lang='lat' dir='ltr'><strong>perciperet,</strong></span> <span class='ocrx_word' id='word_1_475' title='bbox 500 3449 603 3490; x_wconf 90' lang='lat' dir='ltr'><strong>seeum</strong></span> <span class='ocrx_word' id='word_1_476' title='bbox 625 3434 802 3508; x_wconf 78' lang='lat' dir='ltr'><strong>praedictum</strong></span> <span class='ocrx_word' id='word_1_477' title='bbox 826 3437 908 3494; x_wconf 91' lang='lat' dir='ltr'><strong>clau·</strong></span> <span class='ocrx_word' id='word_1_478' title='bbox 963 3436 1137 3511; x_wconf 90' lang='lat' dir='ltr'><strong>cuperanda</strong></span> <span class='ocrx_word' id='word_1_479' title='bbox 1162 3435 1287 3492; x_wconf 88' lang='lat' dir='ltr'><strong>sanitate</strong></span> <span class='ocrx_word' id='word_1_480' title='bbox 1314 3433 1353 3490; x_wconf 89' lang='lat' dir='ltr'><strong>ad</strong></span> <span class='ocrx_word' id='word_1_481' title='bbox 1379 3433 1502 3491; x_wconf 90' lang='lat' dir='ltr'><strong>beatum</strong></span> <span class='ocrx_word' id='word_1_482' title='bbox 1527 3433 1739 3492; x_wconf 87' lang='lat' dir='ltr'><strong>Godebardum</strong></span> <span class='ocrx_word' id='word_1_483' title='bbox 1763 3451 1795 3491; x_wconf 90' lang='lat' dir='ltr'><strong>se</strong></span> 
     </span>
     <span class='ocr_line' id='line_1_68' title="bbox 75 3520 1794 3598; baseline 0.001 -20"><span class='ocrx_word' id='word_1_484' title='bbox 75 3521 149 3578; x_wconf 91' lang='lat' dir='ltr'><strong>dum</strong></span> <span class='ocrx_word' id='word_1_485' title='bbox 163 3535 259 3594; x_wconf 87' lang='lat' dir='ltr'><strong>usquc</strong></span> <span class='ocrx_word' id='word_1_486' title='bbox 272 3520 311 3577; x_wconf 90' lang='lat' dir='ltr'><strong>ad</strong></span> <span class='ocrx_word' id='word_1_487' title='bbox 323 3520 428 3577; x_wconf 90' lang='lat' dir='ltr'><strong>limina</strong></span> <span class='ocrx_word' id='word_1_488' title='bbox 442 3522 561 3594; x_wconf 91' lang='lat' dir='ltr'><strong>patroni</strong></span> <span class='ocrx_word' id='word_1_489' title='bbox 574 3523 667 3579; x_wconf 90' lang='lat' dir='ltr'><strong>nostri</strong></span> <span class='ocrx_word' id='word_1_490' title='bbox 689 3525 838 3597; x_wconf 85' lang='lat' dir='ltr'><strong>perduxit,</strong></span> <span class='ocrx_word' id='word_1_491' title='bbox 868 3531 907 3598; x_wconf 90' lang='lat' dir='ltr'><strong>et,</strong></span> <span class='ocrx_word' id='word_1_492' title='bbox 964 3525 1130 3582; x_wconf 89' lang='lat' dir='ltr'><strong>contulerat</strong></span> <span class='ocrx_word' id='word_1_493' title='bbox 1141 3531 1178 3593; x_wconf 92' lang='lat' dir='ltr'><strong>et,</strong></span> <span class='ocrx_word' id='word_1_494' title='bbox 1196 3524 1321 3582; x_wconf 85' lang='lat' dir='ltr'><strong>ltomiuo</strong></span> <span class='ocrx_word' id='word_1_495' title='bbox 1337 3523 1509 3596; x_wconf 75' lang='lat' dir='ltr'><strong>adiurante,</strong></span> <span class='ocrx_word' id='word_1_496' title='bbox 1534 3523 1694 3581; x_wconf 87' lang='lat' dir='ltr'><strong>sanitatem</strong></span> <span class='ocrx_word' id='word_1_497' title='bbox 1720 3524 1794 3582; x_wconf 89' lang='lat' dir='ltr'><strong>reci-</strong></span> 
     </span>
     <span class='ocr_line' id='line_1_69' title="bbox 77 3609 1793 3691; baseline 0.002 -23"><span class='ocrx_word' id='word_1_498' title='bbox 77 3609 412 3681; x_wconf 85' lang='lat' dir='ltr'><strong>Deofaeiente,sauum</strong></span> <span class='ocrx_word' id='word_1_499' title='bbox 436 3615 465 3668; x_wconf 92' lang='lat' dir='ltr'><strong>et</strong></span> <span class='ocrx_word' id='word_1_500' title='bbox 485 3610 668 3669; x_wconf 90' lang='lat' dir='ltr'><strong>ineolumem</strong></span> <span class='ocrx_word' id='word_1_501' title='bbox 694 3615 821 3672; x_wconf 82' lang='lat' dir='ltr'><strong>redusit.</strong></span> <span class='ocrx_word' id='word_1_502' title='bbox 850 3617 908 3674; x_wconf 92' lang='lat' dir='ltr'><strong>Sed</strong></span> <span class='ocrx_word' id='word_1_503' title='bbox 962 3615 1074 3691; x_wconf 90' lang='lat' dir='ltr'><strong>piebat,</strong></span> <span class='ocrx_word' id='word_1_504' title='bbox 1091 3614 1167 3672; x_wconf 89' lang='lat' dir='ltr'><strong>adeo</strong></span> <span class='ocrx_word' id='word_1_505' title='bbox 1182 3619 1215 3670; x_wconf 90' lang='lat' dir='ltr'><strong>ut</strong></span> <span class='ocrx_word' id='word_1_506' title='bbox 1236 3613 1367 3670; x_wconf 87' lang='lat' dir='ltr'><strong>scabella</strong></span> <span class='ocrx_word' id='word_1_507' title='bbox 1391 3613 1503 3686; x_wconf 89' lang='lat' dir='ltr'><strong>quibus</strong></span> <span class='ocrx_word' id='word_1_508' title='bbox 1532 3619 1621 3671; x_wconf 90' lang='lat' dir='ltr'><strong>autea</strong></span> <span class='ocrx_word' id='word_1_509' title='bbox 1644 3613 1793 3688; x_wconf 85' lang='lat' dir='ltr'><strong>reptabat,</strong></span> 
     </span>
     <span class='ocr_line' id='line_1_70' title="bbox 77 3699 1794 3780; baseline 0.002 -23"><span class='ocrx_word' id='word_1_510' title='bbox 77 3717 148 3757; x_wconf 89' lang='lat' dir='ltr'><strong>cum</strong></span> <span class='ocrx_word' id='word_1_511' title='bbox 158 3700 196 3756; x_wconf 90' lang='lat' dir='ltr'><strong>ad</strong></span> <span class='ocrx_word' id='word_1_512' title='bbox 210 3699 368 3757; x_wconf 88' lang='lat' dir='ltr'><strong>eeclesiam</strong></span> <span class='ocrx_word' id='word_1_513' title='bbox 381 3699 439 3756; x_wconf 90' lang='lat' dir='ltr'><strong>sibi</strong></span> <span class='ocrx_word' id='word_1_514' title='bbox 454 3701 649 3758; x_wconf 88' lang='lat' dir='ltr'><strong>commissam</strong></span> <span class='ocrx_word' id='word_1_515' title='bbox 664 3710 820 3775; x_wconf 90' lang='lat' dir='ltr'><strong>remearet,</strong></span> <span class='ocrx_word' id='word_1_516' title='bbox 837 3721 907 3762; x_wconf 92' lang='lat' dir='ltr'><strong>cum</strong></span> <span class='ocrx_word' id='word_1_517' title='bbox 962 3705 1050 3780; x_wconf 88' lang='lat' dir='ltr'><strong>quasi</strong></span> <span class='ocrx_word' id='word_1_518' title='bbox 1063 3705 1093 3762; x_wconf 92' lang='lat' dir='ltr'><strong>in</strong></span> <span class='ocrx_word' id='word_1_519' title='bbox 1108 3705 1227 3777; x_wconf 87' lang='lat' dir='ltr'><strong>signum</strong></span> <span class='ocrx_word' id='word_1_520' title='bbox 1242 3705 1405 3774; x_wconf 73' lang='lat' dir='ltr'><strong>memoriae,</strong></span> <span class='ocrx_word' id='word_1_521' title='bbox 1419 3704 1449 3760; x_wconf 92' lang='lat' dir='ltr'><strong>in</strong></span> <span class='ocrx_word' id='word_1_522' title='bbox 1474 3704 1600 3762; x_wconf 90' lang='lat' dir='ltr'><strong>ecclesia</strong></span> <span class='ocrx_word' id='word_1_523' title='bbox 1621 3709 1723 3762; x_wconf 87' lang='lat' dir='ltr'><strong>nostra</strong></span> <span class='ocrx_word' id='word_1_524' title='bbox 1742 3705 1794 3761; x_wconf 92' lang='lat' dir='ltr'><strong>de-</strong></span> 
     </span>
     <span class='ocr_line' id='line_1_71' title="bbox 75 3789 1794 3867; baseline 0 -19"><span class='ocrx_word' id='word_1_525' title='bbox 75 3790 197 3864; x_wconf 74' lang='lat' dir='ltr'><strong>hymnis</strong></span> <span class='ocrx_word' id='word_1_526' title='bbox 211 3795 240 3846; x_wconf 91' lang='lat' dir='ltr'><strong>et</strong></span> <span class='ocrx_word' id='word_1_527' title='bbox 252 3789 405 3862; x_wconf 53' lang='lat' dir='ltr'><strong>laudibus</strong></span> <span class='ocrx_word' id='word_1_528' title='bbox 420 3805 491 3846; x_wconf 89' lang='lat' dir='ltr'><strong>eum</strong></span> <span class='ocrx_word' id='word_1_529' title='bbox 512 3790 630 3847; x_wconf 84' lang='lat' dir='ltr'><strong>reduxit</strong></span> <span class='ocrx_word' id='word_1_530' title='bbox 651 3791 782 3848; x_wconf 87' lang='lat' dir='ltr'><strong>reterens</strong></span> <span class='ocrx_word' id='word_1_531' title='bbox 797 3795 908 3860; x_wconf 82' lang='lat' dir='ltr'><strong>gratias</strong></span> <span class='ocrx_word' id='word_1_532' title='bbox 962 3795 1142 3866; x_wconf 90' lang='lat' dir='ltr'><strong>relinqueret</strong></span> <span class='ocrx_word' id='word_1_533' title='bbox 1156 3797 1185 3849; x_wconf 90' lang='lat' dir='ltr'><strong>et</strong></span> <span class='ocrx_word' id='word_1_534' title='bbox 1205 3792 1268 3867; x_wconf 91' lang='lat' dir='ltr'><strong>ipse</strong></span> <span class='ocrx_word' id='word_1_535' title='bbox 1281 3798 1396 3849; x_wconf 90' lang='lat' dir='ltr'><strong>erectus</strong></span> <span class='ocrx_word' id='word_1_536' title='bbox 1418 3793 1578 3849; x_wconf 89' lang='lat' dir='ltr'><strong>incederet.</strong></span> <span class='ocrx_word' id='word_1_537' title='bbox 1605 3796 1665 3849; x_wconf 88' lang='lat' dir='ltr'><strong>lloc</strong></span> <span class='ocrx_word' id='word_1_538' title='bbox 1693 3793 1794 3864; x_wconf 91' lang='lat' dir='ltr'><strong>plures</strong></span> 
     </span>
     <span class='ocr_line' id='line_1_72' title="bbox 75 3879 1795 3954; baseline -0.002 -15"><span class='ocrx_word' id='word_1_539' title='bbox 75 3884 135 3940; x_wconf 82' lang='lat' dir='ltr'><strong>ileo</strong></span> <span class='ocrx_word' id='word_1_540' title='bbox 145 3897 200 3954; x_wconf 88' lang='lat' dir='ltr'><strong>pro</strong></span> <span class='ocrx_word' id='word_1_541' title='bbox 213 3880 296 3936; x_wconf 91' lang='lat' dir='ltr'><strong>omni</strong></span> <span class='ocrx_word' id='word_1_542' title='bbox 308 3879 390 3936; x_wconf 93' lang='lat' dir='ltr'><strong>dono</strong></span> <span class='ocrx_word' id='word_1_543' title='bbox 406 3880 462 3936; x_wconf 91' lang='lat' dir='ltr'><strong>sibi</strong></span> <span class='ocrx_word' id='word_1_544' title='bbox 477 3879 594 3936; x_wconf 87' lang='lat' dir='ltr'><strong>eollatn.</strong></span> <span class='ocrx_word' id='word_1_545' title='bbox 608 3883 674 3938; x_wconf 76' lang='lat' dir='ltr'><strong>liceo</strong></span> <span class='ocrx_word' id='word_1_546' title='bbox 685 3882 788 3938; x_wconf 82' lang='lat' dir='ltr'><strong>ridens</strong></span> <span class='ocrx_word' id='word_1_547' title='bbox 801 3883 908 3940; x_wconf 91' lang='lat' dir='ltr'><strong>mulier</strong></span> <span class='ocrx_word' id='word_1_548' title='bbox 963 3882 1093 3953; x_wconf 83' lang='lat' dir='ltr'><strong>religiosi</strong></span> <span class='ocrx_word' id='word_1_549' title='bbox 1119 3882 1198 3938; x_wconf 91' lang='lat' dir='ltr'><strong>illius</strong></span> <span class='ocrx_word' id='word_1_550' title='bbox 1225 3881 1350 3938; x_wconf 81' lang='lat' dir='ltr'><strong>civitatis</strong></span> <span class='ocrx_word' id='word_1_551' title='bbox 1378 3881 1432 3936; x_wconf 81' lang='lat' dir='ltr'><strong>riri</strong></span> <span class='ocrx_word' id='word_1_552' title='bbox 1454 3881 1596 3936; x_wconf 90' lang='lat' dir='ltr'><strong>omnibus</strong></span> <span class='ocrx_word' id='word_1_553' title='bbox 1618 3879 1795 3936; x_wconf 88' lang='lat' dir='ltr'><strong>fiducialiter</strong></span> 
     </span>
     <span class='ocr_line' id='line_1_73' title="bbox 73 3965 1795 4046; baseline -0.003 -18"><span class='ocrx_word' id='word_1_554' title='bbox 73 3969 216 4046; x_wconf 83' lang='lat' dir='ltr'><strong>quaedam</strong></span> <span class='ocrx_word' id='word_1_555' title='bbox 231 3969 494 4042; x_wconf 89' lang='lat' dir='ltr'><strong>minusreligiosa,</strong></span> <span class='ocrx_word' id='word_1_556' title='bbox 523 3986 578 4026; x_wconf 89' lang='lat' dir='ltr'><strong>nec</strong></span> <span class='ocrx_word' id='word_1_557' title='bbox 606 3971 766 4027; x_wconf 88' lang='lat' dir='ltr'><strong>nominum</strong></span> <span class='ocrx_word' id='word_1_558' title='bbox 787 3973 905 4042; x_wconf 88' lang='lat' dir='ltr'><strong>timens,</strong></span> <span class='ocrx_word' id='word_1_559' title='bbox 963 3970 1165 4036; x_wconf 81' lang='lat' dir='ltr'><strong>affirmabant,</strong></span> <span class='ocrx_word' id='word_1_560' title='bbox 1178 3969 1231 4042; x_wconf 89' lang='lat' dir='ltr'><strong>qui</strong></span> <span class='ocrx_word' id='word_1_561' title='bbox 1247 3985 1300 4042; x_wconf 92' lang='lat' dir='ltr'><strong>per</strong></span> <span class='ocrx_word' id='word_1_562' title='bbox 1313 3967 1407 4023; x_wconf 90' lang='lat' dir='ltr'><strong>multa</strong></span> <span class='ocrx_word' id='word_1_563' title='bbox 1419 3971 1556 4040; x_wconf 89' lang='lat' dir='ltr'><strong>tempora</strong></span> <span class='ocrx_word' id='word_1_564' title='bbox 1567 3982 1637 4021; x_wconf 93' lang='lat' dir='ltr'><strong>eum</strong></span> <span class='ocrx_word' id='word_1_565' title='bbox 1652 3965 1795 4023; x_wconf 88' lang='lat' dir='ltr'><strong>claudum</strong></span> 
     </span>
     <span class='ocr_line' id='line_1_74' title="bbox 73 4058 1178 4134; baseline -0.004 -17"><span class='ocrx_word' id='word_1_566' title='bbox 73 4061 104 4118; x_wconf 92' lang='lat' dir='ltr'><strong>in</strong></span> <span class='ocrx_word' id='word_1_567' title='bbox 119 4061 184 4116; x_wconf 75' lang='lat' dir='ltr'><strong>haee</strong></span> <span class='ocrx_word' id='word_1_568' title='bbox 199 4059 292 4116; x_wconf 83' lang='lat' dir='ltr'><strong>rerba</strong></span> <span class='ocrx_word' id='word_1_569' title='bbox 305 4059 442 4133; x_wconf 85' lang='lat' dir='ltr'><strong>prorupit</strong></span> <span class='ocrx_word' id='word_1_570' title='bbox 458 4075 464 4115; x_wconf 78' lang='grc' dir='ltr'><strong><em>ε</em></strong></span> <span class='ocrx_word' id='word_1_571' title='bbox 481 4061 516 4116; x_wconf 85' lang='lat' dir='ltr'><strong>Se</strong></span> <span class='ocrx_word' id='word_1_572' title='bbox 532 4075 690 4133; x_wconf 91' lang='lat' dir='ltr'><strong>nunquam</strong></span> <span class='ocrx_word' id='word_1_573' title='bbox 709 4060 785 4117; x_wconf 79' lang='lat' dir='ltr'><strong>velle</strong></span> <span class='ocrx_word' id='word_1_574' title='bbox 807 4067 907 4134; x_wconf 87' lang='lat' dir='ltr'><strong>patro·</strong></span> <span class='ocrx_word' id='word_1_575' title='bbox 963 4058 1178 4131; x_wconf 88' lang='lat' dir='ltr'><strong>agnoscebant.</strong></span> 
     </span>
     <span class='ocr_line' id='line_1_75' title="bbox 73 4143 1797 4224; baseline 0.001 -20"><span class='ocrx_word' id='word_1_576' title='bbox 73 4147 152 4204; x_wconf 88' lang='lat' dir='ltr'><strong>cinia</strong></span> <span class='ocrx_word' id='word_1_577' title='bbox 175 4146 254 4204; x_wconf 90' lang='lat' dir='ltr'><strong>beati</strong></span> <span class='ocrx_word' id='word_1_578' title='bbox 278 4146 445 4204; x_wconf 87' lang='lat' dir='ltr'><strong>Godebardi</strong></span> <span class='ocrx_word' id='word_1_579' title='bbox 472 4148 645 4221; x_wconf 90' lang='lat' dir='ltr'><strong>implorare,</strong></span> <span class='ocrx_word' id='word_1_580' title='bbox 685 4149 741 4206; x_wconf 90' lang='lat' dir='ltr'><strong>nisi</strong></span> <span class='ocrx_word' id='word_1_581' title='bbox 778 4167 906 4224; x_wconf 92' lang='lat' dir='ltr'><strong>puerum</strong></span> <span class='ocrx_word' id='word_1_582' title='bbox 997 4151 1041 4204; x_wconf 71' lang='lat'><strong>20.</strong></span> <span class='ocrx_word' id='word_1_583' title='bbox 1063 4147 1129 4203; x_wconf 81' lang='lat' dir='ltr'><strong>Fuit</strong></span> <span class='ocrx_word' id='word_1_584' title='bbox 1142 4163 1215 4202; x_wconf 83' lang='lat' dir='ltr'><strong>rero</strong></span> <span class='ocrx_word' id='word_1_585' title='bbox 1229 4151 1298 4202; x_wconf 91' lang='lat' dir='ltr'><strong>tune</strong></span> <span class='ocrx_word' id='word_1_586' title='bbox 1323 4145 1465 4218; x_wconf 89' lang='lat' dir='ltr'><strong>temporis</strong></span> <span class='ocrx_word' id='word_1_587' title='bbox 1488 4143 1519 4202; x_wconf 89' lang='lat' dir='ltr'><strong>in</strong></span> <span class='ocrx_word' id='word_1_588' title='bbox 1546 4145 1624 4216; x_wconf 87' lang='lat' dir='ltr'><strong>loeo,</strong></span> <span class='ocrx_word' id='word_1_589' title='bbox 1652 4145 1797 4206; x_wconf 81' lang='lat' dir='ltr'><strong>territorio</strong></span> 
     </span>
     <span class='ocr_line' id='line_1_76' title="bbox 72 4234 1796 4313; baseline 0.003 -22"><span class='ocrx_word' id='word_1_590' title='bbox 72 4234 394 4309; x_wconf 91' lang='lat' dir='ltr'><strong>quemdamomnibus</strong></span> <span class='ocrx_word' id='word_1_591' title='bbox 415 4237 559 4293; x_wconf 91' lang='lat' dir='ltr'><strong>membris</strong></span> <span class='ocrx_word' id='word_1_592' title='bbox 586 4237 784 4307; x_wconf 83' lang='lat' dir='ltr'><strong>debilitatum,</strong></span> <span class='ocrx_word' id='word_1_593' title='bbox 813 4257 906 4313; x_wconf 89' lang='lat' dir='ltr'><strong>quem</strong></span> <span class='ocrx_word' id='word_1_594' title='bbox 962 4239 1092 4298; x_wconf 87' lang='lat' dir='ltr'><strong>ecclesiae</strong></span> <span class='ocrx_word' id='word_1_595' title='bbox 1107 4243 1216 4294; x_wconf 79' lang='lat' dir='ltr'><strong>nostrae</strong></span> <span class='ocrx_word' id='word_1_596' title='bbox 1232 4236 1362 4304; x_wconf 91' lang='lat' dir='ltr'><strong>addicto,</strong></span> <span class='ocrx_word' id='word_1_597' title='bbox 1377 4234 1429 4310; x_wconf 88' lang='lat' dir='ltr'><strong>qui</strong></span> <span class='ocrx_word' id='word_1_598' title='bbox 1443 4236 1546 4294; x_wconf 79' lang='lat' dir='ltr'><strong>nuliea</strong></span> <span class='ocrx_word' id='word_1_599' title='bbox 1561 4236 1739 4312; x_wconf 83' lang='lat' dir='ltr'><strong>appellatur,</strong></span> <span class='ocrx_word' id='word_1_600' title='bbox 1750 4239 1796 4296; x_wconf 84' lang='lat' dir='ltr'><strong>vir</strong></span> 
     </span>
     <span class='ocr_line' id='line_1_77' title="bbox 72 4325 1794 4424; baseline 0.003 -44"><span class='ocrx_word' id='word_1_601' title='bbox 72 4331 144 4381; x_wconf 91' lang='lat' dir='ltr'><strong>tune</strong></span> <span class='ocrx_word' id='word_1_602' title='bbox 173 4326 314 4399; x_wconf 89' lang='lat' dir='ltr'><strong>temporis</strong></span> <span class='ocrx_word' id='word_1_603' title='bbox 342 4326 372 4382; x_wconf 90' lang='lat' dir='ltr'><strong>in</strong></span> <span class='ocrx_word' id='word_1_604' title='bbox 397 4326 498 4399; x_wconf 87' lang='lat' dir='ltr'><strong>platea</strong></span> <span class='ocrx_word' id='word_1_605' title='bbox 521 4331 688 4400; x_wconf 88' lang='lat' dir='ltr'><strong>reptantem</strong></span> <span class='ocrx_word' id='word_1_606' title='bbox 718 4329 801 4402; x_wconf 79' lang='lat' dir='ltr'><strong>vidit,</strong></span> <span class='ocrx_word' id='word_1_607' title='bbox 824 4333 1051 4424; x_wconf 66' lang='lat' dir='ltr'><strong>reetontautre</strong></span> <span class='ocrx_word' id='word_1_608' title='bbox 1066 4327 1252 4398; x_wconf 80' lang='lat' dir='ltr'><strong>aegritudiuis</strong></span> <span class='ocrx_word' id='word_1_609' title='bbox 1268 4327 1299 4384; x_wconf 91' lang='lat' dir='ltr'><strong>iu</strong></span> <span class='ocrx_word' id='word_1_610' title='bbox 1311 4325 1485 4400; x_wconf 91' lang='lat' dir='ltr'><strong>morbo,qui</strong></span> <span class='ocrx_word' id='word_1_611' title='bbox 1499 4325 1600 4385; x_wconf 85' lang='lat' dir='ltr'><strong>fistula</strong></span> <span class='ocrx_word' id='word_1_612' title='bbox 1615 4328 1794 4402; x_wconf 87' lang='lat' dir='ltr'><strong>appellatur,</strong></span> 
     </span>
     <span class='ocr_line' id='line_1_78' title="bbox 72 4413 1795 4492; baseline 0.002 -22"><span class='ocrx_word' id='word_1_613' title='bbox 72 4431 179 4485; x_wconf 89' lang='lat' dir='ltr'><strong>gressu</strong></span> <span class='ocrx_word' id='word_1_614' title='bbox 191 4413 305 4472; x_wconf 84' lang='lat' dir='ltr'><strong>videret</strong></span> <span class='ocrx_word' id='word_1_615' title='bbox 319 4415 465 4472; x_wconf 86' lang='lat' dir='ltr'><strong>incedere.</strong></span> <span class='ocrx_word' id='word_1_616' title='bbox 483 4418 605 4473; x_wconf 79' lang='lat' dir='ltr'><strong>Factum</strong></span> <span class='ocrx_word' id='word_1_617' title='bbox 624 4421 669 4473; x_wconf 90' lang='lat' dir='ltr'><strong>est</strong></span> <span class='ocrx_word' id='word_1_618' title='bbox 682 4417 771 4488; x_wconf 87' lang='lat' dir='ltr'><strong>igitur</strong></span> <span class='ocrx_word' id='word_1_619' title='bbox 795 4424 827 4475; x_wconf 92' lang='lat' dir='ltr'><strong>ut</strong></span> <span class='ocrx_word' id='word_1_620' title='bbox 849 4436 903 4492; x_wconf 87' lang='lat' dir='ltr'><strong>pa·</strong></span> <span class='ocrx_word' id='word_1_621' title='bbox 961 4425 993 4477; x_wconf 89' lang='lat' dir='ltr'><strong>ut</strong></span> <span class='ocrx_word' id='word_1_622' title='bbox 1002 4419 1066 4492; x_wconf 89' lang='lat' dir='ltr'><strong>jam</strong></span> <span class='ocrx_word' id='word_1_623' title='bbox 1078 4417 1203 4474; x_wconf 89' lang='lat' dir='ltr'><strong>omuino</strong></span> <span class='ocrx_word' id='word_1_624' title='bbox 1218 4417 1311 4474; x_wconf 80' lang='lat' dir='ltr'><strong>vitam</strong></span> <span class='ocrx_word' id='word_1_625' title='bbox 1325 4417 1513 4490; x_wconf 69' lang='lat' dir='ltr'><strong>desperasse</strong></span> <span class='ocrx_word' id='word_1_626' title='bbox 1527 4417 1600 4492; x_wconf 90' lang='lat' dir='ltr'><strong>quia</strong></span> <span class='ocrx_word' id='word_1_627' title='bbox 1618 4417 1736 4474; x_wconf 89' lang='lat' dir='ltr'><strong>nodum</strong></span> <span class='ocrx_word' id='word_1_628' title='bbox 1752 4417 1795 4474; x_wconf 85' lang='lat' dir='ltr'><strong>fe·</strong></span> 
     </span>
     <span class='ocr_line' id='line_1_79' title="bbox 71 4499 1796 4580; baseline 0.001 -20"><span class='ocrx_word' id='word_1_629' title='bbox 71 4507 172 4560; x_wconf 92' lang='lat' dir='ltr'><strong>rentes</strong></span> <span class='ocrx_word' id='word_1_630' title='bbox 186 4503 281 4576; x_wconf 88' lang='lat' dir='ltr'><strong>ipsius</strong></span> <span class='ocrx_word' id='word_1_631' title='bbox 296 4503 392 4578; x_wconf 90' lang='lat' dir='ltr'><strong>pueri,</strong></span> <span class='ocrx_word' id='word_1_632' title='bbox 407 4509 477 4578; x_wconf 90' lang='lat' dir='ltr'><strong>post</strong></span> <span class='ocrx_word' id='word_1_633' title='bbox 488 4499 602 4578; x_wconf 84' lang='lat' dir='ltr'><strong>p&#39;aucos</strong></span> <span class='ocrx_word' id='word_1_634' title='bbox 622 4506 686 4563; x_wconf 78' lang='lat' dir='ltr'><strong>(lies</strong></span> <span class='ocrx_word' id='word_1_635' title='bbox 711 4505 751 4564; x_wconf 91' lang='lat' dir='ltr'><strong>ad</strong></span> <span class='ocrx_word' id='word_1_636' title='bbox 776 4509 904 4580; x_wconf 88' lang='lat' dir='ltr'><strong>patroci-</strong></span> <span class='ocrx_word' id='word_1_637' title='bbox 961 4507 1053 4566; x_wconf 91' lang='lat' dir='ltr'><strong>moris</strong></span> <span class='ocrx_word' id='word_1_638' title='bbox 1065 4507 1094 4564; x_wconf 90' lang='lat' dir='ltr'><strong>in</strong></span> <span class='ocrx_word' id='word_1_639' title='bbox 1106 4507 1248 4578; x_wconf 88' lang='lat' dir='ltr'><strong>junctura</strong></span> <span class='ocrx_word' id='word_1_640' title='bbox 1263 4511 1331 4562; x_wconf 91' lang='lat' dir='ltr'><strong>ante</strong></span> <span class='ocrx_word' id='word_1_641' title='bbox 1346 4507 1478 4580; x_wconf 85' lang='lat' dir='ltr'><strong>positum</strong></span> <span class='ocrx_word' id='word_1_642' title='bbox 1493 4507 1644 4574; x_wconf 89' lang='lat' dir='ltr'><strong>amiserat,</strong></span> <span class='ocrx_word' id='word_1_643' title='bbox 1661 4511 1689 4562; x_wconf 89' lang='lat' dir='ltr'><strong>et</strong></span> <span class='ocrx_word' id='word_1_644' title='bbox 1710 4511 1796 4562; x_wconf 84' lang='lat' dir='ltr'><strong>eaete·</strong></span> 
     </span>
     <span class='ocr_line' id='line_1_80' title="bbox 71 4592 1795 4674; baseline 0.002 -24"><span class='ocrx_word' id='word_1_645' title='bbox 71 4594 159 4651; x_wconf 92' lang='lat' dir='ltr'><strong>nium</strong></span> <span class='ocrx_word' id='word_1_646' title='bbox 173 4593 253 4650; x_wconf 89' lang='lat' dir='ltr'><strong>beati</strong></span> <span class='ocrx_word' id='word_1_647' title='bbox 268 4593 437 4650; x_wconf 89' lang='lat' dir='ltr'><strong>Godebardi</strong></span> <span class='ocrx_word' id='word_1_648' title='bbox 451 4611 521 4651; x_wconf 90' lang='lat' dir='ltr'><strong>eum</strong></span> <span class='ocrx_word' id='word_1_649' title='bbox 534 4595 691 4664; x_wconf 88' lang='lat' dir='ltr'><strong>deterrent,</strong></span> <span class='ocrx_word' id='word_1_650' title='bbox 704 4600 733 4653; x_wconf 90' lang='lat' dir='ltr'><strong>et</strong></span> <span class='ocrx_word' id='word_1_651' title='bbox 744 4597 829 4654; x_wconf 89' lang='lat' dir='ltr'><strong>iactis</strong></span> <span class='ocrx_word' id='word_1_652' title='bbox 842 4615 907 4656; x_wconf 91' lang='lat' dir='ltr'><strong>ora·</strong></span> <span class='ocrx_word' id='word_1_653' title='bbox 960 4617 1027 4658; x_wconf 88' lang='lat' dir='ltr'><strong>ram</strong></span> <span class='ocrx_word' id='word_1_654' title='bbox 1050 4601 1165 4674; x_wconf 89' lang='lat' dir='ltr'><strong>partem</strong></span> <span class='ocrx_word' id='word_1_655' title='bbox 1187 4597 1251 4669; x_wconf 90' lang='lat' dir='ltr'><strong>jam</strong></span> <span class='ocrx_word' id='word_1_656' title='bbox 1278 4613 1310 4654; x_wconf 90' lang='lat' dir='ltr'><strong>se</strong></span> <span class='ocrx_word' id='word_1_657' title='bbox 1331 4597 1516 4654; x_wconf 84' lang='lat' dir='ltr'><strong>amissurum</strong></span> <span class='ocrx_word' id='word_1_658' title='bbox 1539 4592 1673 4652; x_wconf 90' lang='lat' dir='ltr'><strong>timebat.</strong></span> <span class='ocrx_word' id='word_1_659' title='bbox 1691 4596 1741 4652; x_wconf 90' lang='lat' dir='ltr'><strong>liic</strong></span> <span class='ocrx_word' id='word_1_660' title='bbox 1755 4595 1795 4653; x_wconf 88' lang='lat' dir='ltr'><strong>ad</strong></span> 
     </span>
     <span class='ocr_line' id='line_1_81' title="bbox 71 4673 1793 4764; baseline 0.001 -25"><span class='ocrx_word' id='word_1_661' title='bbox 71 4683 207 4740; x_wconf 88' lang='lat' dir='ltr'><strong>tionibus</strong></span> <span class='ocrx_word' id='word_1_662' title='bbox 221 4699 278 4757; x_wconf 92' lang='lat' dir='ltr'><strong>pro</strong></span> <span class='ocrx_word' id='word_1_663' title='bbox 291 4683 368 4756; x_wconf 88' lang='lat' dir='ltr'><strong>ipso,</strong></span> <span class='ocrx_word' id='word_1_664' title='bbox 385 4701 493 4742; x_wconf 88' lang='lat' dir='ltr'><strong>sanum</strong></span> <span class='ocrx_word' id='word_1_665' title='bbox 508 4685 684 4742; x_wconf 91' lang='lat' dir='ltr'><strong>etincedere</strong></span> <span class='ocrx_word' id='word_1_666' title='bbox 697 4676 845 4744; x_wconf 82' lang='lat' dir='ltr'><strong>valentem</strong></span> <span class='ocrx_word' id='word_1_667' title='bbox 863 4705 907 4744; x_wconf 89' lang='lat' dir='ltr'><strong>rc·</strong></span> <span class='ocrx_word' id='word_1_668' title='bbox 961 4687 1161 4764; x_wconf 91' lang='lat' dir='ltr'><strong>patrocinium</strong></span> <span class='ocrx_word' id='word_1_669' title='bbox 1172 4686 1253 4744; x_wconf 89' lang='lat' dir='ltr'><strong>beati</strong></span> <span class='ocrx_word' id='word_1_670' title='bbox 1267 4685 1435 4744; x_wconf 87' lang='lat' dir='ltr'><strong>Godebardi</strong></span> <span class='ocrx_word' id='word_1_671' title='bbox 1459 4699 1525 4739; x_wconf 87' lang='lat' dir='ltr'><strong>sese</strong></span> <span class='ocrx_word' id='word_1_672' title='bbox 1554 4673 1661 4740; x_wconf 82' lang='lat' dir='ltr'><strong>deterri</strong></span> <span class='ocrx_word' id='word_1_673' title='bbox 1682 4697 1793 4756; x_wconf 77' lang='lat' dir='ltr'><strong>praece·</strong></span> 
     </span>
     <span class='ocr_line' id='line_1_82' title="bbox 71 4763 1805 4852; baseline 0.001 -22"><span class='ocrx_word' id='word_1_674' title='bbox 71 4775 216 4847; x_wconf 90' lang='lat' dir='ltr'><strong>ciperent.</strong></span> <span class='ocrx_word' id='word_1_675' title='bbox 233 4773 319 4840; x_wconf 88' lang='lat' dir='ltr'><strong>Quod</strong></span> <span class='ocrx_word' id='word_1_676' title='bbox 331 4778 493 4848; x_wconf 88' lang='lat' dir='ltr'><strong>postquam</strong></span> <span class='ocrx_word' id='word_1_677' title='bbox 507 4775 580 4832; x_wconf 86' lang='lat' dir='ltr'><strong>vidit</strong></span> <span class='ocrx_word' id='word_1_678' title='bbox 593 4776 718 4850; x_wconf 80' lang='lat' dir='ltr'><strong>praefata</strong></span> <span class='ocrx_word' id='word_1_679' title='bbox 733 4777 849 4846; x_wconf 87' lang='lat' dir='ltr'><strong>mulier,</strong></span> <span class='ocrx_word' id='word_1_680' title='bbox 870 4795 907 4835; x_wconf 80' lang='lat' dir='ltr'><strong>en</strong></span> <span class='ocrx_word' id='word_1_681' title='bbox 961 4763 1015 4852; x_wconf 90' lang='lat' dir='ltr'><strong>pit,</strong></span> <span class='ocrx_word' id='word_1_682' title='bbox 1030 4783 1058 4834; x_wconf 94' lang='lat' dir='ltr'><strong>et</strong></span> <span class='ocrx_word' id='word_1_683' title='bbox 1071 4777 1228 4833; x_wconf 82' lang='lat' dir='ltr'><strong>sanitatem</strong></span> <span class='ocrx_word' id='word_1_684' title='bbox 1253 4773 1398 4847; x_wconf 87' lang='lat' dir='ltr'><strong>eorporis,</strong></span> <span class='ocrx_word' id='word_1_685' title='bbox 1428 4775 1487 4828; x_wconf 82' lang='lat' dir='ltr'><strong>ileo</strong></span> <span class='ocrx_word' id='word_1_686' title='bbox 1514 4770 1649 4842; x_wconf 90' lang='lat' dir='ltr'><strong>iaciente,</strong></span> <span class='ocrx_word' id='word_1_687' title='bbox 1670 4772 1805 4846; x_wconf 78' lang='lat' dir='ltr'><strong>reecpit..</strong></span> 
     </span>
     <span class='ocr_line' id='line_1_83' title="bbox 71 4859 1794 4938; baseline 0 -20"><span class='ocrx_word' id='word_1_688' title='bbox 71 4863 173 4920; x_wconf 86' lang='lat' dir='ltr'><strong>verbis</strong></span> <span class='ocrx_word' id='word_1_689' title='bbox 188 4863 343 4919; x_wconf 87' lang='lat' dir='ltr'><strong>temerarie</strong></span> <span class='ocrx_word' id='word_1_690' title='bbox 356 4863 490 4938; x_wconf 90' lang='lat' dir='ltr'><strong>prolatis,</strong></span> <span class='ocrx_word' id='word_1_691' title='bbox 507 4865 596 4922; x_wconf 88' lang='lat' dir='ltr'><strong>corde</strong></span> <span class='ocrx_word' id='word_1_692' title='bbox 612 4866 738 4923; x_wconf 89' lang='lat' dir='ltr'><strong>contrito</strong></span> <span class='ocrx_word' id='word_1_693' title='bbox 760 4871 789 4923; x_wconf 92' lang='lat' dir='ltr'><strong>et</strong></span> <span class='ocrx_word' id='word_1_694' title='bbox 811 4868 908 4925; x_wconf 92' lang='lat' dir='ltr'><strong>humi·</strong></span> <span class='ocrx_word' id='word_1_695' title='bbox 962 4870 1030 4924; x_wconf 88' lang='lat' dir='ltr'><strong>Post</strong></span> <span class='ocrx_word' id='word_1_696' title='bbox 1043 4867 1108 4923; x_wconf 80' lang='lat' dir='ltr'><strong>hece</strong></span> <span class='ocrx_word' id='word_1_697' title='bbox 1121 4866 1250 4933; x_wconf 87' lang='lat' dir='ltr'><strong>nodum,</strong></span> <span class='ocrx_word' id='word_1_698' title='bbox 1272 4880 1366 4935; x_wconf 89' lang='lat' dir='ltr'><strong>quem</strong></span> <span class='ocrx_word' id='word_1_699' title='bbox 1389 4867 1477 4918; x_wconf 90' lang='lat' dir='ltr'><strong>antea</strong></span> <span class='ocrx_word' id='word_1_700' title='bbox 1501 4877 1594 4917; x_wconf 89' lang='lat' dir='ltr'><strong>manu</strong></span> <span class='ocrx_word' id='word_1_701' title='bbox 1609 4859 1732 4930; x_wconf 83' lang='lat' dir='ltr'><strong>serebat,</strong></span> <span class='ocrx_word' id='word_1_702' title='bbox 1761 4859 1794 4918; x_wconf 88' lang='lat' dir='ltr'><strong>in</strong></span> 
     </span>
     <span class='ocr_line' id='line_1_84' title="bbox 69 4949 1794 5028; baseline -0.001 -19"><span class='ocrx_word' id='word_1_703' title='bbox 69 4952 146 5009; x_wconf 90' lang='lat' dir='ltr'><strong>liato</strong></span> <span class='ocrx_word' id='word_1_704' title='bbox 162 4953 384 5026; x_wconf 70' lang='lat' dir='ltr'><strong>praenituitetse</strong></span> <span class='ocrx_word' id='word_1_705' title='bbox 397 4953 585 5011; x_wconf 86' lang='lat' dir='ltr'><strong>visitaturam</strong></span> <span class='ocrx_word' id='word_1_706' title='bbox 596 4961 758 5028; x_wconf 91' lang='lat' dir='ltr'><strong>patronum</strong></span> <span class='ocrx_word' id='word_1_707' title='bbox 770 4961 907 5016; x_wconf 90' lang='lat' dir='ltr'><strong>nostrum</strong></span> <span class='ocrx_word' id='word_1_708' title='bbox 963 4957 1083 5026; x_wconf 87' lang='lat' dir='ltr'><strong>siguum</strong></span> <span class='ocrx_word' id='word_1_709' title='bbox 1099 4953 1234 5010; x_wconf 86' lang='lat' dir='ltr'><strong>miraculi</strong></span> <span class='ocrx_word' id='word_1_710' title='bbox 1247 4957 1274 5008; x_wconf 92' lang='lat' dir='ltr'><strong>ct</strong></span> <span class='ocrx_word' id='word_1_711' title='bbox 1285 4952 1356 5008; x_wconf 90' lang='lat' dir='ltr'><strong>doni</strong></span> <span class='ocrx_word' id='word_1_712' title='bbox 1372 4951 1428 5007; x_wconf 88' lang='lat' dir='ltr'><strong>sibi</strong></span> <span class='ocrx_word' id='word_1_713' title='bbox 1454 4967 1472 5006; x_wconf 88' lang='lat' dir='ltr'><strong>a</strong></span> <span class='ocrx_word' id='word_1_714' title='bbox 1492 4951 1618 5006; x_wconf 84' lang='lat' dir='ltr'><strong>ttomino</strong></span> <span class='ocrx_word' id='word_1_715' title='bbox 1637 4949 1745 5020; x_wconf 89' lang='lat' dir='ltr'><strong>collati,</strong></span> <span class='ocrx_word' id='word_1_716' title='bbox 1762 4951 1794 5008; x_wconf 89' lang='lat' dir='ltr'><strong>iu</strong></span> 
     </span>
     <span class='ocr_line' id='line_1_85' title="bbox 70 5039 1794 5122; baseline 0 -22"><span class='ocrx_word' id='word_1_717' title='bbox 70 5042 203 5100; x_wconf 88' lang='lat' dir='ltr'><strong>Domino</strong></span> <span class='ocrx_word' id='word_1_718' title='bbox 218 5042 308 5100; x_wconf 85' lang='lat' dir='ltr'><strong>vovit.</strong></span> <span class='ocrx_word' id='word_1_719' title='bbox 322 5043 384 5099; x_wconf 89' lang='lat' dir='ltr'><strong>Hoc</strong></span> <span class='ocrx_word' id='word_1_720' title='bbox 399 5043 487 5114; x_wconf 87' lang='lat' dir='ltr'><strong>iacto,</strong></span> <span class='ocrx_word' id='word_1_721' title='bbox 517 5061 555 5100; x_wconf 84' lang='lat' dir='ltr'><strong>ex</strong></span> <span class='ocrx_word' id='word_1_722' title='bbox 575 5045 636 5101; x_wconf 91' lang='lat' dir='ltr'><strong>imo</strong></span> <span class='ocrx_word' id='word_1_723' title='bbox 657 5047 756 5104; x_wconf 89' lang='lat' dir='ltr'><strong>cordis</strong></span> <span class='ocrx_word' id='word_1_724' title='bbox 780 5049 908 5122; x_wconf 89' lang='lat' dir='ltr'><strong>suspiria</strong></span> <span class='ocrx_word' id='word_1_725' title='bbox 962 5045 1117 5102; x_wconf 84' lang='lat' dir='ltr'><strong>eeclesiam</strong></span> <span class='ocrx_word' id='word_1_726' title='bbox 1131 5041 1275 5116; x_wconf 87' lang='lat' dir='ltr'><strong>suspendi</strong></span> <span class='ocrx_word' id='word_1_727' title='bbox 1285 5041 1383 5114; x_wconf 85' lang='lat' dir='ltr'><strong>jussit,</strong></span> <span class='ocrx_word' id='word_1_728' title='bbox 1407 5057 1442 5098; x_wconf 90' lang='lat' dir='ltr'><strong>ao</strong></span> <span class='ocrx_word' id='word_1_729' title='bbox 1463 5039 1570 5097; x_wconf 89' lang='lat' dir='ltr'><strong>deinde</strong></span> <span class='ocrx_word' id='word_1_730' title='bbox 1586 5039 1671 5097; x_wconf 77' lang='lat' dir='ltr'><strong>laetus</strong></span> <span class='ocrx_word' id='word_1_731' title='bbox 1691 5044 1719 5098; x_wconf 89' lang='lat' dir='ltr'><strong>et</strong></span> <span class='ocrx_word' id='word_1_732' title='bbox 1733 5041 1794 5100; x_wconf 85' lang='lat' dir='ltr'><strong>ala·</strong></span> 
     </span>
     <span class='ocr_line' id='line_1_86' title="bbox 67 5131 1319 5206; baseline -0.001 -18"><span class='ocrx_word' id='word_1_733' title='bbox 67 5131 170 5201; x_wconf 73' lang='lat' dir='ltr'><strong>eluxit,</strong></span> <span class='ocrx_word' id='word_1_734' title='bbox 187 5131 381 5189; x_wconf 87' lang='lat' dir='ltr'><strong>considerans</strong></span> <span class='ocrx_word' id='word_1_735' title='bbox 396 5132 455 5188; x_wconf 85' lang='lat' dir='ltr'><strong>sibi</strong></span> <span class='ocrx_word' id='word_1_736' title='bbox 466 5133 637 5190; x_wconf 88' lang='lat' dir='ltr'><strong>necessaria</strong></span> <span class='ocrx_word' id='word_1_737' title='bbox 650 5135 706 5190; x_wconf 81' lang='lat' dir='ltr'><strong>vice</strong></span> <span class='ocrx_word' id='word_1_738' title='bbox 722 5136 836 5206; x_wconf 88' lang='lat' dir='ltr'><strong>deesse,</strong></span> <span class='ocrx_word' id='word_1_739' title='bbox 861 5137 909 5194; x_wconf 82' lang='lat' dir='ltr'><strong>rel</strong></span> <span class='ocrx_word' id='word_1_740' title='bbox 962 5152 1010 5191; x_wconf 88' lang='lat' dir='ltr'><strong>cer</strong></span> <span class='ocrx_word' id='word_1_741' title='bbox 1025 5134 1151 5190; x_wconf 91' lang='lat' dir='ltr'><strong>domum</strong></span> <span class='ocrx_word' id='word_1_742' title='bbox 1166 5131 1319 5187; x_wconf 80' lang='lat' dir='ltr'><strong>remeavit.</strong></span> 
     </span>
     <span class='ocr_line' id='line_1_87' title="bbox 67 5219 1793 5298; baseline 0.002 -21"><span class='ocrx_word' id='word_1_743' title='bbox 67 5219 157 5277; x_wconf 89' lang='lat' dir='ltr'><strong>unde</strong></span> <span class='ocrx_word' id='word_1_744' title='bbox 170 5221 271 5295; x_wconf 80' lang='lat' dir='ltr'><strong>pueris</strong></span> <span class='ocrx_word' id='word_1_745' title='bbox 286 5237 323 5278; x_wconf 84' lang='lat' dir='ltr'><strong>ex</strong></span> <span class='ocrx_word' id='word_1_746' title='bbox 334 5237 365 5278; x_wconf 91' lang='lat' dir='ltr'><strong>sc</strong></span> <span class='ocrx_word' id='word_1_747' title='bbox 381 5220 490 5293; x_wconf 88' lang='lat' dir='ltr'><strong>genitis</strong></span> <span class='ocrx_word' id='word_1_748' title='bbox 506 5221 591 5278; x_wconf 92' lang='lat' dir='ltr'><strong>domi</strong></span> <span class='ocrx_word' id='word_1_749' title='bbox 616 5223 712 5296; x_wconf 83' lang='lat' dir='ltr'><strong>possit</strong></span> <span class='ocrx_word' id='word_1_750' title='bbox 738 5225 905 5298; x_wconf 87' lang='lat' dir='ltr'><strong>providere.</strong></span> <span class='ocrx_word' id='word_1_751' title='bbox 997 5227 1041 5281; x_wconf 81' lang='lat'><strong>30.</strong></span> <span class='ocrx_word' id='word_1_752' title='bbox 1063 5221 1146 5280; x_wconf 80' lang='lat' dir='ltr'><strong>eirea</strong></span> <span class='ocrx_word' id='word_1_753' title='bbox 1160 5221 1240 5278; x_wconf 91' lang='lat' dir='ltr'><strong>idem</strong></span> <span class='ocrx_word' id='word_1_754' title='bbox 1256 5227 1372 5295; x_wconf 84' lang='lat' dir='ltr'><strong>tempus</strong></span> <span class='ocrx_word' id='word_1_755' title='bbox 1386 5220 1440 5278; x_wconf 85' lang='lat' dir='ltr'><strong>luit</strong></span> <span class='ocrx_word' id='word_1_756' title='bbox 1452 5225 1590 5278; x_wconf 91' lang='lat' dir='ltr'><strong>matrona</strong></span> <span class='ocrx_word' id='word_1_757' title='bbox 1602 5219 1744 5296; x_wconf 78' lang='lat' dir='ltr'><strong>quadam</strong></span> <span class='ocrx_word' id='word_1_758' title='bbox 1754 5221 1793 5280; x_wconf 87' lang='lat' dir='ltr'><strong>de</strong></span> 
     </span>
    </p>
   </div>
   <div class='ocr_carea' id='block_1_11' title="bbox 63 5452 1795 5748">
    <p class='ocr_par' dir='ltr' id='par_1_14' title="bbox 63 5452 1795 5748">
     <span class='ocr_line' id='line_1_88' title="bbox 107 5452 1571 5530; baseline 0.001 -20"><span class='ocrx_word' id='word_1_759' title='bbox 107 5455 169 5524; x_wconf 73' lang='grc'>(118)</span> <span class='ocrx_word' id='word_1_760' title='bbox 189 5452 287 5511; x_wconf 82' lang='lat' dir='ltr'><strong>blinda</strong></span> <span class='ocrx_word' id='word_1_761' title='bbox 301 5452 374 5511; x_wconf 88' lang='lat' dir='ltr'><strong>urbs</strong></span> <span class='ocrx_word' id='word_1_762' title='bbox 389 5453 575 5526; x_wconf 73' lang='lat' dir='ltr'><strong>westphaliae</strong></span> <span class='ocrx_word' id='word_1_763' title='bbox 586 5454 753 5523; x_wconf 73' lang='lat' dir='ltr'><strong>Auzeatiea</strong></span> <span class='ocrx_word' id='word_1_764' title='bbox 770 5456 907 5514; x_wconf 88' lang='lat' dir='ltr'><strong>olimsub</strong></span> <span class='ocrx_word' id='word_1_765' title='bbox 962 5457 1062 5515; x_wconf 88' lang='lat' dir='ltr'><strong>dorico</strong></span> <span class='ocrx_word' id='word_1_766' title='bbox 1078 5457 1143 5529; x_wconf 87' lang='lat' dir='ltr'><strong>ejus</strong></span> <span class='ocrx_word' id='word_1_767' title='bbox 1154 5455 1236 5512; x_wconf 90' lang='lat' dir='ltr'><strong>urbis</strong></span> <span class='ocrx_word' id='word_1_768' title='bbox 1250 5453 1391 5530; x_wconf 89' lang='lat' dir='ltr'><strong>episeopo</strong></span> <span class='ocrx_word' id='word_1_769' title='bbox 1407 5453 1571 5512; x_wconf 90' lang='lat' dir='ltr'><strong>eonditum.</strong></span> 
     </span>
     <span class='ocr_line' id='line_1_89' title="bbox 63 5524 1795 5653; baseline 0.005 -71"><span class='ocrx_word' id='word_1_770' title='bbox 63 5524 211 5583; x_wconf 88' lang='lat' dir='ltr'><strong>dominio</strong></span> <span class='ocrx_word' id='word_1_771' title='bbox 226 5525 339 5653; x_wconf 65' lang='lat' dir='ltr'><strong>proprii</strong></span> <span class='ocrx_word' id='word_1_772' title='bbox 354 5525 497 5607; x_wconf 88' lang='lat' dir='ltr'><strong>episcopi,</strong></span> <span class='ocrx_word' id='word_1_773' title='bbox 514 5543 587 5600; x_wconf 93' lang='lat' dir='ltr'><strong>paec</strong></span> <span class='ocrx_word' id='word_1_774' title='bbox 603 5527 836 5598; x_wconf 84' lang='lat' dir='ltr'><strong>itonasteriousi,</strong></span> <span class='ocrx_word' id='word_1_775' title='bbox 848 5528 907 5586; x_wconf 83' lang='lat' dir='ltr'><strong>elc—</strong></span> <span class='ocrx_word' id='word_1_776' title='bbox 999 5529 1053 5602; x_wconf 82' lang='lat' dir='ltr'><strong>(tto)</strong></span> <span class='ocrx_word' id='word_1_777' title='bbox 1074 5528 1205 5586; x_wconf 72' lang='lat' dir='ltr'><strong>Gestaris</strong></span> <span class='ocrx_word' id='word_1_778' title='bbox 1222 5529 1293 5584; x_wconf 88' lang='lat' dir='ltr'><strong>urbs</strong></span> <span class='ocrx_word' id='word_1_779' title='bbox 1307 5528 1514 5608; x_wconf 28' lang='lat' dir='ltr'><strong>estlinierioris</strong></span> <span class='ocrx_word' id='word_1_780' title='bbox 1529 5527 1664 5585; x_wconf 82' lang='lat' dir='ltr'><strong>Saxouiae</strong></span> <span class='ocrx_word' id='word_1_781' title='bbox 1689 5529 1735 5588; x_wconf 89' lang='lat' dir='ltr'><strong>sui</strong></span> <span class='ocrx_word' id='word_1_782' title='bbox 1745 5527 1795 5603; x_wconf 81' lang='lat' dir='ltr'><strong>jn·-</strong></span> 
     </span>
     <span class='ocr_line' id='line_1_90' title="bbox 64 5595 1794 5682; baseline 0.005 -30"><span class='ocrx_word' id='word_1_783' title='bbox 64 5597 151 5653; x_wconf 89' lang='lat' dir='ltr'><strong>etori</strong></span> <span class='ocrx_word' id='word_1_784' title='bbox 168 5595 282 5653; x_wconf 83' lang='lat' dir='ltr'><strong>llraude</strong></span> <span class='ocrx_word' id='word_1_785' title='bbox 306 5613 410 5667; x_wconf 88' lang='lat' dir='ltr'><strong>urgreo</strong></span> <span class='ocrx_word' id='word_1_786' title='bbox 420 5597 551 5654; x_wconf 90' lang='lat' dir='ltr'><strong>datuest.</strong></span> <span class='ocrx_word' id='word_1_787' title='bbox 961 5601 1014 5669; x_wconf 87' lang='lat' dir='ltr'><strong>ris,</strong></span> <span class='ocrx_word' id='word_1_788' title='bbox 1029 5601 1068 5658; x_wconf 89' lang='lat' dir='ltr'><strong>ad</strong></span> <span class='ocrx_word' id='word_1_789' title='bbox 1083 5601 1180 5656; x_wconf 85' lang='lat' dir='ltr'><strong>fontes</strong></span> <span class='ocrx_word' id='word_1_790' title='bbox 1195 5600 1418 5667; x_wconf 65' lang='lat' dir='ltr'><strong>obredunum</strong></span> <span class='ocrx_word' id='word_1_791' title='bbox 1433 5599 1545 5657; x_wconf 87' lang='lat' dir='ltr'><strong>ducatu</strong></span> <span class='ocrx_word' id='word_1_792' title='bbox 1559 5599 1794 5682; x_wconf 67' lang='lat' dir='ltr'><strong>artinswircnsi,</strong></span> 
     </span>
     <span class='ocr_line' id='line_1_91' title="bbox 109 5667 1551 5748; baseline 0.003 -24"><span class='ocrx_word' id='word_1_793' title='bbox 109 5667 169 5744; x_wconf 83' lang='lat'>(89)</span> <span class='ocrx_word' id='word_1_794' title='bbox 191 5669 401 5727; x_wconf 84' lang='lat' dir='ltr'><strong>itonasterium</strong></span> <span class='ocrx_word' id='word_1_795' title='bbox 415 5669 445 5726; x_wconf 89' lang='lat' dir='ltr'><strong>in</strong></span> <span class='ocrx_word' id='word_1_796' title='bbox 460 5668 582 5728; x_wconf 67' lang='lat' dir='ltr'><strong>diaecesi</strong></span> <span class='ocrx_word' id='word_1_797' title='bbox 604 5669 751 5732; x_wconf 79' lang='lat' dir='ltr'><strong>Mindensi</strong></span> <span class='ocrx_word' id='word_1_798' title='bbox 771 5687 790 5730; x_wconf 89' lang='lat' dir='ltr'><strong>a</strong></span> <span class='ocrx_word' id='word_1_799' title='bbox 814 5669 910 5730; x_wconf 86' lang='lat' dir='ltr'><strong>Theo·</strong></span> <span class='ocrx_word' id='word_1_800' title='bbox 962 5673 1045 5730; x_wconf 89' lang='lat' dir='ltr'><strong>baub</strong></span> <span class='ocrx_word' id='word_1_801' title='bbox 1058 5671 1163 5748; x_wconf 84' lang='lat' dir='ltr'><strong>procul</strong></span> <span class='ocrx_word' id='word_1_802' title='bbox 1176 5671 1216 5730; x_wconf 91' lang='lat' dir='ltr'><strong>ab</strong></span> <span class='ocrx_word' id='word_1_803' title='bbox 1229 5670 1427 5730; x_wconf 88' lang='lat' dir='ltr'><strong>ltildesbemio</strong></span> <span class='ocrx_word' id='word_1_804' title='bbox 1439 5671 1551 5728; x_wconf 77' lang='lat' dir='ltr'><strong>dissita.</strong></span> 
     </span>
    </p>
   </div>
   <div class='ocr_carea' id='block_1_12' title="bbox 495 5817 503 5841">
    <p class='ocr_par' dir='ltr' id='par_1_15' title="bbox 495 5817 503 5841">
     <span class='ocr_line' id='line_1_92' title="bbox 495 5817 503 5841; baseline 0 0"><span class='ocrx_word' id='word_1_805' title='bbox 495 5817 503 5841; x_wconf 75' lang='grc' dir='ltr'>Ι</span> 
     </span>
    </p>
   </div>
   <div class='ocr_carea' id='block_1_13' title="bbox 0 0 2002 6178">
    <p class='ocr_par' dir='ltr' id='par_1_16' title="bbox 0 0 2002 6178">
     <span class='ocr_line' id='line_1_93' title="bbox 0 0 2002 6178; baseline 0 0"><span class='ocrx_word' id='word_1_806' title='bbox 0 0 2002 6178; x_wconf 95' lang='lat' dir='ltr'><strong> </strong></span> 
     </span>
    </p>
   </div>
  </div>
 </body>
</html>
