3998 6182
211 124 263 190 ses

210 340 354 416 proximis
367 334 508 392 Kalendis
523 332 629 390 Martiis
643 333 749 388 iterum
774 330 886 386 thidem
909 332 1037 384 tenatu-

210 441 287 489 rum.
304 426 420 494 Quibus
432 423 530 480 verbis
543 422 638 495 carpit
656 422 827 494 frequentes
848 419 920 474 istas
941 415 1037 473 ahba-

209 523 285 588 tum,
295 517 326 572 iu
338 513 443 588 primis
459 510 602 582 odilonis,
611 509 865 583 peregrinationes
875 509 1036 572 Romanas,

208 602 398 660 monasteriis
413 612 567 662 clamosas,
587 598 753 670 discipliuae
777 596 866 653 etiam
890 589 1036 650 inimicas.

209 691 283 750 Nam
296 688 540 762 etmouachiqui
563 687 705 744 ahhetem
728 685 969 758 peregrinantem
992 693 1039 738 co-

209 781 361 848 mitantur,
377 778 459 848 leges
474 791 544 832 sues
558 776 673 846 maiore
688 788 723 830 ea
738 779 822 846 parte
842 783 963 828 serrare
976 783 1038 825 non

209 873 355 944 possunt;
371 872 400 924 et
413 867 466 940 qui
478 865 508 922 tn
523 865 707 922 monasterio
719 877 900 930 remansero,
915 861 1037 917 ahsente

208 960 317 1016 abbate
330 969 382 1015 eas
397 967 516 1013 servare
530 969 593 1010 non
605 957 721 1010 curant.

209 1065 265 1138 (il)
284 1059 604 1134 arretmpmcemoe
617 1063 644 1117 te
655 1073 708 1116 nus
722 1059 834 1129 Opdeio
845 1057 946 1114 mittit.

210 1155 411 1213 Peducaeum
426 1152 640 1208 mundatorum
656 1147 779 1206 bellicus
792 1149 865 1204 ordo
880 1145 1004 1204 salutat.

208 1243 357 1302 Admonet
370 1243 503 1299 inuitans
513 1239 590 1296 ecies
606 1247 635 1294 ut
652 1237 731 1295 detta
743 1251 894 1309 perornes,

108 1329 112 1340 “
208 1333 337 1405 Agmine
349 1335 518 1398 conceptas,
533 1327 710 1384 mundatum
721 1327 854 1382 coercitus
869 1325 969 1394 impie,
981 1327 1036 1380 eto.

245 1459 295 1516 llic
310 1458 349 1514 ab
371 1455 560 1511 Adelherone
589 1452 740 1509 inducitur
765 1451 947 1520 monachus,
976 1455 1038 1506 tau·

209 1547 431 1624 qraamlegatus
446 1543 485 1600 ad
500 1541 683 1606 liutbertum,
712 1556 814 1610 regem
843 1541 1036 1606 Francorum,

209 1637 322 1694 missus
338 1634 377 1691 ab
393 1632 529 1698 Odilone,
544 1629 596 1703 qui
608 1628 726 1686 abbatis
740 1629 786 1684 sui
800 1628 922 1685 nomine
937 1642 1039 1698 regem

210 1727 328 1796 salutat,
340 1738 469 1796 eumque
485 1722 619 1777 hortatus
633 1719 673 1776 ad
687 1717 801 1774 bellum
811 1716 962 1786 sacrilegis
974 1731 1041 1788 pro-

210 1815 327 1872 ceribus
342 1824 580 1868 rerumsuarum
601 1807 833 1880 occupatoribus
857 1806 940 1862 ocius
965 1803 1040 1860 inte-

210 1903 348 1960 rendum.
361 1900 417 1956 Ubi
429 1898 563 1955 notanda
574 1901 643 1952 suut
657 1895 749 1952 verba
760 1895 903 1952 monachi
924 1893 1041 1952 Clunia·

210 1991 306 2048 censis
320 1987 419 2059 legati,
435 1987 591 2043 Odilonem
607 1985 749 2042 abbatem
769 2001 858 2040 suum
869 1985 1040 2055 principem

696 117 731 176 IN
751 107 1000 175 tarnanensis
1018 107 1174 174 fflhcssl’l
1193 111 1445 172 htUlillitliilslS.

119 231 123 244 ¹
210 254 283 310 bero
297 245 443 308 Kalendis
452 241 664 301 Decembribus
680 235 806 308 oddoni,
822 245 851 296 et
864 239 945 295 idem
967 249 1037 294 eum
1055 251 1081 304 Α
1095 243 1159 296 tum
1173 239 1317 308 Odilonis,
1329 241 1445 296 mititte
1455 242 1605 310 praecipis
1612 256 1624 310 ‚·
1638 240 1872 314 quamprimum
1880 257 1922 298 01.

1870 123 1920 177 0⁰4

1093 339 1227 400 sequere,
1240 343 1275 384 ac
1290 334 1407 384 nosnos
1421 330 1533 398 hostes,
1547 329 1641 385 nostri
1659 329 1842 388 monasterii
1863 346 1921 402 spo

1091 417 1210 473 lictores
1220 418 1393 488 aggredere.
1421 421 1460 474 Te
1473 417 1563 486 enim,
1589 419 1706 475 emnem
1734 433 1806 486 reoe,
1832 420 1920 489 magis

1092 506 1177 562 decet
1189 511 1375 578 pugnantem
1390 506 1518 576 gloriose
1531 507 1719 574 occumbere,
1730 522 1833 579 quam
1841 523 1921 577 agros

1092 594 1249 665 colentem,
1264 609 1317 651 seu
1331 595 1523 652 masticantem
1536 601 1565 652 et
1590 601 1775 666 remantem,
1802 596 1882 652 lenta
1899 603 1920 651 u

1092 683 1203 753 ignava
1226 689 1322 740 morte
1339 683 1473 754 defungi.
1489 705 1504 734 u
1533 684 1583 740 tiis
1597 684 1748 740 adalbero
1774 689 1808 740 et
1825 701 1921 741 muna·

1092 774 1167 828 ehoe
1180 773 1370 842 arrogantie,
1396 773 1448 846 qni
1467 773 1529 843 regi
1557 774 1753 846 imperarent,
1781 778 1812 830 et
1830 789 1920 844 regem

1091 860 1202 932 ipsum,
1219 861 1257 916 ed
1271 875 1362 934 quem
1374 873 1496 918 carmen
1511 863 1690 934 composuit,
1716 861 1839 918 inerha
1856 863 1920 917 desi-

1092 948 1210 1021 diaque
1229 949 1345 1018 arguit:
1362 947 1414 1023 qui
1439 955 1519 1006 certe
1545 950 1636 1006 fertur
1659 949 1754 1006 tuisse
1787 950 1836 1006 vir
1862 951 1919 1023 plus

1092 1051 1185 1110 quam
1201 1039 1385 1095 monachicas
1401 1038 1608 1111 simplicitatis.

1093 1128 1149 1198 (aa)
1168 1129 1285 1185 Mittere
1293 1131 1461 1200 perplures,
1469 1143 1559 1200 quum
1567 1129 1693 1198 [medes
1706 1127 1785 1185 etsta
1794 1129 1918 1197 spondet,

1092 1216 1201 1286 Africa
1213 1219 1313 1287 cipro,
1330 1219 1422 1274 murts
1435 1217 1551 1274 titulus
1565 1231 1655 1290 quum
1670 1219 1761 1273 littus
1772 1231 1891 1284 meam,

1092 1306 1171 1361 Pars
1185 1307 1309 1376 aarum
1322 1311 1422 1362 minue
1434 1321 1493 1362 nen
1502 1310 1602 1377 justet
1619 1309 1708 1363 tertio
1720 1308 1843 1363 mandi.

1130 1411 1226 1482 Pergit
1241 1411 1387 1468 mandata
1411 1409 1544 1470 odilonis
1572 1425 1723 1486 exponere
1754 1413 1880 1485 legatus,
1897 1419 1918 1468 et

1093 1513 1154 1574 quo
1170 1501 1269 1557 minus
1280 1499 1394 1558 dubitet
1406 1499 1518 1558 bellum
1532 1513 1642 1573 gerere.
1660 1523 1675 1552 u
1694 1505 1770 1574 ilex,
1788 1503 1869 1566 scitu,
1881 1503 1916 1557 ia·

1059 1591 1166 1664 Bquit.
1190 1593 1218 1646 et
1236 1603 1416 1664 persuasum
1443 1591 1554 1648 habeto
1579 1591 1742 1665 Europam,
1772 1605 1841 1665 quae
1867 1605 1915 1647 non

1095 1679 1195 1736 minus
1209 1695 1304 1753 quem
1324 1681 1406 1736 tertia
1428 1693 1498 1753 pars
1519 1686 1666 1737 terrarum
1682 1679 1769 1738 orbis
1788 1683 1841 1748 est,
1862 1681 1915 1755 plu-

1094 1781 1141 1824 res
1155 1766 1207 1824 tihi
1218 1771 1384 1826 monachos
1400 1769 1618 1826 commilitones
1632 1771 1797 1827 missuram
1809 1767 1914 1842 adjunc

1095 1863 1255 1931 laremque
1270 1855 1390 1926 aumho,
1406 1873 1500 1933 quem
1511 1859 1543 1915 in
1558 1859 1626 1916 Asia
1640 1863 1669 1915 et
1683 1859 1786 1916 Africa
1812 1857 1914 1915 hundos

1095 1947 1163 2015 sint,
1180 1949 1273 2004 autin
1286 1947 1380 2005 littore
1396 1949 1488 2005 maris
1503 1965 1612 2005 areum.
1634 1947 1700 2018 Hoc,
1719 1949 1816 2021 jactat
1839 1953 1913 2006 Euro

209 2081 327 2139 milities
340 2075 529 2152 appellantis,
545 2079 573 2131 et
587 2075 789 2130 monasticum
803 2074 940 2130 ordinem
962 2072 1042 2128 belti-
1094 2050 1144 2112 pa·
1161 2037 1306 2138 '',⁰¹¹¹bu⁵
1320 2038 1420 2093 verbm
1433 2038 1591 2140 ,Adfflbem
1615 2053 1744 2094 “mm
1767 2037 1913 2137 1119ῃᾶοΜ

210 2168 426 2228 remorantem
438 2163 654 2236 nuncupantis,
668 2166 697 2218 et
707 2177 892 2236 magnopere
903 2161 1040 2218 instantis
1095 2140 1162 2228 ΨΜ
1175 2139 1206 2182 ¹¹¹
1223 2127 1341 2228 ΕΨΟΡᾶ
1355 2125 1576 2228 mffltlllfdffleffl
1593 2143 1648 2226 sua
1663 2131 1754 2184 &lale
1775 2127 1861 2184 misse
1880 2141 1912 2182 m·

210 2256 404 2330 urgentisque
416 2258 449 2311 ut
459 2269 511 2308 rex
523 2251 655 2308 celeriter
677 2255 820 2306 convocet
844 2250 961 2316 milites,
990 2264 1040 2304 co·
1095 2211 1184 2286 Μ’
1200 2213 1273 2289 qffld
1288 2211 1431 2283 dmum&
1449 2229 1474 2271 ⁵¹
1488 2229 1568 2272 ΠΜ
1583 2215 1720 2272 mm?

210 2352 262 2422 gat
279 2345 391 2419 copias,
417 2345 543 2416 apparet
570 2340 693 2408 bellum,
732 2343 821 2412 atqfle
848 2338 966 2395 abbatis
994 2336 1041 2392 sui
1097 2321 1151 2394 (di)
1172 2319 1385 2394 Quidlibivis,
1402 2319 1510 2390 rabies,
1540 2321 1623 2378 tett't't
1645 2321 1823 2394 dtqttssst'ma
1843 2323 1910 2378 eluu-

210 2433 457 2508 quamprimum
478 2433 660 2503 exsequatur
686 2435 842 2486 mandata.
873 2427 1040 2496 lutbertus,
1788 2413 1885 2484 [strar

211 2523 378 2580 carnutium
393 2521 526 2578 ecclesiae
541 2521 712 2594 episcopus,
725 2519 755 2574 Ιιιι
767 2518 895 2592 epistola
917 2521 950 2573 66
975 2534 1041 2572 mo·
1095 2501 1124 2555 F
1122 2501 1193 2571 2'92'13
1204 2515 1261 2570 pir
1275 2515 1393 2571 Willis,
1404 2501 1425 2570 f
1423 2502 1508 2572 “95⁰²
1524 2517 1561 2560 Μ
1577 2502 1697 2574 domus,
1713 2517 1837 2574 unaue&

210 2615 378 2671 nechoram
391 2611 609 2680 uretunpetum
625 2610 789 2676 Odttoeem,
806 2613 833 2666 et
848 2613 997 2678 nostrum,
1010 2606 1042 2662 id
1133 2608 1211 2675 Quid
1224 2609 1279 2664 tihi
1294 2611 1349 2675 vis,
1363 2610 1472 2673 redies,
1488 2626 1552 2668 uon
1562 2611 1627 2680 iam
1638 2605 1909 2672 monasteriumsed

210 2707 255 2760 est
276 2718 365 2760 suum
386 2700 604 2770 cartenarium
628 2697 768 2770 appellat.
799 2697 950 2753 lotsaldus
968 2710 1042 2769 quo
1097 2714 1252 2754 carcerum
1264 2697 1403 2754 claustris
1418 2699 1547 2756 coerceri
1561 2700 1678 2770 digna?
1693 2701 1766 2758 Haec
1777 2705 1819 2756 est
1831 2697 1909 2755 excla-

210 2809 360 2869 que,eum
374 2788 725 2856 secutusnretuagetum
740 2785 1042 2842 mococtoremrtinc
1096 2787 1191 2844 matio
1203 2787 1409 2859 adalberonis,
1426 2789 1559 2863 episcopi
1578 2789 1798 2859 laudunensis,
1818 2789 1906 2846 adver.

211 2883 302 2952 vulgo
316 2879 519 2950 archangelus
534 2875 651 2932 videtur
665 2890 731 2930 esse
743 2877 945 2948 nuncupatus.
964 2877 1040 2931 Con·
1098 2892 1150 2931 sus
1164 2877 1330 2933 monachos
1341 2893 1444 2948 regem
1456 2878 1495 2934 ad
1515 2877 1730 2936 vindicandam
1745 2880 1831 2936 armis
1842 2878 1907 2950 ipso

212 2974 270 3027 stat
282 2973 386 3027 autem
398 2963 569 3024 Michaelem
583 2961 798 3032 archangelum
811 2979 830 3018 a
843 2962 950 3018 Grecis
962 2977 1041 3036 sape
1059 2947 1080 3002 C
1094 2982 1163 3022 rum
1177 2966 1319 3037 iujuriam
1334 2967 1500 3034 hortantes,
1515 2967 1729 3042 compellentes
1744 2977 1773 3026 ct
1784 2971 1904 3024 canentes

211 3060 326 3117 dicium
351 3071 416 3113 6³⁸0
442 3054 499 3107 ser'
514 3052 722 3125 increpemus,
746 3052 966 3126 'epgrcperepcq
984 3051 1041 3107 hoc
1096 3055 1232 3128 quodam
1259 3056 1351 3112 modo
1370 3056 1534 3114 bellicum:
1557 3073 1634 3132 quos
1653 3058 1787 3116 rabiosos
1806 3063 1831 3114 et
1846 3061 1904 3112 tetro

211 3146 432 3218 estprincipem
446 3142 562 3198 militi&
585 3140 741 3210 angellcaes
760 3139 940 3210 magistrum
964 3140 1042 3194 mili·
1096 3159 1216 3201 currere
1242 3145 1430 3216 dignissimos
1456 3147 1645 3204 amarissime
1674 3145 1903 3215 intesasimeque

211 3244 275 3295 tum
291 3231 465 3296 coelestium,
481 3230 591 3284 ducem
605 3227 731 3298 angelici
756 3227 912 3284 exercitus.
937 3228 966 3284 Si
986 3227 1043 3282 ita·
1098 3232 1248 3305 appellare
1263 3249 1325 3290 uon
1349 3239 1467 3291 veretur
1492 3235 1588 3292 honte
1613 3251 1725 3308 parum
1751 3229 1901 3308 episcopali.

211 3339 270 3397 que
298 3320 394 3393 potuit
422 3317 516 3384 Odilo,
542 3332 626 3372 more
652 3316 810 3386 MichaeHS‚
839 3315 1041 3385 archangelus
1097 3321 1241 3378 Posterior
1255 3338 1357 3378 versus
1372 3327 1469 3396 potest
1481 3324 1641 3382 convenire
1652 3325 1787 3382 Rotberto
1796 3320 1903 3378 Adalbt·

210 3408 323 3475 vocari,
339 3401 476 3480 potuit‚et
486 3401 622 3474 ejusdem
632 3403 901 3472 nominepre'neeps
913 3399 1041 3471 militie,
1096 3411 1178 3466 roais
1193 3411 1310 3482 corpori
1327 3428 1439 3484 unques
1452 3413 1540 3484 mfiqe'
1548 3413 1676 3485 jubenti,
1702 3430 1739 3470 ue
1757 3411 1854 3468 lividus
1877 3409 1901 3460 et

211 3497 265 3553 sed
291 3505 402 3566 nempe
424 3491 608 3562 monastica,
637 3489 792 3564 appellari.
824 3487 1042 3548 Monuetcrum
1097 3499 1317 3554 monachorum
1332 3501 1441 3573 opibus
1456 3501 1616 3575 glorquu,
1631 3502 1759 3560 invidens
1776 3496 1892 3567 ,fl-„qma

212 3581 350 3638 termam
365 3580 500 3637 erdmem
513 3579 731 3650 vocatlcgatus
748 3576 890 3647 odilonis,
916 3581 963 3636 vel
988 3591 1042 3653 po·
1096 3607 1153 3678 (55)
1173 3607 1267 3663 Crede
1282 3607 1366 3675 mim,
1382 3625 1442 3666 non
1454 3624 1501 3666 me
1516 3615 1569 3666 ma
1583 3611 1675 3666 verba
1698 3606 1830 3666 mmm
1849 3607 1899 3658 m,

210 3671 269 3728 tius
283 3668 441 3739 adalbero,
458 3667 530 3742 qaia
545 3673 617 3725 hmo
640 3666 781 3724 monachi
803 3669 1042 3743 quotiescunque
1794 3695 1874 3766 qm„

210 3763 267 3820 iter
279 3761 419 3830 lacerent,
433 3755 534 3832 gladio
545 3757 642 3830 cincti,
652 3756 823 3832 pharetrati,
838 3765 920 3816 veste
934 3759 1041 3830 trunci,
1097 3786 1237 3842 plum„
1251 3799 1297 3842 me
1307 3787 1410 3843 mi,
1418 3787 1613 3858 mm
1626 3789 1679 3845 ine
1693 3789 1838 3859 mam-m

211 3865 265 3909 ’ω
278 3845 385 3922 'ma'
399 3853 428 3907 οἱ
442 3865 512 3906 “mn
525 3845 693 3906 ⁰³l⁰mbu⁵
707 3861 792 3905 mm
805 3847 934 3952 mihim?
960 3849 1042 3952 Ψ
1133 3893 1194 3948 liea
1210 3891 1367 3949 liethertus
1391 3907 1461 3950 cnm
1476 3895 1645 3952 monachos
1668 3905 1729 3952 noa
1753 3889 1903 3951 irriderise

209 3941 324 4001 tabent.
339 3941 506 3998 auctorest
522 3937 628 3997 Gleder
645 3935 789 3994 Rodulius
809 3954 839 3995 m
865 3934 932 3996 hhrr
944 3939 1042 3996 ilisto-
1372 3939 1379 3963 ’

209 4035 324 4090 riarum
340 4029 466 4104 ncepitc
479 4033 505 4098 9,
521 4027 661 4086 notberto
674 4027 757 4101 apud
774 4027 901 4085 Francos
916 4041 1044 4100 regnau-

210 4124 249 4190 te,
265 4134 335 4178 cum
347 4132 399 4176 rer
424 4115 662 4177 Cordubensium
686 4119 847 4176 Almahzor
862 4119 1042 4176 sarracenus

211 4207 391 4277 Gallaeciam,
414 4211 574 4264 Navarram
600 4211 689 4280 atque
717 4208 874 4265 Castellum
894 4208 1043 4264 continuis

210 4298 432 4358 incursionibus
442 4301 579 4367 vastaret,
593 4297 683 4353 urbes
697 4293 877 4355 christianas
888 4310 1040 4370 expugna·
1061 4295 1083 4350 h

210 4393 266 4458 ret,
280 4387 384 4462 prelia
395 4385 631 4444 etiamseeuade
649 4385 769 4457 faceret,
783 4388 951 4444 monachos
976 4388 1041 4458 ejus

211 4477 343 4550 regionis
353 4475 457 4550 inopia
469 4473 597 4532 militiam
612 4490 698 4532 arma
712 4487 831 4548 capere,
851 4481 880 4533 et
897 4476 977 4532 bella
990 4489 1041 4546 ge-

211 4584 276 4626 rere
291 4583 355 4624 esse
370 4564 552 4638 compulsos.
566 4567 648 4620 Tunc
660 4564 751 4621 etiam
761 4565 801 4621 oh
816 4566 961 4622 exercitus
970 4565 1044 4622 rari·

211 4659 303 4716 tatem
317 4651 465 4729 compulsi
484 4657 554 4712 suut
565 4650 695 4725 regionis
718 4651 796 4711 illius
822 4651 968 4712 monachi·
991 4672 1041 4712 su-

212 4763 293 4804 mere
307 4761 394 4803 arma
409 4741 525 4801 bellica.
552 4737 620 4801 Erat
642 4759 713 4814 ergo
737 4749 808 4802 tunc
820 4743 1041 4801 monachorum

212 4835 317 4892 sellem
332 4827 574 4906 hispaniensium
590 4829 665 4888 ordo
689 4848 757 4888 vere
781 4831 937 4888 millitaris.
952 4832 1042 4904 Apud

211 4917 352 4982 cumdem
368 4923 399 4978 in
413 4917 465 4977 lib.
482 4936 521 4989 ιιι,
535 4935 602 4994 cup.
618 4919 635 4976 4
649 4917 769 4977 invenio
783 4917 935 4993 quosdam
957 4936 974 4975 e
988 4919 1043 4977 Tu·

211 5009 305 5069 ronici
319 5003 493 5067 monasterii
514 5003 593 5065 beati
608 5004 722 5066 Martini
737 5005 849 5063 clericis
871 5004 933 5063 sive
953 5021 1042 5064 cano

211 5100 368 5157 aioistmc
381 5112 468 5154 arnna
479 5093 612 5153 induisse
626 5101 716 5169 atque
740 5095 893 5165 militasse,
913 5098 943 5150 et
967 5106 1041 5150 nou·

212 5187 312 5244 mulos
326 5199 432 5243 eormn
445 5187 476 5242 ln
488 5186 593 5260 praelio
605 5185 757 5242 cecidisse.

213 5293 270 5367 (52)
291 5294 595 5364 Aqmteeeoesepms,
609 5295 785 5350 mundatum
797 5289 1041 5362 consummate,

212 5385 316 5442 emir
325 5389 352 5440 te
366 5381 448 5438 deret
460 5387 532 5439 onte
542 5384 622 5439 mori
633 5393 724 5454 quom
738 5392 813 5439 reru
826 5383 959 5439 eumue.

247 5491 344 5550 verba
357 5499 393 5547 ee
409 5488 578 5560 suntlegati
592 5481 724 5548 aaronis
739 5484 779 5546 ad
794 5489 978 5558 lietbertum,
994 5499 1041 5544 re-

212 5579 835 5653 fflmeemmtnie,
859 5581 891 5636 et
912 5579 1042 5636 manda-

1097 3981 1171 4051 lum,
1188 3981 1240 4037 sed
1255 3981 1344 4038 etiem
1366 3983 1487 4040 rabidos
1513 3987 1542 4040 et
1557 3985 1728 4040 carceream
1753 3985 1850 4054 dtqnos
1873 3973 1903 4031 ab

1098 4069 1284 4126 adalberone
1298 4070 1440 4144 episeopo
1455 4071 1621 4145 apppellari
1629 4071 1746 4130 viderit.
1752 4065 1903 4144 patiendam

1097 4158 1187 4230 rupit,
1204 4173 1240 4215 ac
1254 4160 1374 4228 negavit
1384 4175 1415 4216 se
1427 4161 1527 4217 verbis
1541 4162 1606 4231 ejus
1620 4160 1905 4217 minseimsconue

1097 4248 1170 4317 veri,
1186 4252 1238 4304 eut
1253 4261 1284 4305 se
1294 4247 1380 4304 dictis
1394 4251 1459 4320 ejus
1472 4251 1503 4306 iu
1518 4251 1687 4306 monachos
1701 4255 1731 4307 et
1742 4249 1816 4322 jocis
1827 4262 1843 4302 a
1856 4253 1905 4300 mo·

1098 4339 1266 4394 nechoram
1278 4349 1380 4395 amore
1395 4340 1534 4396 deterreri
1547 4353 1554 4410 ;
1573 4351 1604 4396 se
1617 4339 1771 4396 monacho
1784 4334 1906 4406 magistri)

1096 4437 1186 4482 usum
1199 4440 1274 4494 esse,
1293 4439 1329 4483 ex
1343 4439 1404 4500 quo
1425 4429 1571 4498 piurima,
1599 4431 1628 4485 et
1654 4429 1789 4485 maxima
1808 4418 1907 4482 utilissi·

1096 4527 1208 4589 meque
1222 4517 1371 4586 didicerit,
1389 4517 1437 4573 eui
1449 4518 1598 4592 quidquid
1616 4518 1674 4574 scit
1693 4521 1856 4593 acceptam.
1876 4523 1908 4564 tt

1097 4603 1231 4662 eundum
1249 4608 1352 4677 ὓιιιιιιι,
1363 4605 1489 4674 mirram
1507 4607 1555 4666 cut
1565 4605 1730 4680 plurimum
1743 4612 1774 4664 et
1784 4599 1909 4662 demetet

1096 4692 1221 4764 deteret,
1249 4695 1283 4750 rt
1307 4689 1533 4768 disciplinarum
1559 4695 1683 4753 auctori
1707 4697 1828 4754 consid
1844 4689 1908 4748 eun

1098 4780 1272 4838 aerbertum
1301 4787 1499 4858 praceptorm
1522 4781 1652 4856 hohern,
1668 4785 1799 4842 obmmu
1820 4788 1908 4852 genae

1097 4875 1202 4926 netum
1216 4870 1426 4944 inequitante,
1450 4873 1632 4930 massuetum
1656 4881 1675 4930 d
1695 4885 1793 4942 puero
1814 4867 1842 4925 in
1856 4877 1908 4921 mo·

1097 4959 1397 5018 nasterldrletreliatn
1407 4960 1589 5030 ceramum
1608 4961 1717 5018 ddnde
1729 4959 1857 5018 scholam
1870 4955 1909 5008 lle·

1097 5058 1245 5118 mensem,
1275 5063 1329 5106 sea
1353 5049 1491 5106 aeclesis
1520 5051 1685 5122 llemenns,
1705 5049 1828 5106 mnaso,
1843 5039 1908 5100 dude

1097 5147 1160 5193 uon
1173 5148 1245 5193 raro
1261 5139 1293 5194 in
1315 5139 1508 5212 inscriptione
1533 5140 1729 5213 epistolarum
1753 5133 1907 5198 Mater

1097 5225 1248 5296 mondum
1263 5228 1492 5296 Setoiostieem,
1508 5232 1537 5286 et
1557 5225 1731 5285 Gmhertum
1757 5224 1909 5285 sendum

1098 5313 1251 5386 abbatem,
1267 5315 1298 5372 ld
1312 5321 1358 5373 est
1370 5322 1461 5390 caput
1487 5317 1612 5384 scholae,
1641 5317 1705 5391 ipse
1731 5328 1765 5372 se
1786 5307 1907 5386 appel&

1099 5402 1262 5476 reserpere
1286 5405 1392 5460 asam
1415 5401 1589 5462 nemetum
1612 5399 1748 5474 aaronis
1770 5402 1869 5462 meu.
1887 5391 1909 5488 ei

1096 5493 1236 5550 odonem
1264 5496 1308 5556 ιιι,
1338 5493 1453 5551 monis
1480 5499 1504 5550 ll
1529 5494 1656 5565 augusti
1683 5494 1800 5560 tiliam
1823 5492 1910 5556 ,qu-

1097 5581 1159 5639 ires
1185 5583 1343 5644 Ramnes
1365 5595 1419 5642 rer
1445 5587 1629 5643 araneorum
1654 5584 1732 5652 tanta
1751 5577 1908 5650 ΜΡΝ
