<?xml version="1.0" encoding="UTF-8"?>
<!DOCTYPE html PUBLIC "-//W3C//DTD XHTML 1.0 Transitional//EN"
    "http://www.w3.org/TR/xhtml1/DTD/xhtml1-transitional.dtd">
<html xmlns="http://www.w3.org/1999/xhtml" xml:lang="en" lang="en">
 <head>
  <title>
</title>
<meta http-equiv="Content-Type" content="text/html;charset=utf-8" />
  <meta name='ocr-system' content='tesseract 3.04.00' />
  <meta name='ocr-capabilities' content='ocr_page ocr_carea ocr_par ocr_line ocrx_word'/>
</head>
<body>
  <div class='ocr_page' id='page_1' title='image "./patrologiaecurs127unkngoog_0103.png"; bbox 0 0 3998 6176; ppageno 0'>
   <div class='ocr_carea' id='block_1_1' title="bbox 113 214 1826 296">
    <p class='ocr_par' dir='ltr' id='par_1_1' title="bbox 113 214 1826 296">
     <span class='ocr_line' id='line_1_1' title="bbox 113 214 1826 296; baseline -0.003 -16"><span class='ocrx_word' id='word_1_1' title='bbox 113 227 170 282; x_wconf 77' lang='grc'><strong>197</strong></span> <span class='ocrx_word' id='word_1_2' title='bbox 401 214 404 218; x_wconf 48' lang='grc'>’</span> <span class='ocrx_word' id='word_1_3' title='bbox 882 219 1066 280; x_wconf 76' lang='lat' dir='ltr'><strong>DPlS&#39;l&#39;QLAE.</strong></span> <span class='ocrx_word' id='word_1_4' title='bbox 1777 239 1826 296; x_wconf 69' lang='lat' dir='ltr'><strong>m</strong></span> 
     </span>
    </p>
   </div>
   <div class='ocr_carea' id='block_1_2' title="bbox 105 343 1858 4624">
    <p class='ocr_par' dir='ltr' id='par_1_2' title="bbox 105 343 1858 4624">
     <span class='ocr_line' id='line_1_2' title="bbox 109 343 1825 436; baseline 0.009 -33"><span class='ocrx_word' id='word_1_5' title='bbox 109 345 227 422; x_wconf 89' lang='lat' dir='ltr'><strong>ptibilia</strong></span> <span class='ocrx_word' id='word_1_6' title='bbox 248 360 286 401; x_wconf 82' lang='lat' dir='ltr'><strong>ex</strong></span> <span class='ocrx_word' id='word_1_7' title='bbox 312 343 557 420; x_wconf 69' lang='lat' dir='ltr'><strong>corruptibilibus</strong></span> <span class='ocrx_word' id='word_1_8' title='bbox 584 345 682 404; x_wconf 91' lang='lat' dir='ltr'><strong>metiri</strong></span> <span class='ocrx_word' id='word_1_9' title='bbox 706 351 879 419; x_wconf 76' lang='lat' dir='ltr'><strong>praesumat,</strong></span> <span class='ocrx_word' id='word_1_10' title='bbox 904 363 942 406; x_wconf 91' lang='lat' dir='ltr'><strong>ne</strong></span> <span class='ocrx_word' id='word_1_11' title='bbox 959 345 1418 416; x_wconf 79' lang='grc'><strong>8188188,8118111818888188</strong></span> <span class='ocrx_word' id='word_1_12' title='bbox 1433 361 1465 410; x_wconf 90' lang='grc'><strong>81</strong></span> <span class='ocrx_word' id='word_1_13' title='bbox 1482 353 1568 414; x_wconf 84' lang='lat' dir='ltr'><strong>homo</strong></span> <span class='ocrx_word' id='word_1_14' title='bbox 1583 357 1725 432; x_wconf 80' lang='lat' dir='ltr'><strong>(Philipp.</strong></span> <span class='ocrx_word' id='word_1_15' title='bbox 1742 375 1773 433; x_wconf 96' lang='grc' dir='ltr'><strong>ιι,</strong></span> <span class='ocrx_word' id='word_1_16' title='bbox 1787 363 1825 436; x_wconf 83' lang='grc'><strong>7),</strong></span> 
     </span>
     <span class='ocr_line' id='line_1_3' title="bbox 109 433 1827 524; baseline 0.01 -32"><span class='ocrx_word' id='word_1_17' title='bbox 109 436 186 492; x_wconf 92' lang='lat' dir='ltr'><strong>dum</strong></span> <span class='ocrx_word' id='word_1_18' title='bbox 210 449 290 492; x_wconf 82' lang='lat' dir='ltr'><strong>caeca</strong></span> <span class='ocrx_word' id='word_1_19' title='bbox 312 433 513 508; x_wconf 88' lang='lat' dir='ltr'><strong>disputatione</strong></span> <span class='ocrx_word' id='word_1_20' title='bbox 540 434 642 493; x_wconf 87' lang='lat' dir='ltr'><strong>clausa</strong></span> <span class='ocrx_word' id='word_1_21' title='bbox 665 435 777 510; x_wconf 90' lang='lat' dir='ltr'><strong>pulsat,</strong></span> <span class='ocrx_word' id='word_1_22' title='bbox 793 441 821 494; x_wconf 90' lang='lat' dir='ltr'><strong>et</strong></span> <span class='ocrx_word' id='word_1_23' title='bbox 840 441 943 510; x_wconf 87' lang='lat' dir='ltr'><strong>operta</strong></span> <span class='ocrx_word' id='word_1_24' title='bbox 997 435 1127 495; x_wconf 76' lang='lat' dir='ltr'><strong>Marcion</strong></span> <span class='ocrx_word' id='word_1_25' title='bbox 1140 437 1329 510; x_wconf 81' lang='lat' dir='ltr'><strong>phantasiam</strong></span> <span class='ocrx_word' id='word_1_26' title='bbox 1347 444 1480 517; x_wconf 88' lang='lat' dir='ltr'><strong>corporis</strong></span> <span class='ocrx_word' id='word_1_27' title='bbox 1502 450 1531 502; x_wconf 90' lang='lat' dir='ltr'><strong>et</strong></span> <span class='ocrx_word' id='word_1_28' title='bbox 1550 459 1612 504; x_wconf 91' lang='lat' dir='ltr'><strong>non</strong></span> <span class='ocrx_word' id='word_1_29' title='bbox 1627 465 1736 524; x_wconf 88' lang='lat' dir='ltr'><strong>corpus</strong></span> <span class='ocrx_word' id='word_1_30' title='bbox 1758 466 1827 509; x_wconf 91' lang='lat' dir='ltr'><strong>oon-</strong></span> 
     </span>
     <span class='ocr_line' id='line_1_4' title="bbox 108 523 1828 600; baseline 0.008 -18"><span class='ocrx_word' id='word_1_31' title='bbox 108 541 173 582; x_wconf 91' lang='lat' dir='ltr'><strong>non</strong></span> <span class='ocrx_word' id='word_1_32' title='bbox 185 524 277 594; x_wconf 87' lang='lat' dir='ltr'><strong>ridet,</strong></span> <span class='ocrx_word' id='word_1_33' title='bbox 292 523 420 600; x_wconf 88' lang='lat' dir='ltr'><strong>propriis</strong></span> <span class='ocrx_word' id='word_1_34' title='bbox 434 523 660 582; x_wconf 87' lang='lat' dir='ltr'><strong>delinitionibus</strong></span> <span class='ocrx_word' id='word_1_35' title='bbox 675 525 875 598; x_wconf 70' lang='lat' dir='ltr'><strong>captivatam</strong></span> <span class='ocrx_word' id='word_1_36' title='bbox 886 541 943 582; x_wconf 83' lang='lat' dir='ltr'><strong>ore-</strong></span> <span class='ocrx_word' id='word_1_37' title='bbox 997 523 1094 582; x_wconf 87' lang='lat' dir='ltr'><strong>lessus</strong></span> <span class='ocrx_word' id='word_1_38' title='bbox 1119 531 1163 582; x_wconf 90' lang='grc'><strong>881</strong></span> <span class='ocrx_word' id='word_1_39' title='bbox 1184 526 1215 584; x_wconf 88' lang='grc'><strong>18</strong></span> <span class='ocrx_word' id='word_1_40' title='bbox 1239 528 1353 587; x_wconf 88' lang='lat' dir='ltr'><strong>Christo</strong></span> <span class='ocrx_word' id='word_1_41' title='bbox 1377 529 1477 590; x_wconf 86' lang='grc'><strong>181888.</strong></span> <span class='ocrx_word' id='word_1_42' title='bbox 1499 534 1555 592; x_wconf 88' lang='lat' dir='ltr'><strong>Sed</strong></span> <span class='ocrx_word' id='word_1_43' title='bbox 1570 537 1713 595; x_wconf 81' lang='lat' dir='ltr'><strong>Dominus</strong></span> <span class='ocrx_word' id='word_1_44' title='bbox 1728 543 1828 599; x_wconf 79' lang='grc'><strong>888188</strong></span> 
     </span>
     <span class='ocr_line' id='line_1_5' title="bbox 109 613 1829 704; baseline 0.009 -32"><span class='ocrx_word' id='word_1_45' title='bbox 109 631 182 672; x_wconf 92' lang='lat' dir='ltr'><strong>cum</strong></span> <span class='ocrx_word' id='word_1_46' title='bbox 198 629 323 670; x_wconf 90' lang='lat' dir='ltr'><strong>sensum</strong></span> <span class='ocrx_word' id='word_1_47' title='bbox 347 629 487 687; x_wconf 89' lang='lat' dir='ltr'><strong>sequens,</strong></span> <span class='ocrx_word' id='word_1_48' title='bbox 499 613 531 670; x_wconf 89' lang='lat' dir='ltr'><strong>in</strong></span> <span class='ocrx_word' id='word_1_49' title='bbox 547 613 655 671; x_wconf 90' lang='lat' dir='ltr'><strong>erroris</strong></span> <span class='ocrx_word' id='word_1_50' title='bbox 682 615 879 689; x_wconf 74' lang='lat' dir='ltr'><strong>praecipitium</strong></span> <span class='ocrx_word' id='word_1_51' title='bbox 894 630 943 674; x_wconf 88' lang='lat' dir='ltr'><strong>ca·</strong></span> <span class='ocrx_word' id='word_1_52' title='bbox 997 616 1082 672; x_wconf 87' lang='lat' dir='ltr'><strong>lesus</strong></span> <span class='ocrx_word' id='word_1_53' title='bbox 1097 615 1229 673; x_wconf 80' lang='lat' dir='ltr'><strong>Christus</strong></span> <span class='ocrx_word' id='word_1_54' title='bbox 1245 615 1276 674; x_wconf 90' lang='lat' dir='ltr'><strong>in</strong></span> <span class='ocrx_word' id='word_1_55' title='bbox 1291 619 1404 678; x_wconf 90' lang='lat' dir='ltr'><strong>unitate</strong></span> <span class='ocrx_word' id='word_1_56' title='bbox 1417 621 1505 680; x_wconf 90' lang='lat' dir='ltr'><strong>unius</strong></span> <span class='ocrx_word' id='word_1_57' title='bbox 1520 625 1718 702; x_wconf 88' lang='lat' dir='ltr'><strong>ejusdemque</strong></span> <span class='ocrx_word' id='word_1_58' title='bbox 1727 645 1829 704; x_wconf 86' lang='lat' dir='ltr'><strong>perso·</strong></span> 
     </span>
     <span class='ocr_line' id='line_1_6' title="bbox 109 702 1830 788; baseline 0.01 -27"><span class='ocrx_word' id='word_1_59' title='bbox 109 705 172 762; x_wconf 89' lang='lat' dir='ltr'><strong>dut.</strong></span> <span class='ocrx_word' id='word_1_60' title='bbox 187 704 255 761; x_wconf 76' lang='lat' dir='ltr'><strong>tria</strong></span> <span class='ocrx_word' id='word_1_61' title='bbox 270 703 296 759; x_wconf 91' lang='lat' dir='ltr'><strong>si</strong></span> <span class='ocrx_word' id='word_1_62' title='bbox 310 702 434 776; x_wconf 91' lang='lat' dir='ltr'><strong>quidem</strong></span> <span class='ocrx_word' id='word_1_63' title='bbox 445 703 533 761; x_wconf 90' lang='lat' dir='ltr'><strong>nobis</strong></span> <span class='ocrx_word' id='word_1_64' title='bbox 545 708 615 762; x_wconf 90' lang='lat' dir='ltr'><strong>sunt</strong></span> <span class='ocrx_word' id='word_1_65' title='bbox 627 704 667 762; x_wconf 89' lang='lat' dir='ltr'><strong>ad</strong></span> <span class='ocrx_word' id='word_1_66' title='bbox 679 704 847 778; x_wconf 87' lang='lat' dir='ltr'><strong>protectum</strong></span> <span class='ocrx_word' id='word_1_67' title='bbox 862 705 944 764; x_wconf 80' lang='lat' dir='ltr'><strong>Chri-</strong></span> <span class='ocrx_word' id='word_1_68' title='bbox 998 720 1045 763; x_wconf 88' lang='lat' dir='ltr'><strong>nse</strong></span> <span class='ocrx_word' id='word_1_69' title='bbox 1067 721 1103 762; x_wconf 86' lang='lat' dir='ltr'><strong>ex</strong></span> <span class='ocrx_word' id='word_1_70' title='bbox 1125 705 1256 780; x_wconf 89' lang='lat' dir='ltr'><strong>duabus,</strong></span> <span class='ocrx_word' id='word_1_71' title='bbox 1272 711 1301 766; x_wconf 89' lang='lat' dir='ltr'><strong>et</strong></span> <span class='ocrx_word' id='word_1_72' title='bbox 1321 709 1352 767; x_wconf 90' lang='grc'><strong>18</strong></span> <span class='ocrx_word' id='word_1_73' title='bbox 1375 711 1496 769; x_wconf 89' lang='lat' dir='ltr'><strong>duabus</strong></span> <span class='ocrx_word' id='word_1_74' title='bbox 1520 715 1702 788; x_wconf 80' lang='lat' dir='ltr'><strong>substantiis,</strong></span> <span class='ocrx_word' id='word_1_75' title='bbox 1727 720 1830 778; x_wconf 84' lang='lat' dir='ltr'><strong>divine</strong></span> 
     </span>
     <span class='ocr_line' id='line_1_7' title="bbox 109 791 1830 881; baseline 0.01 -31"><span class='ocrx_word' id='word_1_76' title='bbox 109 793 217 850; x_wconf 77' lang='lat' dir='ltr'><strong>stianae</strong></span> <span class='ocrx_word' id='word_1_77' title='bbox 229 791 380 864; x_wconf 89' lang='lat' dir='ltr'><strong>religionis</strong></span> <span class='ocrx_word' id='word_1_78' title='bbox 397 791 561 866; x_wconf 88' lang='lat' dir='ltr'><strong>proposita,</strong></span> <span class='ocrx_word' id='word_1_79' title='bbox 578 793 634 850; x_wconf 89' lang='lat' dir='ltr'><strong>sed</strong></span> <span class='ocrx_word' id='word_1_80' title='bbox 648 794 687 850; x_wconf 92' lang='lat' dir='ltr'><strong>ad</strong></span> <span class='ocrx_word' id='word_1_81' title='bbox 703 799 945 852; x_wconf 89' lang='lat' dir='ltr'><strong>consummatam</strong></span> <span class='ocrx_word' id='word_1_82' title='bbox 1000 795 1110 852; x_wconf 89' lang='lat' dir='ltr'><strong>scilicet</strong></span> <span class='ocrx_word' id='word_1_83' title='bbox 1123 800 1152 852; x_wconf 92' lang='lat' dir='ltr'><strong>el</strong></span> <span class='ocrx_word' id='word_1_84' title='bbox 1174 796 1310 856; x_wconf 89' lang='lat' dir='ltr'><strong>bumana</strong></span> <span class='ocrx_word' id='word_1_85' title='bbox 1334 800 1512 872; x_wconf 80' lang='lat' dir='ltr'><strong>subsistens,</strong></span> <span class='ocrx_word' id='word_1_86' title='bbox 1527 809 1556 860; x_wconf 92' lang='lat' dir='ltr'><strong>et</strong></span> <span class='ocrx_word' id='word_1_87' title='bbox 1573 807 1649 864; x_wconf 91' lang='lat' dir='ltr'><strong>mira</strong></span> <span class='ocrx_word' id='word_1_88' title='bbox 1663 809 1784 881; x_wconf 92' lang='lat' dir='ltr'><strong>protulit</strong></span> <span class='ocrx_word' id='word_1_89' title='bbox 1797 814 1830 867; x_wconf 90' lang='lat' dir='ltr'><strong>ut</strong></span> 
     </span>
     <span class='ocr_line' id='line_1_8' title="bbox 105 879 1829 966; baseline 0.01 -28"><span class='ocrx_word' id='word_1_90' title='bbox 105 881 258 953; x_wconf 75' lang='lat' dir='ltr'><strong>iustitiam</strong></span> <span class='ocrx_word' id='word_1_91' title='bbox 271 879 396 954; x_wconf 88' lang='lat' dir='ltr'><strong>perinde</strong></span> <span class='ocrx_word' id='word_1_92' title='bbox 410 881 588 952; x_wconf 88' lang='lat' dir='ltr'><strong>necessaria,</strong></span> <span class='ocrx_word' id='word_1_93' title='bbox 605 885 638 939; x_wconf 92' lang='lat' dir='ltr'><strong>ut</strong></span> <span class='ocrx_word' id='word_1_94' title='bbox 650 881 681 939; x_wconf 92' lang='lat' dir='ltr'><strong>in</strong></span> <span class='ocrx_word' id='word_1_95' title='bbox 701 883 748 939; x_wconf 90' lang='lat' dir='ltr'><strong>his</strong></span> <span class='ocrx_word' id='word_1_96' title='bbox 767 886 828 940; x_wconf 89' lang='lat' dir='ltr'><strong>tota</strong></span> <span class='ocrx_word' id='word_1_97' title='bbox 839 883 946 940; x_wconf 89' lang='lat' dir='ltr'><strong>huma·</strong></span> <span class='ocrx_word' id='word_1_98' title='bbox 1000 885 1090 952; x_wconf 90' lang='lat' dir='ltr'><strong>Deus,</strong></span> <span class='ocrx_word' id='word_1_99' title='bbox 1120 889 1149 942; x_wconf 89' lang='lat' dir='ltr'><strong>et</strong></span> <span class='ocrx_word' id='word_1_100' title='bbox 1171 885 1292 944; x_wconf 82' lang='lat' dir='ltr'><strong>infirma</strong></span> <span class='ocrx_word' id='word_1_101' title='bbox 1320 889 1461 948; x_wconf 87' lang='lat' dir='ltr'><strong>sustinuit</strong></span> <span class='ocrx_word' id='word_1_102' title='bbox 1497 896 1531 949; x_wconf 90' lang='lat' dir='ltr'><strong>ut</strong></span> <span class='ocrx_word' id='word_1_103' title='bbox 1565 895 1668 966; x_wconf 91' lang='lat' dir='ltr'><strong>homo,</strong></span> <span class='ocrx_word' id='word_1_104' title='bbox 1695 901 1728 954; x_wconf 90' lang='lat' dir='ltr'><strong>ut</strong></span> <span class='ocrx_word' id='word_1_105' title='bbox 1759 913 1829 954; x_wconf 91' lang='lat' dir='ltr'><strong>cum</strong></span> 
     </span>
     <span class='ocr_line' id='line_1_9' title="bbox 108 970 1830 1056; baseline 0.008 -26"><span class='ocrx_word' id='word_1_106' title='bbox 108 988 159 1030; x_wconf 83' lang='lat' dir='ltr'><strong>nae</strong></span> <span class='ocrx_word' id='word_1_107' title='bbox 174 970 282 1029; x_wconf 88' lang='lat' dir='ltr'><strong>salutis</strong></span> <span class='ocrx_word' id='word_1_108' title='bbox 305 987 426 1028; x_wconf 87' lang='lat' dir='ltr'><strong>summa</strong></span> <span class='ocrx_word' id='word_1_109' title='bbox 440 971 602 1040; x_wconf 69' lang='lat' dir='ltr'><strong>consistat,</strong></span> <span class='ocrx_word' id='word_1_110' title='bbox 625 972 689 1028; x_wconf 91' lang='lat' dir='ltr'><strong>sine</strong></span> <span class='ocrx_word' id='word_1_111' title='bbox 703 972 749 1028; x_wconf 90' lang='lat' dir='ltr'><strong>his</strong></span> <span class='ocrx_word' id='word_1_112' title='bbox 759 972 874 1044; x_wconf 89' lang='lat' dir='ltr'><strong>justitia</strong></span> <span class='ocrx_word' id='word_1_113' title='bbox 893 989 945 1030; x_wconf 92' lang='lat' dir='ltr'><strong>no·</strong></span> <span class='ocrx_word' id='word_1_114' title='bbox 999 988 1103 1030; x_wconf 83' lang='lat' dir='ltr'><strong>verum</strong></span> <span class='ocrx_word' id='word_1_115' title='bbox 1120 975 1214 1032; x_wconf 87' lang='lat' dir='ltr'><strong>Deum</strong></span> <span class='ocrx_word' id='word_1_116' title='bbox 1238 975 1379 1035; x_wconf 91' lang='lat' dir='ltr'><strong>sublimia</strong></span> <span class='ocrx_word' id='word_1_117' title='bbox 1393 995 1486 1052; x_wconf 89' lang='lat' dir='ltr'><strong>opera</strong></span> <span class='ocrx_word' id='word_1_118' title='bbox 1506 981 1708 1056; x_wconf 77' lang='lat' dir='ltr'><strong>loquerentur,</strong></span> <span class='ocrx_word' id='word_1_119' title='bbox 1726 1001 1830 1044; x_wconf 84' lang='lat' dir='ltr'><strong>rerum</strong></span> 
     </span>
     <span class='ocr_line' id='line_1_10' title="bbox 108 1059 1830 1148; baseline 0.009 -30"><span class='ocrx_word' id='word_1_120' title='bbox 108 1075 184 1118; x_wconf 91' lang='lat' dir='ltr'><strong>men</strong></span> <span class='ocrx_word' id='word_1_121' title='bbox 203 1059 295 1118; x_wconf 85' lang='lat' dir='ltr'><strong>habet</strong></span> <span class='ocrx_word' id='word_1_122' title='bbox 310 1059 436 1128; x_wconf 88' lang='lat' dir='ltr'><strong>virtutis,</strong></span> <span class='ocrx_word' id='word_1_123' title='bbox 451 1059 610 1134; x_wconf 77' lang='lat' dir='ltr'><strong>praemium</strong></span> <span class='ocrx_word' id='word_1_124' title='bbox 633 1076 696 1118; x_wconf 91' lang='lat' dir='ltr'><strong>non</strong></span> <span class='ocrx_word' id='word_1_125' title='bbox 714 1061 805 1119; x_wconf 89' lang='lat' dir='ltr'><strong>babet</strong></span> <span class='ocrx_word' id='word_1_126' title='bbox 819 1060 945 1118; x_wconf 75' lang='grc'><strong>81818118.</strong></span> <span class='ocrx_word' id='word_1_127' title='bbox 1001 1061 1156 1120; x_wconf 90' lang='lat' dir='ltr'><strong>hominem</strong></span> <span class='ocrx_word' id='word_1_128' title='bbox 1168 1062 1279 1122; x_wconf 89' lang='lat' dir='ltr'><strong>tlebilia</strong></span> <span class='ocrx_word' id='word_1_129' title='bbox 1289 1065 1538 1127; x_wconf 84' lang='lat' dir='ltr'><strong>demonstrarent.</strong></span> <span class='ocrx_word' id='word_1_130' title='bbox 1552 1073 1641 1146; x_wconf 85' lang='lat' dir='ltr'><strong>Deus,</strong></span> <span class='ocrx_word' id='word_1_131' title='bbox 1652 1073 1830 1148; x_wconf 74' lang='grc'><strong>188811188-</strong></span> 
     </span>
     <span class='ocr_line' id='line_1_11' title="bbox 111 1143 1833 1226; baseline 0.006 -19"><span class='ocrx_word' id='word_1_132' title='bbox 111 1153 226 1207; x_wconf 84' lang='lat' dir='ltr'><strong>Dorum</strong></span> <span class='ocrx_word' id='word_1_133' title='bbox 242 1149 373 1222; x_wconf 91' lang='lat' dir='ltr'><strong>primum</strong></span> <span class='ocrx_word' id='word_1_134' title='bbox 388 1152 435 1206; x_wconf 90' lang='lat' dir='ltr'><strong>est</strong></span> <span class='ocrx_word' id='word_1_135' title='bbox 457 1149 630 1222; x_wconf 89' lang='lat' dir='ltr'><strong>intelligere,</strong></span> <span class='ocrx_word' id='word_1_136' title='bbox 653 1155 682 1208; x_wconf 88' lang='grc'><strong>81</strong></span> <span class='ocrx_word' id='word_1_137' title='bbox 705 1143 947 1208; x_wconf 75' lang='grc' dir='ltr'><strong>1188118ιῖ8888</strong></span> <span class='ocrx_word' id='word_1_138' title='bbox 1001 1149 1090 1221; x_wconf 85' lang='grc'><strong>18188,</strong></span> <span class='ocrx_word' id='word_1_139' title='bbox 1106 1157 1171 1209; x_wconf 77' lang='grc'><strong>8881</strong></span> <span class='ocrx_word' id='word_1_140' title='bbox 1197 1152 1540 1226; x_wconf 75' lang='grc'><strong>18018818188811888</strong></span> <span class='ocrx_word' id='word_1_141' title='bbox 1564 1161 1833 1220; x_wconf 82' lang='lat' dir='ltr'><strong>reconcilianssibi</strong></span> 
     </span>
     <span class='ocr_line' id='line_1_12' title="bbox 110 1237 1831 1315; baseline 0.006 -17"><span class='ocrx_word' id='word_1_142' title='bbox 110 1239 294 1313; x_wconf 77' lang='lat' dir='ltr'><strong>mysterium</strong></span> <span class='ocrx_word' id='word_1_143' title='bbox 318 1237 477 1310; x_wconf 84' lang='lat' dir='ltr'><strong>Trinitatis,</strong></span> <span class='ocrx_word' id='word_1_144' title='bbox 492 1243 521 1296; x_wconf 89' lang='grc'><strong>81</strong></span> <span class='ocrx_word' id='word_1_145' title='bbox 535 1239 624 1296; x_wconf 89' lang='grc'><strong>88188</strong></span> <span class='ocrx_word' id='word_1_146' title='bbox 638 1239 792 1298; x_wconf 88' lang='lat' dir='ltr'><strong>veritatem</strong></span> <span class='ocrx_word' id='word_1_147' title='bbox 815 1239 946 1299; x_wconf 86' lang='lat' dir='ltr'><strong>Deitatis.</strong></span> <span class='ocrx_word' id='word_1_148' title='bbox 1004 1239 1751 1315; x_wconf 63' lang='grc'><strong>(11088.819).888818888818,1“11188118118</strong></span> <span class='ocrx_word' id='word_1_149' title='bbox 1769 1249 1831 1309; x_wconf 91' lang='lat' dir='ltr'><strong>fllio</strong></span> 
     </span>
     <span class='ocr_line' id='line_1_13' title="bbox 112 1326 1830 1406; baseline 0.005 -19"><span class='ocrx_word' id='word_1_150' title='bbox 112 1328 291 1388; x_wconf 87' lang='lat' dir='ltr'><strong>Secundum</strong></span> <span class='ocrx_word' id='word_1_151' title='bbox 316 1326 456 1384; x_wconf 89' lang='lat' dir='ltr'><strong>salutaris</strong></span> <span class='ocrx_word' id='word_1_152' title='bbox 473 1326 616 1400; x_wconf 89' lang='lat' dir='ltr'><strong>baptismi</strong></span> <span class='ocrx_word' id='word_1_153' title='bbox 638 1328 785 1386; x_wconf 88' lang='lat' dir='ltr'><strong>rationem</strong></span> <span class='ocrx_word' id='word_1_154' title='bbox 798 1343 887 1385; x_wconf 91' lang='lat' dir='ltr'><strong>nosse</strong></span> <span class='ocrx_word' id='word_1_155' title='bbox 901 1326 949 1383; x_wconf 91' lang='lat' dir='ltr'><strong>vel</strong></span> <span class='ocrx_word' id='word_1_156' title='bbox 1002 1329 1143 1398; x_wconf 90' lang='lat' dir='ltr'><strong>bominis,</strong></span> <span class='ocrx_word' id='word_1_157' title='bbox 1159 1329 1298 1388; x_wconf 81' lang='lat' dir='ltr'><strong>divinitas</strong></span> <span class='ocrx_word' id='word_1_158' title='bbox 1313 1334 1496 1406; x_wconf 86' lang='lat' dir='ltr'><strong>operabatur</strong></span> <span class='ocrx_word' id='word_1_159' title='bbox 1518 1336 1549 1392; x_wconf 92' lang='lat' dir='ltr'><strong>in</strong></span> <span class='ocrx_word' id='word_1_160' title='bbox 1570 1337 1702 1397; x_wconf 91' lang='lat' dir='ltr'><strong>homine.</strong></span> <span class='ocrx_word' id='word_1_161' title='bbox 1720 1343 1830 1398; x_wconf 89' lang='lat' dir='ltr'><strong>Demus</strong></span> 
     </span>
     <span class='ocr_line' id='line_1_14' title="bbox 111 1415 1830 1503; baseline 0.007 -29"><span class='ocrx_word' id='word_1_162' title='bbox 111 1415 391 1474; x_wconf 62' lang='lat' dir='ltr'><strong>caesaredunum</strong></span> <span class='ocrx_word' id='word_1_163' title='bbox 405 1416 508 1490; x_wconf 91' lang='lat' dir='ltr'><strong>inquo</strong></span> <span class='ocrx_word' id='word_1_164' title='bbox 520 1417 581 1474; x_wconf 93' lang='lat' dir='ltr'><strong>duo</strong></span> <span class='ocrx_word' id='word_1_165' title='bbox 595 1417 661 1490; x_wconf 78' lang='grc'><strong>(11)</strong></span> <span class='ocrx_word' id='word_1_166' title='bbox 671 1417 736 1474; x_wconf 86' lang='lat' dir='ltr'><strong>vitre</strong></span> <span class='ocrx_word' id='word_1_167' title='bbox 749 1421 947 1485; x_wconf 85' lang='lat' dir='ltr'><strong>sacramenta,</strong></span> <span class='ocrx_word' id='word_1_168' title='bbox 1002 1418 1095 1476; x_wconf 83' lang='lat' dir='ltr'><strong>verba</strong></span> <span class='ocrx_word' id='word_1_169' title='bbox 1105 1418 1235 1476; x_wconf 91' lang='lat' dir='ltr'><strong>hominis</strong></span> <span class='ocrx_word' id='word_1_170' title='bbox 1247 1437 1254 1476; x_wconf 82' lang='grc' dir='ltr'><strong>ι</strong></span> <span class='ocrx_word' id='word_1_171' title='bbox 1268 1422 1362 1480; x_wconf 87' lang='lat' dir='ltr'><strong>Pater</strong></span> <span class='ocrx_word' id='word_1_172' title='bbox 1371 1427 1470 1495; x_wconf 79' lang='lat' dir='ltr'><strong>major</strong></span> <span class='ocrx_word' id='word_1_173' title='bbox 1482 1441 1529 1483; x_wconf 86' lang='lat' dir='ltr'><strong>me</strong></span> <span class='ocrx_word' id='word_1_174' title='bbox 1538 1433 1580 1484; x_wconf 88' lang='grc'><strong>881</strong></span> <span class='ocrx_word' id='word_1_175' title='bbox 1590 1429 1689 1500; x_wconf 82' lang='lat' dir='ltr'><strong>(doce.</strong></span> <span class='ocrx_word' id='word_1_176' title='bbox 1703 1429 1830 1503; x_wconf 63' lang='grc'><strong>8818).</strong></span> 
     </span>
     <span class='ocr_line' id='line_1_15' title="bbox 110 1503 1832 1580; baseline 0.005 -16"><span class='ocrx_word' id='word_1_177' title='bbox 110 1507 145 1564; x_wconf 89' lang='lat' dir='ltr'><strong>id</strong></span> <span class='ocrx_word' id='word_1_178' title='bbox 160 1510 216 1574; x_wconf 90' lang='lat' dir='ltr'><strong>est,</strong></span> <span class='ocrx_word' id='word_1_179' title='bbox 231 1505 378 1564; x_wconf 91' lang='lat' dir='ltr'><strong>Dominici</strong></span> <span class='ocrx_word' id='word_1_180' title='bbox 392 1506 526 1578; x_wconf 90' lang='lat' dir='ltr'><strong>corporis</strong></span> <span class='ocrx_word' id='word_1_181' title='bbox 540 1509 569 1564; x_wconf 92' lang='grc'><strong>81</strong></span> <span class='ocrx_word' id='word_1_182' title='bbox 579 1506 734 1578; x_wconf 88' lang='lat' dir='ltr'><strong>sanguinis</strong></span> <span class='ocrx_word' id='word_1_183' title='bbox 749 1507 947 1564; x_wconf 90' lang='lat' dir='ltr'><strong>continentur.</strong></span> <span class='ocrx_word' id='word_1_184' title='bbox 1004 1506 1115 1560; x_wconf 88' lang='lat' dir='ltr'><strong>Demus</strong></span> <span class='ocrx_word' id='word_1_185' title='bbox 1136 1503 1232 1561; x_wconf 84' lang='lat' dir='ltr'><strong>Verba</strong></span> <span class='ocrx_word' id='word_1_186' title='bbox 1255 1505 1325 1563; x_wconf 89' lang='lat' dir='ltr'><strong>Dei:</strong></span> <span class='ocrx_word' id='word_1_187' title='bbox 1354 1507 1419 1580; x_wconf 78' lang='lat' dir='ltr'><strong>tipo</strong></span> <span class='ocrx_word' id='word_1_188' title='bbox 1445 1515 1472 1566; x_wconf 90' lang='grc'><strong>81</strong></span> <span class='ocrx_word' id='word_1_189' title='bbox 1495 1511 1589 1569; x_wconf 85' lang='lat' dir='ltr'><strong>Peter</strong></span> <span class='ocrx_word' id='word_1_190' title='bbox 1614 1527 1706 1571; x_wconf 81' lang='lat' dir='ltr'><strong>uuum</strong></span> <span class='ocrx_word' id='word_1_191' title='bbox 1730 1527 1832 1572; x_wconf 81' lang='grc'><strong>888188</strong></span> 
     </span>
     <span class='ocr_line' id='line_1_16' title="bbox 112 1593 1832 1668; baseline 0.005 -16"><span class='ocrx_word' id='word_1_192' title='bbox 112 1599 147 1652; x_wconf 89' lang='grc'><strong>18</strong></span> <span class='ocrx_word' id='word_1_193' title='bbox 163 1593 211 1652; x_wconf 88' lang='lat' dir='ltr'><strong>his</strong></span> <span class='ocrx_word' id='word_1_194' title='bbox 226 1595 322 1652; x_wconf 90' lang='lat' dir='ltr'><strong>tribus</strong></span> <span class='ocrx_word' id='word_1_195' title='bbox 332 1593 419 1652; x_wconf 93' lang='lat' dir='ltr'><strong>multi</strong></span> <span class='ocrx_word' id='word_1_196' title='bbox 432 1594 523 1652; x_wconf 89' lang='lat' dir='ltr'><strong>nimis</strong></span> <span class='ocrx_word' id='word_1_197' title='bbox 536 1595 693 1654; x_wconf 72' lang='lat' dir='ltr'><strong>carnaliter</strong></span> <span class='ocrx_word' id='word_1_198' title='bbox 706 1596 863 1666; x_wconf 89' lang='lat' dir='ltr'><strong>intuentes,</strong></span> <span class='ocrx_word' id='word_1_199' title='bbox 874 1596 949 1653; x_wconf 92' lang='lat' dir='ltr'><strong>dum</strong></span> <span class='ocrx_word' id='word_1_200' title='bbox 1005 1593 1102 1666; x_wconf 82' lang='grc'><strong>(1888.</strong></span> <span class='ocrx_word' id='word_1_201' title='bbox 1117 1609 1148 1662; x_wconf 83' lang='lat' dir='ltr'><strong>x,</strong></span> <span class='ocrx_word' id='word_1_202' title='bbox 1165 1593 1220 1665; x_wconf 86' lang='grc'><strong>31).</strong></span> <span class='ocrx_word' id='word_1_203' title='bbox 1238 1595 1391 1668; x_wconf 85' lang='lat' dir='ltr'><strong>Loquetur</strong></span> <span class='ocrx_word' id='word_1_204' title='bbox 1406 1597 1438 1654; x_wconf 91' lang='lat' dir='ltr'><strong>in</strong></span> <span class='ocrx_word' id='word_1_205' title='bbox 1459 1599 1574 1658; x_wconf 85' lang='lat' dir='ltr'><strong>Christo</strong></span> <span class='ocrx_word' id='word_1_206' title='bbox 1592 1605 1695 1659; x_wconf 88' lang='lat' dir='ltr'><strong>nostra</strong></span> <span class='ocrx_word' id='word_1_207' title='bbox 1706 1601 1832 1660; x_wconf 81' lang='grc' dir='ltr'><strong>181188ιὶ-</strong></span> 
     </span>
     <span class='ocr_line' id='line_1_17' title="bbox 111 1679 1832 1760; baseline 0.005 -19"><span class='ocrx_word' id='word_1_208' title='bbox 111 1683 186 1760; x_wconf 91' lang='lat' dir='ltr'><strong>plus</strong></span> <span class='ocrx_word' id='word_1_209' title='bbox 214 1683 368 1742; x_wconf 88' lang='lat' dir='ltr'><strong>carnalem</strong></span> <span class='ocrx_word' id='word_1_210' title='bbox 395 1701 518 1742; x_wconf 88' lang='lat' dir='ltr'><strong>sensum</strong></span> <span class='ocrx_word' id='word_1_211' title='bbox 546 1701 639 1759; x_wconf 87' lang='lat' dir='ltr'><strong>quam</strong></span> <span class='ocrx_word' id='word_1_212' title='bbox 662 1686 733 1743; x_wconf 90' lang='lat' dir='ltr'><strong>lidei</strong></span> <span class='ocrx_word' id='word_1_213' title='bbox 754 1701 865 1744; x_wconf 90' lang='lat' dir='ltr'><strong>areana</strong></span> <span class='ocrx_word' id='word_1_214' title='bbox 886 1703 950 1760; x_wconf 86' lang='lat' dir='ltr'><strong>my·</strong></span> <span class='ocrx_word' id='word_1_215' title='bbox 969 1685 1049 1759; x_wconf 75' lang='lat' dir='ltr'><strong>gtas</strong></span> <span class='ocrx_word' id='word_1_216' title='bbox 1063 1685 1092 1739; x_wconf 90' lang='lat' dir='ltr'><strong>et</strong></span> <span class='ocrx_word' id='word_1_217' title='bbox 1106 1679 1247 1740; x_wconf 89' lang='lat' dir='ltr'><strong>conditio.</strong></span> <span class='ocrx_word' id='word_1_218' title='bbox 1263 1683 1372 1754; x_wconf 84' lang='lat' dir='ltr'><strong>Filius,</strong></span> <span class='ocrx_word' id='word_1_219' title='bbox 1387 1685 1494 1759; x_wconf 91' lang='lat' dir='ltr'><strong>inquit,</strong></span> <span class='ocrx_word' id='word_1_220' title='bbox 1509 1689 1636 1746; x_wconf 77' lang='grc'><strong>18881818</strong></span> <span class='ocrx_word' id='word_1_221' title='bbox 1656 1706 1717 1748; x_wconf 82' lang='lat' dir='ltr'><strong>non</strong></span> <span class='ocrx_word' id='word_1_222' title='bbox 1745 1693 1832 1750; x_wconf 85' lang='grc'><strong>18181</strong></span> 
     </span>
     <span class='ocr_line' id='line_1_18' title="bbox 112 1771 1834 1852; baseline 0.005 -22"><span class='ocrx_word' id='word_1_223' title='bbox 112 1773 207 1830; x_wconf 85' lang='lat' dir='ltr'><strong>steria</strong></span> <span class='ocrx_word' id='word_1_224' title='bbox 222 1773 472 1848; x_wconf 87' lang='lat' dir='ltr'><strong>contemplantur,</strong></span> <span class='ocrx_word' id='word_1_225' title='bbox 493 1774 524 1831; x_wconf 91' lang='lat' dir='ltr'><strong>in</strong></span> <span class='ocrx_word' id='word_1_226' title='bbox 548 1774 711 1848; x_wconf 89' lang='lat' dir='ltr'><strong>abruptum</strong></span> <span class='ocrx_word' id='word_1_227' title='bbox 734 1775 893 1850; x_wconf 85' lang='lat' dir='ltr'><strong>perniciosi</strong></span> <span class='ocrx_word' id='word_1_228' title='bbox 906 1791 950 1832; x_wconf 90' lang='lat' dir='ltr'><strong>er·</strong></span> <span class='ocrx_word' id='word_1_229' title='bbox 1003 1771 1055 1827; x_wconf 87' lang='grc'><strong>811</strong></span> <span class='ocrx_word' id='word_1_230' title='bbox 1068 1776 1159 1841; x_wconf 81' lang='lat' dir='ltr'><strong>capue</strong></span> <span class='ocrx_word' id='word_1_231' title='bbox 1182 1785 1269 1828; x_wconf 81' lang='lat' dir='ltr'><strong>suoru</strong></span> <span class='ocrx_word' id='word_1_232' title='bbox 1284 1773 1409 1830; x_wconf 82' lang='lat' dir='ltr'><strong>rectinet</strong></span> <span class='ocrx_word' id='word_1_233' title='bbox 1432 1774 1552 1844; x_wconf 86' lang='grc'><strong>(118111.</strong></span> <span class='ocrx_word' id='word_1_234' title='bbox 1568 1781 1700 1852; x_wconf 68' lang='grc'><strong>88811).</strong></span> <span class='ocrx_word' id='word_1_235' title='bbox 1718 1783 1834 1838; x_wconf 88' lang='lat' dir='ltr'><strong>intonet</strong></span> 
     </span>
     <span class='ocr_line' id='line_1_19' title="bbox 114 1860 1834 1938; baseline 0.004 -18"><span class='ocrx_word' id='word_1_236' title='bbox 114 1863 195 1920; x_wconf 86' lang='lat' dir='ltr'><strong>roris</strong></span> <span class='ocrx_word' id='word_1_237' title='bbox 210 1862 409 1938; x_wconf 74' lang='lat' dir='ltr'><strong>precipitium</strong></span> <span class='ocrx_word' id='word_1_238' title='bbox 435 1863 576 1934; x_wconf 81' lang='lat' dir='ltr'><strong>devoluti,</strong></span> <span class='ocrx_word' id='word_1_239' title='bbox 593 1880 649 1922; x_wconf 90' lang='lat' dir='ltr'><strong>nec</strong></span> <span class='ocrx_word' id='word_1_240' title='bbox 672 1880 773 1921; x_wconf 89' lang='lat' dir='ltr'><strong>rerum</strong></span> <span class='ocrx_word' id='word_1_241' title='bbox 787 1865 949 1933; x_wconf 84' lang='lat' dir='ltr'><strong>raritatem,</strong></span> <span class='ocrx_word' id='word_1_242' title='bbox 1002 1877 1062 1918; x_wconf 85' lang='lat' dir='ltr'><strong>vor</strong></span> <span class='ocrx_word' id='word_1_243' title='bbox 1077 1860 1198 1918; x_wconf 83' lang='lat' dir='ltr'><strong>diviua:</strong></span> <span class='ocrx_word' id='word_1_244' title='bbox 1226 1861 1332 1920; x_wconf 83' lang='lat' dir='ltr'><strong>Omnia</strong></span> <span class='ocrx_word' id='word_1_245' title='bbox 1356 1879 1422 1936; x_wconf 78' lang='lat' dir='ltr'><strong>qua</strong></span> <span class='ocrx_word' id='word_1_246' title='bbox 1450 1865 1537 1924; x_wconf 84' lang='grc'><strong>18181</strong></span> <span class='ocrx_word' id='word_1_247' title='bbox 1558 1867 1652 1925; x_wconf 81' lang='lat' dir='ltr'><strong>Potes·</strong></span> <span class='ocrx_word' id='word_1_248' title='bbox 1672 1875 1834 1927; x_wconf 82' lang='grc'><strong>18888881</strong></span> 
     </span>
     <span class='ocr_line' id='line_1_20' title="bbox 114 1951 1834 2032; baseline 0.003 -22"><span class='ocrx_word' id='word_1_249' title='bbox 114 1967 174 2010; x_wconf 88' lang='lat' dir='ltr'><strong>nec</strong></span> <span class='ocrx_word' id='word_1_250' title='bbox 189 1955 448 2010; x_wconf 85' lang='lat' dir='ltr'><strong>sacramentorum</strong></span> <span class='ocrx_word' id='word_1_251' title='bbox 461 1952 600 2011; x_wconf 84' lang='lat' dir='ltr'><strong>virtutem</strong></span> <span class='ocrx_word' id='word_1_252' title='bbox 624 1952 812 2027; x_wconf 90' lang='lat' dir='ltr'><strong>percipiunt;</strong></span> <span class='ocrx_word' id='word_1_253' title='bbox 837 1958 866 2010; x_wconf 92' lang='lat' dir='ltr'><strong>et</strong></span> <span class='ocrx_word' id='word_1_254' title='bbox 883 1953 951 2010; x_wconf 89' lang='lat' dir='ltr'><strong>ideo</strong></span> <span class='ocrx_word' id='word_1_255' title='bbox 1004 1951 1103 2024; x_wconf 83' lang='grc'><strong>(1888.</strong></span> <span class='ocrx_word' id='word_1_256' title='bbox 1126 1951 1256 2022; x_wconf 71' lang='grc'><strong>88815).</strong></span> <span class='ocrx_word' id='word_1_257' title='bbox 1284 1951 1372 2018; x_wconf 82' lang='lat' dir='ltr'><strong>Quasi</strong></span> <span class='ocrx_word' id='word_1_258' title='bbox 1397 1952 1490 2011; x_wconf 93' lang='lat' dir='ltr'><strong>homo</strong></span> <span class='ocrx_word' id='word_1_259' title='bbox 1513 1957 1614 2026; x_wconf 89' lang='lat' dir='ltr'><strong>esurlt,</strong></span> <span class='ocrx_word' id='word_1_260' title='bbox 1641 1957 1732 2032; x_wconf 88' lang='lat' dir='ltr'><strong>quasi</strong></span> <span class='ocrx_word' id='word_1_261' title='bbox 1756 1963 1834 2016; x_wconf 91' lang='lat' dir='ltr'><strong>Deus</strong></span> 
     </span>
     <span class='ocr_line' id='line_1_21' title="bbox 117 2039 1835 2118; baseline 0.005 -20"><span class='ocrx_word' id='word_1_262' title='bbox 117 2041 159 2098; x_wconf 89' lang='lat' dir='ltr'><strong>ab</strong></span> <span class='ocrx_word' id='word_1_263' title='bbox 174 2041 287 2098; x_wconf 89' lang='lat' dir='ltr'><strong>unitate</strong></span> <span class='ocrx_word' id='word_1_264' title='bbox 303 2041 439 2098; x_wconf 72' lang='lat' dir='ltr'><strong>Ecclesiae</strong></span> <span class='ocrx_word' id='word_1_265' title='bbox 460 2041 557 2110; x_wconf 87' lang='lat' dir='ltr'><strong>divisi,</strong></span> <span class='ocrx_word' id='word_1_266' title='bbox 574 2042 648 2100; x_wconf 93' lang='lat' dir='ltr'><strong>dum</strong></span> <span class='ocrx_word' id='word_1_267' title='bbox 667 2041 730 2100; x_wconf 88' lang='lat' dir='ltr'><strong>fieri</strong></span> <span class='ocrx_word' id='word_1_268' title='bbox 744 2043 851 2100; x_wconf 91' lang='lat' dir='ltr'><strong>nolunt</strong></span> <span class='ocrx_word' id='word_1_269' title='bbox 862 2043 951 2100; x_wconf 85' lang='lat' dir='ltr'><strong>disei-</strong></span> <span class='ocrx_word' id='word_1_270' title='bbox 1004 2041 1139 2115; x_wconf 90' lang='lat' dir='ltr'><strong>quinque</strong></span> <span class='ocrx_word' id='word_1_271' title='bbox 1152 2039 1313 2098; x_wconf 90' lang='lat' dir='ltr'><strong>homiuum</strong></span> <span class='ocrx_word' id='word_1_272' title='bbox 1327 2042 1421 2100; x_wconf 89' lang='lat' dir='ltr'><strong>millia</strong></span> <span class='ocrx_word' id='word_1_273' title='bbox 1441 2044 1547 2118; x_wconf 89' lang='lat' dir='ltr'><strong>pascit.</strong></span> <span class='ocrx_word' id='word_1_274' title='bbox 1571 2049 1664 2114; x_wconf 86' lang='lat' dir='ltr'><strong>Quasi</strong></span> <span class='ocrx_word' id='word_1_275' title='bbox 1687 2049 1779 2106; x_wconf 91' lang='lat' dir='ltr'><strong>homo</strong></span> <span class='ocrx_word' id='word_1_276' title='bbox 1792 2047 1835 2105; x_wconf 91' lang='lat' dir='ltr'><strong>dl-</strong></span> 
     </span>
     <span class='ocr_line' id='line_1_22' title="bbox 118 2129 1836 2210; baseline 0.002 -18"><span class='ocrx_word' id='word_1_277' title='bbox 118 2133 184 2210; x_wconf 90' lang='lat' dir='ltr'><strong>puli</strong></span> <span class='ocrx_word' id='word_1_278' title='bbox 208 2129 350 2202; x_wconf 84' lang='lat' dir='ltr'><strong>veritatis,</strong></span> <span class='ocrx_word' id='word_1_279' title='bbox 374 2129 511 2202; x_wconf 80' lang='lat' dir='ltr'><strong>magistri</strong></span> <span class='ocrx_word' id='word_1_280' title='bbox 534 2131 611 2188; x_wconf 88' lang='lat' dir='ltr'><strong>fiunt</strong></span> <span class='ocrx_word' id='word_1_281' title='bbox 632 2131 750 2189; x_wconf 88' lang='lat' dir='ltr'><strong>erroris.</strong></span> <span class='ocrx_word' id='word_1_282' title='bbox 774 2133 949 2190; x_wconf 69' lang='grc'><strong>1188188818-</strong></span> <span class='ocrx_word' id='word_1_283' title='bbox 1006 2129 1062 2187; x_wconf 84' lang='grc'><strong>811;</strong></span> <span class='ocrx_word' id='word_1_284' title='bbox 1090 2129 1195 2186; x_wconf 78' lang='lat' dir='ltr'><strong>Tristis</strong></span> <span class='ocrx_word' id='word_1_285' title='bbox 1221 2133 1263 2188; x_wconf 85' lang='grc'><strong>881</strong></span> <span class='ocrx_word' id='word_1_286' title='bbox 1294 2131 1397 2189; x_wconf 81' lang='lat' dir='ltr'><strong>neimo</strong></span> <span class='ocrx_word' id='word_1_287' title='bbox 1426 2147 1492 2191; x_wconf 83' lang='lat' dir='ltr'><strong>mac</strong></span> <span class='ocrx_word' id='word_1_288' title='bbox 1520 2149 1612 2208; x_wconf 83' lang='lat' dir='ltr'><strong>usque</strong></span> <span class='ocrx_word' id='word_1_289' title='bbox 1642 2137 1685 2194; x_wconf 83' lang='lat' dir='ltr'><strong>od</strong></span> <span class='ocrx_word' id='word_1_290' title='bbox 1711 2143 1836 2196; x_wconf 76' lang='grc'><strong>88881818</strong></span> 
     </span>
     <span class='ocr_line' id='line_1_23' title="bbox 118 2219 1835 2297; baseline 0.001 -15"><span class='ocrx_word' id='word_1_291' title='bbox 118 2223 281 2295; x_wconf 75' lang='lat' dir='ltr'><strong>scitaque</strong></span> <span class='ocrx_word' id='word_1_292' title='bbox 306 2220 372 2278; x_wconf 89' lang='lat' dir='ltr'><strong>luce</strong></span> <span class='ocrx_word' id='word_1_293' title='bbox 400 2221 542 2289; x_wconf 89' lang='lat' dir='ltr'><strong>veritatis,</strong></span> <span class='ocrx_word' id='word_1_294' title='bbox 571 2221 744 2280; x_wconf 88' lang='lat' dir='ltr'><strong>tenebrosas</strong></span> <span class='ocrx_word' id='word_1_295' title='bbox 779 2226 954 2297; x_wconf 90' lang='lat' dir='ltr'><strong>proponunt</strong></span> <span class='ocrx_word' id='word_1_296' title='bbox 1006 2219 1127 2292; x_wconf 79' lang='lat' dir='ltr'><strong>(Metel.</strong></span> <span class='ocrx_word' id='word_1_297' title='bbox 1153 2235 1232 2286; x_wconf 77' lang='lat' dir='ltr'><strong>xxvi,</strong></span> <span class='ocrx_word' id='word_1_298' title='bbox 1259 2221 1315 2292; x_wconf 84' lang='grc'><strong>88),</strong></span> <span class='ocrx_word' id='word_1_299' title='bbox 1340 2222 1428 2296; x_wconf 89' lang='lat' dir='ltr'><strong>quasi</strong></span> <span class='ocrx_word' id='word_1_300' title='bbox 1456 2225 1532 2282; x_wconf 90' lang='lat' dir='ltr'><strong>Deus</strong></span> <span class='ocrx_word' id='word_1_301' title='bbox 1560 2227 1746 2286; x_wconf 82' lang='lat' dir='ltr'><strong>confidenter</strong></span> <span class='ocrx_word' id='word_1_302' title='bbox 1773 2229 1835 2286; x_wconf 87' lang='lat' dir='ltr'><strong>alt:</strong></span> 
     </span>
     <span class='ocr_line' id='line_1_24' title="bbox 120 2309 1835 2391; baseline 0.003 -22"><span class='ocrx_word' id='word_1_303' title='bbox 120 2309 302 2378; x_wconf 88' lang='lat' dir='ltr'><strong>calumnias,</strong></span> <span class='ocrx_word' id='word_1_304' title='bbox 334 2312 363 2367; x_wconf 91' lang='lat' dir='ltr'><strong>et</strong></span> <span class='ocrx_word' id='word_1_305' title='bbox 393 2325 494 2366; x_wconf 86' lang='lat' dir='ltr'><strong>sacras</strong></span> <span class='ocrx_word' id='word_1_306' title='bbox 528 2309 693 2384; x_wconf 87' lang='lat' dir='ltr'><strong>Scripturas</strong></span> <span class='ocrx_word' id='word_1_307' title='bbox 729 2311 829 2370; x_wconf 83' lang='lat' dir='ltr'><strong>verbis</strong></span> <span class='ocrx_word' id='word_1_308' title='bbox 862 2312 953 2370; x_wconf 86' lang='lat' dir='ltr'><strong>sacri-</strong></span> <span class='ocrx_word' id='word_1_309' title='bbox 1006 2312 1099 2369; x_wconf 85' lang='lat' dir='ltr'><strong>Nemo</strong></span> <span class='ocrx_word' id='word_1_310' title='bbox 1123 2310 1207 2368; x_wconf 86' lang='grc'><strong>181181</strong></span> <span class='ocrx_word' id='word_1_311' title='bbox 1228 2323 1247 2366; x_wconf 89' lang='lat' dir='ltr'><strong>a</strong></span> <span class='ocrx_word' id='word_1_312' title='bbox 1270 2325 1316 2368; x_wconf 86' lang='lat' dir='ltr'><strong>me</strong></span> <span class='ocrx_word' id='word_1_313' title='bbox 1337 2314 1470 2370; x_wconf 85' lang='lat' dir='ltr'><strong>unimam</strong></span> <span class='ocrx_word' id='word_1_314' title='bbox 1496 2329 1592 2373; x_wconf 83' lang='lat' dir='ltr'><strong>mecm</strong></span> <span class='ocrx_word' id='word_1_315' title='bbox 1617 2317 1714 2390; x_wconf 81' lang='grc'><strong>(1888.</strong></span> <span class='ocrx_word' id='word_1_316' title='bbox 1731 2333 1759 2388; x_wconf 86' lang='grc' dir='ltr'><strong>ιι,</strong></span> <span class='ocrx_word' id='word_1_317' title='bbox 1782 2317 1835 2391; x_wconf 90' lang='grc'><strong>18).</strong></span> 
     </span>
     <span class='ocr_line' id='line_1_25' title="bbox 118 2399 1839 2477; baseline 0.004 -20"><span class='ocrx_word' id='word_1_318' title='bbox 118 2403 197 2475; x_wconf 85' lang='lat' dir='ltr'><strong>legis</strong></span> <span class='ocrx_word' id='word_1_319' title='bbox 218 2400 354 2458; x_wconf 85' lang='lat' dir='ltr'><strong>uitrmtur</strong></span> <span class='ocrx_word' id='word_1_320' title='bbox 380 2399 558 2468; x_wconf 90' lang='lat' dir='ltr'><strong>adulterare,</strong></span> <span class='ocrx_word' id='word_1_321' title='bbox 588 2401 721 2473; x_wconf 89' lang='grc'><strong>881(18)</strong></span> <span class='ocrx_word' id='word_1_322' title='bbox 748 2402 863 2459; x_wconf 82' lang='lat' dir='ltr'><strong>furtivis</strong></span> <span class='ocrx_word' id='word_1_323' title='bbox 892 2417 955 2459; x_wconf 88' lang='lat' dir='ltr'><strong>era·</strong></span> <span class='ocrx_word' id='word_1_324' title='bbox 1008 2400 1098 2466; x_wconf 84' lang='lat' dir='ltr'><strong>Quasi</strong></span> <span class='ocrx_word' id='word_1_325' title='bbox 1112 2399 1205 2456; x_wconf 91' lang='lat' dir='ltr'><strong>homo</strong></span> <span class='ocrx_word' id='word_1_326' title='bbox 1227 2399 1258 2456; x_wconf 88' lang='lat' dir='ltr'><strong>in</strong></span> <span class='ocrx_word' id='word_1_327' title='bbox 1273 2415 1360 2458; x_wconf 89' lang='lat' dir='ltr'><strong>cruce</strong></span> <span class='ocrx_word' id='word_1_328' title='bbox 1376 2402 1496 2476; x_wconf 88' lang='lat' dir='ltr'><strong>pendet,</strong></span> <span class='ocrx_word' id='word_1_329' title='bbox 1512 2405 1599 2477; x_wconf 90' lang='lat' dir='ltr'><strong>quasi</strong></span> <span class='ocrx_word' id='word_1_330' title='bbox 1613 2407 1784 2465; x_wconf 89' lang='lat' dir='ltr'><strong>dominator</strong></span> <span class='ocrx_word' id='word_1_331' title='bbox 1797 2407 1839 2464; x_wconf 89' lang='lat' dir='ltr'><strong>la-</strong></span> 
     </span>
     <span class='ocr_line' id='line_1_26' title="bbox 120 2487 1838 2567; baseline 0.002 -17"><span class='ocrx_word' id='word_1_332' title='bbox 120 2491 261 2550; x_wconf 86' lang='lat' dir='ltr'><strong>sionibus</strong></span> <span class='ocrx_word' id='word_1_333' title='bbox 283 2487 425 2560; x_wconf 86' lang='lat' dir='ltr'><strong>recidere,</strong></span> <span class='ocrx_word' id='word_1_334' title='bbox 441 2489 517 2546; x_wconf 90' lang='lat' dir='ltr'><strong>sicut</strong></span> <span class='ocrx_word' id='word_1_335' title='bbox 537 2490 595 2546; x_wconf 93' lang='lat' dir='ltr'><strong>hoc</strong></span> <span class='ocrx_word' id='word_1_336' title='bbox 618 2491 702 2564; x_wconf 90' lang='lat' dir='ltr'><strong>quod</strong></span> <span class='ocrx_word' id='word_1_337' title='bbox 724 2493 869 2550; x_wconf 89' lang='lat' dir='ltr'><strong>Dominus</strong></span> <span class='ocrx_word' id='word_1_338' title='bbox 895 2492 954 2549; x_wconf 88' lang='lat' dir='ltr'><strong>eit:</strong></span> <span class='ocrx_word' id='word_1_339' title='bbox 1009 2493 1126 2546; x_wconf 83' lang='lat' dir='ltr'><strong>tranem</strong></span> <span class='ocrx_word' id='word_1_340' title='bbox 1148 2488 1327 2562; x_wconf 87' lang='lat' dir='ltr'><strong>alloquitur:</strong></span> <span class='ocrx_word' id='word_1_341' title='bbox 1344 2490 1565 2550; x_wconf 81' lang='lat' dir='ltr'><strong>Hodtemscum</strong></span> <span class='ocrx_word' id='word_1_342' title='bbox 1577 2497 1635 2552; x_wconf 78' lang='grc'><strong>8818</strong></span> <span class='ocrx_word' id='word_1_343' title='bbox 1651 2498 1682 2553; x_wconf 85' lang='lat' dir='ltr'><strong>in</strong></span> <span class='ocrx_word' id='word_1_344' title='bbox 1693 2497 1838 2567; x_wconf 73' lang='lat' dir='ltr'><strong>paradiso</strong></span> 
     </span>
     <span class='ocr_line' id='line_1_27' title="bbox 121 2578 1839 2658; baseline 0.002 -20"><span class='ocrx_word' id='word_1_345' title='bbox 121 2583 190 2652; x_wconf 77' lang='lat' dir='ltr'><strong>Ego</strong></span> <span class='ocrx_word' id='word_1_346' title='bbox 204 2585 234 2638; x_wconf 84' lang='grc'><strong>81</strong></span> <span class='ocrx_word' id='word_1_347' title='bbox 250 2579 343 2635; x_wconf 85' lang='lat' dir='ltr'><strong>Pater</strong></span> <span class='ocrx_word' id='word_1_348' title='bbox 355 2594 448 2636; x_wconf 84' lang='grc'><strong>88818</strong></span> <span class='ocrx_word' id='word_1_349' title='bbox 463 2593 565 2636; x_wconf 85' lang='lat' dir='ltr'><strong>sumus</strong></span> <span class='ocrx_word' id='word_1_350' title='bbox 581 2580 680 2648; x_wconf 78' lang='grc'><strong>(1888.</strong></span> <span class='ocrx_word' id='word_1_351' title='bbox 696 2597 726 2650; x_wconf 85' lang='lat' dir='ltr'><strong>x,</strong></span> <span class='ocrx_word' id='word_1_352' title='bbox 742 2583 797 2654; x_wconf 86' lang='grc'><strong>80),</strong></span> <span class='ocrx_word' id='word_1_353' title='bbox 813 2581 957 2638; x_wconf 76' lang='grc'><strong>18188811-</strong></span> <span class='ocrx_word' id='word_1_354' title='bbox 1009 2579 1092 2651; x_wconf 83' lang='lat' dir='ltr'><strong>(Luc.</strong></span> <span class='ocrx_word' id='word_1_355' title='bbox 1107 2595 1187 2646; x_wconf 77' lang='lat' dir='ltr'><strong>niu,</strong></span> <span class='ocrx_word' id='word_1_356' title='bbox 1204 2579 1259 2650; x_wconf 85' lang='grc'><strong>13).</strong></span> <span class='ocrx_word' id='word_1_357' title='bbox 1284 2578 1312 2635; x_wconf 90' lang='grc'><strong>81</strong></span> <span class='ocrx_word' id='word_1_358' title='bbox 1328 2580 1396 2652; x_wconf 91' lang='lat' dir='ltr'><strong>quis</strong></span> <span class='ocrx_word' id='word_1_359' title='bbox 1417 2595 1490 2651; x_wconf 91' lang='lat' dir='ltr'><strong>ergo</strong></span> <span class='ocrx_word' id='word_1_360' title='bbox 1504 2587 1604 2640; x_wconf 86' lang='lat' dir='ltr'><strong>ments</strong></span> <span class='ocrx_word' id='word_1_361' title='bbox 1619 2590 1725 2658; x_wconf 85' lang='lat' dir='ltr'><strong>eaptus</strong></span> <span class='ocrx_word' id='word_1_362' title='bbox 1749 2586 1839 2642; x_wconf 90' lang='lat' dir='ltr'><strong>unlus</strong></span> 
     </span>
     <span class='ocr_line' id='line_1_28' title="bbox 122 2667 1840 2750; baseline 0.001 -22"><span class='ocrx_word' id='word_1_363' title='bbox 122 2675 209 2728; x_wconf 91' lang='lat' dir='ltr'><strong>ctum</strong></span> <span class='ocrx_word' id='word_1_364' title='bbox 237 2667 274 2724; x_wconf 92' lang='lat' dir='ltr'><strong>de</strong></span> <span class='ocrx_word' id='word_1_365' title='bbox 301 2667 415 2724; x_wconf 87' lang='lat' dir='ltr'><strong>unitate</strong></span> <span class='ocrx_word' id='word_1_366' title='bbox 449 2667 624 2726; x_wconf 78' lang='lat' dir='ltr'><strong>substantiae</strong></span> <span class='ocrx_word' id='word_1_367' title='bbox 661 2669 823 2742; x_wconf 84' lang='lat' dir='ltr'><strong>intelligere</strong></span> <span class='ocrx_word' id='word_1_368' title='bbox 851 2671 955 2730; x_wconf 92' lang='lat' dir='ltr'><strong>noluit.</strong></span> <span class='ocrx_word' id='word_1_369' title='bbox 1011 2667 1160 2726; x_wconf 88' lang='lat' dir='ltr'><strong>Christum</strong></span> <span class='ocrx_word' id='word_1_370' title='bbox 1178 2671 1207 2724; x_wconf 90' lang='lat' dir='ltr'><strong>et</strong></span> <span class='ocrx_word' id='word_1_371' title='bbox 1227 2670 1323 2724; x_wconf 90' lang='lat' dir='ltr'><strong>Deum</strong></span> <span class='ocrx_word' id='word_1_372' title='bbox 1343 2669 1415 2725; x_wconf 89' lang='lat' dir='ltr'><strong>dicit</strong></span> <span class='ocrx_word' id='word_1_373' title='bbox 1435 2685 1499 2727; x_wconf 87' lang='grc'><strong>8888</strong></span> <span class='ocrx_word' id='word_1_374' title='bbox 1514 2672 1700 2743; x_wconf 79' lang='lat' dir='ltr'><strong>substantie,</strong></span> <span class='ocrx_word' id='word_1_375' title='bbox 1717 2687 1840 2750; x_wconf 88' lang='lat' dir='ltr'><strong>compu-</strong></span> 
     </span>
     <span class='ocr_line' id='line_1_29' title="bbox 124 2755 1840 2832; baseline -0.001 -12"><span class='ocrx_word' id='word_1_376' title='bbox 124 2757 277 2820; x_wconf 80' lang='lat' dir='ltr'><strong>Sabsllius</strong></span> <span class='ocrx_word' id='word_1_377' title='bbox 291 2756 331 2814; x_wconf 90' lang='lat' dir='ltr'><strong>ad</strong></span> <span class='ocrx_word' id='word_1_378' title='bbox 344 2771 542 2828; x_wconf 88' lang='lat' dir='ltr'><strong>personarum</strong></span> <span class='ocrx_word' id='word_1_379' title='bbox 557 2758 769 2832; x_wconf 89' lang='lat' dir='ltr'><strong>proprietatem</strong></span> <span class='ocrx_word' id='word_1_380' title='bbox 781 2775 884 2818; x_wconf 78' lang='grc'><strong>881888</strong></span> <span class='ocrx_word' id='word_1_381' title='bbox 896 2776 958 2818; x_wconf 86' lang='grc'><strong>888</strong></span> <span class='ocrx_word' id='word_1_382' title='bbox 1011 2756 1174 2830; x_wconf 88' lang='lat' dir='ltr'><strong>guantibus</strong></span> <span class='ocrx_word' id='word_1_383' title='bbox 1186 2755 1261 2814; x_wconf 84' lang='lat' dir='ltr'><strong>inter</strong></span> <span class='ocrx_word' id='word_1_384' title='bbox 1280 2757 1424 2830; x_wconf 85' lang='lat' dir='ltr'><strong>serebas,</strong></span> <span class='ocrx_word' id='word_1_385' title='bbox 1438 2763 1490 2816; x_wconf 88' lang='lat' dir='ltr'><strong>aut</strong></span> <span class='ocrx_word' id='word_1_386' title='bbox 1505 2760 1603 2817; x_wconf 91' lang='lat' dir='ltr'><strong>solum</strong></span> <span class='ocrx_word' id='word_1_387' title='bbox 1615 2761 1769 2820; x_wconf 89' lang='lat' dir='ltr'><strong>homiuem</strong></span> <span class='ocrx_word' id='word_1_388' title='bbox 1783 2775 1840 2818; x_wconf 77' lang='grc'><strong>888-</strong></span> 
     </span>
     <span class='ocr_line' id='line_1_30' title="bbox 122 2845 1841 2922; baseline 0 -14"><span class='ocrx_word' id='word_1_389' title='bbox 122 2847 245 2916; x_wconf 72' lang='lat' dir='ltr'><strong>rendit,</strong></span> <span class='ocrx_word' id='word_1_390' title='bbox 266 2851 296 2904; x_wconf 91' lang='lat' dir='ltr'><strong>et</strong></span> <span class='ocrx_word' id='word_1_391' title='bbox 316 2845 348 2902; x_wconf 88' lang='lat' dir='ltr'><strong>iu</strong></span> <span class='ocrx_word' id='word_1_392' title='bbox 369 2845 426 2902; x_wconf 90' lang='lat' dir='ltr'><strong>boc</strong></span> <span class='ocrx_word' id='word_1_393' title='bbox 450 2847 533 2919; x_wconf 91' lang='lat' dir='ltr'><strong>quod</strong></span> <span class='ocrx_word' id='word_1_394' title='bbox 554 2847 606 2916; x_wconf 88' lang='lat' dir='ltr'><strong>ait,</strong></span> <span class='ocrx_word' id='word_1_395' title='bbox 630 2849 724 2906; x_wconf 83' lang='lat' dir='ltr'><strong>Pater</strong></span> <span class='ocrx_word' id='word_1_396' title='bbox 744 2853 844 2922; x_wconf 75' lang='lat' dir='ltr'><strong>major</strong></span> <span class='ocrx_word' id='word_1_397' title='bbox 858 2867 902 2908; x_wconf 87' lang='lat' dir='ltr'><strong>me</strong></span> <span class='ocrx_word' id='word_1_398' title='bbox 917 2857 959 2908; x_wconf 87' lang='lat' dir='ltr'><strong>est</strong></span> <span class='ocrx_word' id='word_1_399' title='bbox 1011 2847 1041 2904; x_wconf 92' lang='lat' dir='ltr'><strong>lo</strong></span> <span class='ocrx_word' id='word_1_400' title='bbox 1055 2845 1186 2920; x_wconf 86' lang='lat' dir='ltr'><strong>lapsum,</strong></span> <span class='ocrx_word' id='word_1_401' title='bbox 1202 2850 1254 2903; x_wconf 92' lang='lat' dir='ltr'><strong>aut</strong></span> <span class='ocrx_word' id='word_1_402' title='bbox 1268 2845 1366 2904; x_wconf 89' lang='lat' dir='ltr'><strong>solum</strong></span> <span class='ocrx_word' id='word_1_403' title='bbox 1379 2850 1473 2905; x_wconf 90' lang='lat' dir='ltr'><strong>Deum</strong></span> <span class='ocrx_word' id='word_1_404' title='bbox 1487 2849 1565 2907; x_wconf 88' lang='lat' dir='ltr'><strong>dicet</strong></span> <span class='ocrx_word' id='word_1_405' title='bbox 1579 2850 1766 2908; x_wconf 81' lang='lat' dir='ltr'><strong>oruoltirum.</strong></span> <span class='ocrx_word' id='word_1_406' title='bbox 1782 2850 1841 2908; x_wconf 83' lang='lat' dir='ltr'><strong>ssd</strong></span> 
     </span>
     <span class='ocr_line' id='line_1_31' title="bbox 123 2935 1842 3012; baseline 0.001 -16"><span class='ocrx_word' id='word_1_407' title='bbox 123 2941 229 3012; x_wconf 72' lang='lat' dir='ltr'><strong>(soon.</strong></span> <span class='ocrx_word' id='word_1_408' title='bbox 244 2953 303 3004; x_wconf 80' lang='lat' dir='ltr'><strong>xrs,</strong></span> <span class='ocrx_word' id='word_1_409' title='bbox 315 2935 372 3006; x_wconf 79' lang='grc'><strong>118),</strong></span> <span class='ocrx_word' id='word_1_410' title='bbox 390 2935 476 2992; x_wconf 78' lang='lat' dir='ltr'><strong>Arius</strong></span> <span class='ocrx_word' id='word_1_411' title='bbox 493 2952 555 2993; x_wconf 90' lang='lat' dir='ltr'><strong>non</strong></span> <span class='ocrx_word' id='word_1_412' title='bbox 577 2938 766 3008; x_wconf 84' lang='lat' dir='ltr'><strong>humanitati,</strong></span> <span class='ocrx_word' id='word_1_413' title='bbox 782 2941 834 2996; x_wconf 89' lang='lat' dir='ltr'><strong>sed</strong></span> <span class='ocrx_word' id='word_1_414' title='bbox 857 2940 961 2998; x_wconf 89' lang='lat' dir='ltr'><strong>diviui-</strong></span> <span class='ocrx_word' id='word_1_415' title='bbox 1013 2953 1075 2994; x_wconf 89' lang='lat' dir='ltr'><strong>non</strong></span> <span class='ocrx_word' id='word_1_416' title='bbox 1094 2937 1202 2994; x_wconf 88' lang='grc'><strong>881118.</strong></span> <span class='ocrx_word' id='word_1_417' title='bbox 1219 2940 1293 2994; x_wconf 88' lang='lat' dir='ltr'><strong>Nam</strong></span> <span class='ocrx_word' id='word_1_418' title='bbox 1308 2953 1406 3012; x_wconf 90' lang='lat' dir='ltr'><strong>neque</strong></span> <span class='ocrx_word' id='word_1_419' title='bbox 1421 2939 1503 2996; x_wconf 91' lang='lat' dir='ltr'><strong>solus</strong></span> <span class='ocrx_word' id='word_1_420' title='bbox 1518 2943 1595 2998; x_wconf 85' lang='lat' dir='ltr'><strong>Deus</strong></span> <span class='ocrx_word' id='word_1_421' title='bbox 1609 2945 1738 2999; x_wconf 87' lang='lat' dir='ltr'><strong>mortem</strong></span> <span class='ocrx_word' id='word_1_422' title='bbox 1754 2941 1842 3000; x_wconf 86' lang='lat' dir='ltr'><strong>santl-</strong></span> 
     </span>
     <span class='ocr_line' id='line_1_32' title="bbox 125 3024 1841 3119; baseline 0.002 -36"><span class='ocrx_word' id='word_1_423' title='bbox 125 3027 345 3100; x_wconf 67' lang='lat' dir='ltr'><strong>transcripsit,</strong></span> <span class='ocrx_word' id='word_1_424' title='bbox 360 3032 389 3086; x_wconf 89' lang='lat' dir='ltr'><strong>et</strong></span> <span class='ocrx_word' id='word_1_425' title='bbox 402 3027 471 3084; x_wconf 90' lang='lat' dir='ltr'><strong>ideo</strong></span> <span class='ocrx_word' id='word_1_426' title='bbox 485 3027 641 3100; x_wconf 87' lang='lat' dir='ltr'><strong>indignam</strong></span> <span class='ocrx_word' id='word_1_427' title='bbox 657 3029 749 3086; x_wconf 86' lang='lat' dir='ltr'><strong>vitem</strong></span> <span class='ocrx_word' id='word_1_428' title='bbox 762 3029 855 3101; x_wconf 90' lang='lat' dir='ltr'><strong>digna</strong></span> <span class='ocrx_word' id='word_1_429' title='bbox 866 3035 961 3089; x_wconf 90' lang='lat' dir='ltr'><strong>morte</strong></span> <span class='ocrx_word' id='word_1_430' title='bbox 981 3041 1058 3119; x_wconf 70' lang='lat' dir='ltr'><strong>Cre,</strong></span> <span class='ocrx_word' id='word_1_431' title='bbox 1073 3041 1172 3098; x_wconf 88' lang='lat' dir='ltr'><strong>neque</strong></span> <span class='ocrx_word' id='word_1_432' title='bbox 1187 3024 1268 3082; x_wconf 88' lang='lat' dir='ltr'><strong>solus</strong></span> <span class='ocrx_word' id='word_1_433' title='bbox 1282 3026 1375 3084; x_wconf 91' lang='lat' dir='ltr'><strong>bomo</strong></span> <span class='ocrx_word' id='word_1_434' title='bbox 1390 3031 1517 3086; x_wconf 90' lang='lat' dir='ltr'><strong>mortem</strong></span> <span class='ocrx_word' id='word_1_435' title='bbox 1532 3045 1673 3104; x_wconf 85' lang='lat' dir='ltr'><strong>superare</strong></span> <span class='ocrx_word' id='word_1_436' title='bbox 1687 3031 1841 3105; x_wconf 88' lang='lat' dir='ltr'><strong>potuisset,</strong></span> 
     </span>
     <span class='ocr_line' id='line_1_33' title="bbox 124 3113 1843 3192; baseline 0 -16"><span class='ocrx_word' id='word_1_437' title='bbox 124 3117 237 3176; x_wconf 77' lang='lat' dir='ltr'><strong>linivit.</strong></span> <span class='ocrx_word' id='word_1_438' title='bbox 250 3115 341 3188; x_wconf 88' lang='lat' dir='ltr'><strong>Cujus</strong></span> <span class='ocrx_word' id='word_1_439' title='bbox 350 3115 501 3174; x_wconf 88' lang='lat' dir='ltr'><strong>auditores</strong></span> <span class='ocrx_word' id='word_1_440' title='bbox 509 3117 655 3190; x_wconf 91' lang='lat' dir='ltr'><strong>quoniam</strong></span> <span class='ocrx_word' id='word_1_441' title='bbox 670 3118 812 3192; x_wconf 89' lang='lat' dir='ltr'><strong>Spiritum</strong></span> <span class='ocrx_word' id='word_1_442' title='bbox 824 3125 963 3177; x_wconf 88' lang='lat' dir='ltr'><strong>sanetum</strong></span> <span class='ocrx_word' id='word_1_443' title='bbox 1016 3130 1111 3189; x_wconf 88' lang='lat' dir='ltr'><strong>quam</strong></span> <span class='ocrx_word' id='word_1_444' title='bbox 1136 3113 1360 3172; x_wconf 87' lang='lat' dir='ltr'><strong>evidentissima</strong></span> <span class='ocrx_word' id='word_1_445' title='bbox 1387 3117 1512 3188; x_wconf 91' lang='lat' dir='ltr'><strong>ratione,</strong></span> <span class='ocrx_word' id='word_1_446' title='bbox 1542 3119 1779 3178; x_wconf 89' lang='lat' dir='ltr'><strong>substantiarum</strong></span> <span class='ocrx_word' id='word_1_447' title='bbox 1798 3120 1843 3176; x_wconf 89' lang='lat' dir='ltr'><strong>di-</strong></span> 
     </span>
     <span class='ocr_line' id='line_1_34' title="bbox 128 3202 1845 3280; baseline 0 -14"><span class='ocrx_word' id='word_1_448' title='bbox 128 3213 229 3266; x_wconf 88' lang='lat' dir='ltr'><strong>Deum</strong></span> <span class='ocrx_word' id='word_1_449' title='bbox 244 3221 308 3264; x_wconf 80' lang='lat' dir='ltr'><strong>esse</strong></span> <span class='ocrx_word' id='word_1_450' title='bbox 323 3205 486 3278; x_wconf 88' lang='lat' dir='ltr'><strong>negabant,</strong></span> <span class='ocrx_word' id='word_1_451' title='bbox 497 3206 535 3262; x_wconf 91' lang='lat' dir='ltr'><strong>de</strong></span> <span class='ocrx_word' id='word_1_452' title='bbox 550 3207 708 3279; x_wconf 85' lang='lat' dir='ltr'><strong>Evangelio</strong></span> <span class='ocrx_word' id='word_1_453' title='bbox 723 3215 878 3267; x_wconf 88' lang='lat' dir='ltr'><strong>eraserunt</strong></span> <span class='ocrx_word' id='word_1_454' title='bbox 890 3209 964 3266; x_wconf 91' lang='lat' dir='ltr'><strong>illud</strong></span> <span class='ocrx_word' id='word_1_455' title='bbox 1018 3202 1185 3272; x_wconf 89' lang='lat' dir='ltr'><strong>stinctione,</strong></span> <span class='ocrx_word' id='word_1_456' title='bbox 1198 3203 1290 3261; x_wconf 93' lang='lat' dir='ltr'><strong>bomo</strong></span> <span class='ocrx_word' id='word_1_457' title='bbox 1303 3206 1444 3280; x_wconf 86' lang='lat' dir='ltr'><strong>suscepit,</strong></span> <span class='ocrx_word' id='word_1_458' title='bbox 1457 3211 1486 3263; x_wconf 92' lang='lat' dir='ltr'><strong>et</strong></span> <span class='ocrx_word' id='word_1_459' title='bbox 1498 3209 1576 3264; x_wconf 88' lang='lat' dir='ltr'><strong>Deus</strong></span> <span class='ocrx_word' id='word_1_460' title='bbox 1591 3209 1668 3265; x_wconf 91' lang='lat' dir='ltr'><strong>vicit.</strong></span> <span class='ocrx_word' id='word_1_461' title='bbox 1694 3208 1845 3266; x_wconf 75' lang='grc'><strong>88811818-</strong></span> 
     </span>
     <span class='ocr_line' id='line_1_35' title="bbox 128 3293 1845 3373; baseline -0.001 -17"><span class='ocrx_word' id='word_1_462' title='bbox 128 3297 218 3373; x_wconf 86' lang='lat' dir='ltr'><strong>quod</strong></span> <span class='ocrx_word' id='word_1_463' title='bbox 249 3295 385 3354; x_wconf 85' lang='lat' dir='ltr'><strong>Salvator</strong></span> <span class='ocrx_word' id='word_1_464' title='bbox 410 3296 469 3354; x_wconf 89' lang='lat' dir='ltr'><strong>ait:</strong></span> <span class='ocrx_word' id='word_1_465' title='bbox 495 3297 624 3367; x_wconf 79' lang='lat' dir='ltr'><strong>Spiritus</strong></span> <span class='ocrx_word' id='word_1_466' title='bbox 646 3303 688 3354; x_wconf 90' lang='grc'><strong>881</strong></span> <span class='ocrx_word' id='word_1_467' title='bbox 710 3299 789 3356; x_wconf 87' lang='grc'><strong>11888</strong></span> <span class='ocrx_word' id='word_1_468' title='bbox 812 3299 911 3370; x_wconf 80' lang='grc'><strong>(1888.</strong></span> <span class='ocrx_word' id='word_1_469' title='bbox 926 3315 963 3370; x_wconf 89' lang='lat' dir='ltr'><strong>rr,</strong></span> <span class='ocrx_word' id='word_1_470' title='bbox 1018 3294 1060 3366; x_wconf 88' lang='grc'><strong>81,</strong></span> <span class='ocrx_word' id='word_1_471' title='bbox 1070 3297 1230 3366; x_wconf 89' lang='lat' dir='ltr'><strong>utrumque</strong></span> <span class='ocrx_word' id='word_1_472' title='bbox 1244 3293 1374 3352; x_wconf 85' lang='lat' dir='ltr'><strong>formam</strong></span> <span class='ocrx_word' id='word_1_473' title='bbox 1388 3294 1571 3367; x_wconf 78' lang='lat' dir='ltr'><strong>distinguere</strong></span> <span class='ocrx_word' id='word_1_474' title='bbox 1584 3298 1760 3366; x_wconf 85' lang='lat' dir='ltr'><strong>nescientes,</strong></span> <span class='ocrx_word' id='word_1_475' title='bbox 1776 3314 1845 3372; x_wconf 78' lang='lat' dir='ltr'><strong>quse</strong></span> 
     </span>
     <span class='ocr_line' id='line_1_36' title="bbox 130 3383 1846 3460; baseline 0.001 -16"><span class='ocrx_word' id='word_1_476' title='bbox 130 3389 191 3458; x_wconf 78' lang='grc'><strong>11),</strong></span> <span class='ocrx_word' id='word_1_477' title='bbox 207 3386 289 3444; x_wconf 89' lang='lat' dir='ltr'><strong>etde</strong></span> <span class='ocrx_word' id='word_1_478' title='bbox 313 3385 443 3460; x_wconf 83' lang='lat' dir='ltr'><strong>Epistola</strong></span> <span class='ocrx_word' id='word_1_479' title='bbox 464 3386 590 3444; x_wconf 81' lang='lat' dir='ltr'><strong>loannis</strong></span> <span class='ocrx_word' id='word_1_480' title='bbox 611 3392 785 3446; x_wconf 88' lang='lat' dir='ltr'><strong>eraserunt:</strong></span> <span class='ocrx_word' id='word_1_481' title='bbox 808 3390 848 3446; x_wconf 82' lang='lat' dir='ltr'><strong>Et</strong></span> <span class='ocrx_word' id='word_1_482' title='bbox 871 3391 966 3446; x_wconf 82' lang='lat' dir='ltr'><strong>omnis</strong></span> <span class='ocrx_word' id='word_1_483' title='bbox 1019 3387 1104 3442; x_wconf 89' lang='lat' dir='ltr'><strong>erant</strong></span> <span class='ocrx_word' id='word_1_484' title='bbox 1117 3383 1249 3440; x_wconf 89' lang='lat' dir='ltr'><strong>bominis</strong></span> <span class='ocrx_word' id='word_1_485' title='bbox 1263 3383 1302 3440; x_wconf 87' lang='lat' dir='ltr'><strong>od</strong></span> <span class='ocrx_word' id='word_1_486' title='bbox 1324 3387 1419 3441; x_wconf 90' lang='lat' dir='ltr'><strong>Deum</strong></span> <span class='ocrx_word' id='word_1_487' title='bbox 1437 3383 1528 3460; x_wconf 91' lang='lat' dir='ltr'><strong>impie</strong></span> <span class='ocrx_word' id='word_1_488' title='bbox 1543 3385 1714 3444; x_wconf 89' lang='lat' dir='ltr'><strong>retulerunt.</strong></span> <span class='ocrx_word' id='word_1_489' title='bbox 1730 3387 1846 3446; x_wconf 78' lang='lat' dir='ltr'><strong>Nullam</strong></span> 
     </span>
     <span class='ocr_line' id='line_1_37' title="bbox 130 3473 1849 3549; baseline 0.001 -15"><span class='ocrx_word' id='word_1_490' title='bbox 130 3477 268 3548; x_wconf 75' lang='lat' dir='ltr'><strong>Spiritus</strong></span> <span class='ocrx_word' id='word_1_491' title='bbox 281 3477 336 3547; x_wconf 80' lang='lat' dir='ltr'><strong>qui</strong></span> <span class='ocrx_word' id='word_1_492' title='bbox 348 3477 437 3532; x_wconf 85' lang='lat' dir='ltr'><strong>solvit</strong></span> <span class='ocrx_word' id='word_1_493' title='bbox 450 3476 562 3539; x_wconf 74' lang='lat' dir='ltr'><strong>desum,</strong></span> <span class='ocrx_word' id='word_1_494' title='bbox 578 3491 616 3534; x_wconf 81' lang='grc'><strong>88</strong></span> <span class='ocrx_word' id='word_1_495' title='bbox 630 3479 691 3536; x_wconf 82' lang='grc'><strong>1188</strong></span> <span class='ocrx_word' id='word_1_496' title='bbox 706 3493 766 3540; x_wconf 77' lang='lat' dir='ltr'><strong>nce</strong></span> <span class='ocrx_word' id='word_1_497' title='bbox 780 3484 823 3534; x_wconf 87' lang='grc'><strong>881</strong></span> <span class='ocrx_word' id='word_1_498' title='bbox 837 3479 964 3549; x_wconf 81' lang='grc'><strong>(11888.</strong></span> <span class='ocrx_word' id='word_1_499' title='bbox 1018 3475 1120 3548; x_wconf 88' lang='lat' dir='ltr'><strong>itaque</strong></span> <span class='ocrx_word' id='word_1_500' title='bbox 1135 3477 1267 3531; x_wconf 88' lang='grc'><strong>18888188</strong></span> <span class='ocrx_word' id='word_1_501' title='bbox 1289 3473 1365 3532; x_wconf 88' lang='lat' dir='ltr'><strong>inter</strong></span> <span class='ocrx_word' id='word_1_502' title='bbox 1385 3475 1519 3533; x_wconf 83' lang='lat' dir='ltr'><strong>coelestia</strong></span> <span class='ocrx_word' id='word_1_503' title='bbox 1539 3481 1567 3533; x_wconf 90' lang='lat' dir='ltr'><strong>et</strong></span> <span class='ocrx_word' id='word_1_504' title='bbox 1587 3477 1736 3536; x_wconf 88' lang='lat' dir='ltr'><strong>terrestria</strong></span> <span class='ocrx_word' id='word_1_505' title='bbox 1760 3477 1849 3537; x_wconf 82' lang='lat' dir='ltr'><strong>ratio</strong></span> 
     </span>
     <span class='ocr_line' id='line_1_38' title="bbox 131 3565 1849 3643; baseline 0.001 -19"><span class='ocrx_word' id='word_1_506' title='bbox 131 3583 174 3637; x_wconf 85' lang='lat' dir='ltr'><strong>rr,</strong></span> <span class='ocrx_word' id='word_1_507' title='bbox 187 3565 320 3626; x_wconf 75' lang='grc'><strong>3181881</strong></span> <span class='ocrx_word' id='word_1_508' title='bbox 333 3565 482 3624; x_wconf 85' lang='lat' dir='ltr'><strong>Nestorius</strong></span> <span class='ocrx_word' id='word_1_509' title='bbox 494 3566 806 3639; x_wconf 89' lang='lat' dir='ltr'><strong>quidicebatbeetam</strong></span> <span class='ocrx_word' id='word_1_510' title='bbox 818 3569 967 3638; x_wconf 80' lang='lat' dir='ltr'><strong>Virginem</strong></span> <span class='ocrx_word' id='word_1_511' title='bbox 1019 3581 1101 3634; x_wconf 89' lang='lat' dir='ltr'><strong>nem,</strong></span> <span class='ocrx_word' id='word_1_512' title='bbox 1116 3565 1191 3622; x_wconf 91' lang='lat' dir='ltr'><strong>dum</strong></span> <span class='ocrx_word' id='word_1_513' title='bbox 1215 3565 1287 3622; x_wconf 90' lang='lat' dir='ltr'><strong>dere</strong></span> <span class='ocrx_word' id='word_1_514' title='bbox 1313 3565 1510 3640; x_wconf 84' lang='lat' dir='ltr'><strong>proprietates</strong></span> <span class='ocrx_word' id='word_1_515' title='bbox 1536 3583 1606 3626; x_wconf 90' lang='lat' dir='ltr'><strong>suas</strong></span> <span class='ocrx_word' id='word_1_516' title='bbox 1633 3569 1770 3643; x_wconf 87' lang='lat' dir='ltr'><strong>partibus</strong></span> <span class='ocrx_word' id='word_1_517' title='bbox 1799 3583 1849 3626; x_wconf 89' lang='lat' dir='ltr'><strong>ns·</strong></span> 
     </span>
     <span class='ocr_line' id='line_1_39' title="bbox 134 3654 1849 3730; baseline 0 -16"><span class='ocrx_word' id='word_1_518' title='bbox 134 3673 199 3714; x_wconf 88' lang='lat' dir='ltr'><strong>non</strong></span> <span class='ocrx_word' id='word_1_519' title='bbox 230 3654 280 3712; x_wconf 91' lang='lat' dir='ltr'><strong>Dei</strong></span> <span class='ocrx_word' id='word_1_520' title='bbox 316 3655 369 3712; x_wconf 84' lang='lat' dir='ltr'><strong>sed</strong></span> <span class='ocrx_word' id='word_1_521' title='bbox 402 3654 534 3714; x_wconf 88' lang='lat' dir='ltr'><strong>bominis</strong></span> <span class='ocrx_word' id='word_1_522' title='bbox 572 3659 689 3714; x_wconf 87' lang='lat' dir='ltr'><strong>tanturn</strong></span> <span class='ocrx_word' id='word_1_523' title='bbox 727 3657 909 3728; x_wconf 88' lang='lat' dir='ltr'><strong>genitricem,</strong></span> <span class='ocrx_word' id='word_1_524' title='bbox 936 3662 970 3715; x_wconf 90' lang='lat' dir='ltr'><strong>ut</strong></span> <span class='ocrx_word' id='word_1_525' title='bbox 1021 3654 1128 3719; x_wconf 89' lang='lat' dir='ltr'><strong>sciunt,</strong></span> <span class='ocrx_word' id='word_1_526' title='bbox 1142 3655 1332 3730; x_wconf 90' lang='lat' dir='ltr'><strong>quantumin</strong></span> <span class='ocrx_word' id='word_1_527' title='bbox 1345 3656 1419 3729; x_wconf 89' lang='lat' dir='ltr'><strong>ipsis</strong></span> <span class='ocrx_word' id='word_1_528' title='bbox 1434 3661 1479 3714; x_wconf 89' lang='lat' dir='ltr'><strong>est</strong></span> <span class='ocrx_word' id='word_1_529' title='bbox 1494 3657 1545 3714; x_wconf 92' lang='lat' dir='ltr'><strong>Dei</strong></span> <span class='ocrx_word' id='word_1_530' title='bbox 1560 3658 1759 3716; x_wconf 90' lang='lat' dir='ltr'><strong>substantiam</strong></span> <span class='ocrx_word' id='word_1_531' title='bbox 1773 3657 1849 3716; x_wconf 86' lang='lat' dir='ltr'><strong>dirl-</strong></span> 
     </span>
     <span class='ocr_line' id='line_1_40' title="bbox 135 3745 1850 3823; baseline 0.001 -19"><span class='ocrx_word' id='word_1_532' title='bbox 135 3745 232 3804; x_wconf 87' lang='lat' dir='ltr'><strong>aliam</strong></span> <span class='ocrx_word' id='word_1_533' title='bbox 257 3759 419 3817; x_wconf 83' lang='lat' dir='ltr'><strong>personum</strong></span> <span class='ocrx_word' id='word_1_534' title='bbox 444 3745 574 3802; x_wconf 89' lang='lat' dir='ltr'><strong>bominis</strong></span> <span class='ocrx_word' id='word_1_535' title='bbox 596 3745 686 3803; x_wconf 85' lang='lat' dir='ltr'><strong>ubam</strong></span> <span class='ocrx_word' id='word_1_536' title='bbox 709 3746 820 3804; x_wconf 87' lang='lat' dir='ltr'><strong>laceret</strong></span> <span class='ocrx_word' id='word_1_537' title='bbox 840 3747 967 3820; x_wconf 88' lang='lat' dir='ltr'><strong>deitatis,</strong></span> <span class='ocrx_word' id='word_1_538' title='bbox 1022 3748 1133 3814; x_wconf 87' lang='lat' dir='ltr'><strong>serunt,</strong></span> <span class='ocrx_word' id='word_1_539' title='bbox 1150 3750 1179 3802; x_wconf 90' lang='grc'><strong>81</strong></span> <span class='ocrx_word' id='word_1_540' title='bbox 1191 3746 1266 3802; x_wconf 90' lang='lat' dir='ltr'><strong>dum</strong></span> <span class='ocrx_word' id='word_1_541' title='bbox 1280 3745 1320 3802; x_wconf 91' lang='lat' dir='ltr'><strong>ad</strong></span> <span class='ocrx_word' id='word_1_542' title='bbox 1335 3746 1399 3804; x_wconf 87' lang='lat' dir='ltr'><strong>sola</strong></span> <span class='ocrx_word' id='word_1_543' title='bbox 1424 3747 1556 3804; x_wconf 88' lang='lat' dir='ltr'><strong>hominis</strong></span> <span class='ocrx_word' id='word_1_544' title='bbox 1571 3749 1664 3805; x_wconf 88' lang='lat' dir='ltr'><strong>verbe</strong></span> <span class='ocrx_word' id='word_1_545' title='bbox 1678 3749 1850 3823; x_wconf 89' lang='lat' dir='ltr'><strong>respiciunt,</strong></span> 
     </span>
     <span class='ocr_line' id='line_1_41' title="bbox 136 3832 1851 3909; baseline 0.002 -17"><span class='ocrx_word' id='word_1_546' title='bbox 136 3848 239 3908; x_wconf 88' lang='lat' dir='ltr'><strong>neque</strong></span> <span class='ocrx_word' id='word_1_547' title='bbox 262 3848 359 3890; x_wconf 87' lang='lat' dir='ltr'><strong>unum</strong></span> <span class='ocrx_word' id='word_1_548' title='bbox 386 3832 536 3890; x_wconf 82' lang='lat' dir='ltr'><strong>Christum</strong></span> <span class='ocrx_word' id='word_1_549' title='bbox 564 3833 595 3890; x_wconf 90' lang='lat' dir='ltr'><strong>in</strong></span> <span class='ocrx_word' id='word_1_550' title='bbox 623 3834 719 3892; x_wconf 85' lang='lat' dir='ltr'><strong>Verbo</strong></span> <span class='ocrx_word' id='word_1_551' title='bbox 748 3837 797 3894; x_wconf 91' lang='lat' dir='ltr'><strong>Dei</strong></span> <span class='ocrx_word' id='word_1_552' title='bbox 824 3839 853 3892; x_wconf 92' lang='grc'><strong>81</strong></span> <span class='ocrx_word' id='word_1_553' title='bbox 880 3851 970 3894; x_wconf 88' lang='lat' dir='ltr'><strong>carne</strong></span> <span class='ocrx_word' id='word_1_554' title='bbox 1023 3833 1197 3891; x_wconf 89' lang='lat' dir='ltr'><strong>Deumsine</strong></span> <span class='ocrx_word' id='word_1_555' title='bbox 1215 3833 1379 3891; x_wconf 88' lang='lat' dir='ltr'><strong>intellectus</strong></span> <span class='ocrx_word' id='word_1_556' title='bbox 1400 3835 1513 3892; x_wconf 90' lang='lat' dir='ltr'><strong>lumine</strong></span> <span class='ocrx_word' id='word_1_557' title='bbox 1528 3836 1733 3909; x_wconf 89' lang='lat' dir='ltr'><strong>perdiderunt,</strong></span> <span class='ocrx_word' id='word_1_558' title='bbox 1752 3843 1851 3895; x_wconf 79' lang='grc'><strong>8188-</strong></span> 
     </span>
     <span class='ocr_line' id='line_1_42' title="bbox 138 3921 1853 3998; baseline 0.001 -16"><span class='ocrx_word' id='word_1_559' title='bbox 138 3929 168 3982; x_wconf 86' lang='grc'><strong>81</strong></span> <span class='ocrx_word' id='word_1_560' title='bbox 187 3921 292 3982; x_wconf 87' lang='lat' dir='ltr'><strong>anima</strong></span> <span class='ocrx_word' id='word_1_561' title='bbox 311 3921 436 3980; x_wconf 88' lang='lat' dir='ltr'><strong>credens</strong></span> <span class='ocrx_word' id='word_1_562' title='bbox 462 3923 514 3982; x_wconf 88' lang='lat' dir='ltr'><strong>sed</strong></span> <span class='ocrx_word' id='word_1_563' title='bbox 537 3923 701 3994; x_wconf 88' lang='lat' dir='ltr'><strong>separatim</strong></span> <span class='ocrx_word' id='word_1_564' title='bbox 724 3924 850 3983; x_wconf 90' lang='lat' dir='ltr'><strong>alterum</strong></span> <span class='ocrx_word' id='word_1_565' title='bbox 866 3925 971 3983; x_wconf 83' lang='lat' dir='ltr'><strong>Filium</strong></span> <span class='ocrx_word' id='word_1_566' title='bbox 1024 3939 1094 3980; x_wconf 90' lang='lat' dir='ltr'><strong>cum</strong></span> <span class='ocrx_word' id='word_1_567' title='bbox 1115 3938 1237 3979; x_wconf 88' lang='lat' dir='ltr'><strong>sensum</strong></span> <span class='ocrx_word' id='word_1_568' title='bbox 1258 3923 1289 3978; x_wconf 92' lang='lat' dir='ltr'><strong>in</strong></span> <span class='ocrx_word' id='word_1_569' title='bbox 1303 3923 1468 3996; x_wconf 81' lang='lat' dir='ltr'><strong>praecipitis</strong></span> <span class='ocrx_word' id='word_1_570' title='bbox 1480 3923 1589 3980; x_wconf 91' lang='lat' dir='ltr'><strong>ducem</strong></span> <span class='ocrx_word' id='word_1_571' title='bbox 1603 3931 1774 3998; x_wconf 87' lang='lat' dir='ltr'><strong>sequentes,</strong></span> <span class='ocrx_word' id='word_1_572' title='bbox 1789 3943 1853 3983; x_wconf 88' lang='lat' dir='ltr'><strong>rne-</strong></span> 
     </span>
     <span class='ocr_line' id='line_1_43' title="bbox 142 4011 1854 4087; baseline 0.001 -15"><span class='ocrx_word' id='word_1_573' title='bbox 142 4015 203 4082; x_wconf 87' lang='lat' dir='ltr'><strong>Dei,</strong></span> <span class='ocrx_word' id='word_1_574' title='bbox 224 4012 350 4070; x_wconf 88' lang='lat' dir='ltr'><strong>alterum</strong></span> <span class='ocrx_word' id='word_1_575' title='bbox 377 4011 472 4070; x_wconf 87' lang='lat' dir='ltr'><strong>filiurn</strong></span> <span class='ocrx_word' id='word_1_576' title='bbox 500 4012 630 4070; x_wconf 85' lang='lat' dir='ltr'><strong>hominis</strong></span> <span class='ocrx_word' id='word_1_577' title='bbox 649 4013 828 4087; x_wconf 73' lang='lat' dir='ltr'><strong>praedicans,</strong></span> <span class='ocrx_word' id='word_1_578' title='bbox 845 4019 874 4072; x_wconf 91' lang='grc'><strong>81</strong></span> <span class='ocrx_word' id='word_1_579' title='bbox 887 4015 971 4072; x_wconf 92' lang='lat' dir='ltr'><strong>illum</strong></span> <span class='ocrx_word' id='word_1_580' title='bbox 1023 4013 1143 4069; x_wconf 91' lang='lat' dir='ltr'><strong>luerunt</strong></span> <span class='ocrx_word' id='word_1_581' title='bbox 1154 4011 1252 4068; x_wconf 84' lang='lat' dir='ltr'><strong>dicere</strong></span> <span class='ocrx_word' id='word_1_582' title='bbox 1266 4011 1415 4068; x_wconf 90' lang='lat' dir='ltr'><strong>minorem</strong></span> <span class='ocrx_word' id='word_1_583' title='bbox 1429 4013 1533 4080; x_wconf 91' lang='lat' dir='ltr'><strong>Deum,</strong></span> <span class='ocrx_word' id='word_1_584' title='bbox 1547 4027 1641 4086; x_wconf 91' lang='lat' dir='ltr'><strong>quam</strong></span> <span class='ocrx_word' id='word_1_585' title='bbox 1658 4013 1813 4072; x_wconf 91' lang='lat' dir='ltr'><strong>hominem</strong></span> <span class='ocrx_word' id='word_1_586' title='bbox 1825 4018 1854 4073; x_wconf 89' lang='lat' dir='ltr'><strong>et</strong></span> 
     </span>
     <span class='ocr_line' id='line_1_44' title="bbox 142 4099 1855 4176; baseline 0.001 -16"><span class='ocrx_word' id='word_1_587' title='bbox 142 4101 276 4176; x_wconf 73' lang='lat' dir='ltr'><strong>Apostoli</strong></span> <span class='ocrx_word' id='word_1_588' title='bbox 308 4101 409 4160; x_wconf 88' lang='lat' dir='ltr'><strong>locum</strong></span> <span class='ocrx_word' id='word_1_589' title='bbox 447 4101 499 4158; x_wconf 91' lang='lat' dir='ltr'><strong>ubi</strong></span> <span class='ocrx_word' id='word_1_590' title='bbox 530 4101 623 4160; x_wconf 74' lang='lat' dir='ltr'><strong>dicite</strong></span> <span class='ocrx_word' id='word_1_591' title='bbox 652 4103 738 4172; x_wconf 79' lang='lat' dir='ltr'><strong>Quod</strong></span> <span class='ocrx_word' id='word_1_592' title='bbox 768 4107 912 4175; x_wconf 79' lang='lat' dir='ltr'><strong>apperuit</strong></span> <span class='ocrx_word' id='word_1_593' title='bbox 941 4105 972 4162; x_wconf 82' lang='grc'><strong>18</strong></span> <span class='ocrx_word' id='word_1_594' title='bbox 1026 4103 1130 4158; x_wconf 91' lang='lat' dir='ltr'><strong>Deum.</strong></span> <span class='ocrx_word' id='word_1_595' title='bbox 1151 4099 1240 4156; x_wconf 84' lang='lat' dir='ltr'><strong>Nobis</strong></span> <span class='ocrx_word' id='word_1_596' title='bbox 1252 4113 1322 4157; x_wconf 84' lang='lat' dir='ltr'><strong>vero</strong></span> <span class='ocrx_word' id='word_1_597' title='bbox 1340 4100 1423 4157; x_wconf 86' lang='lat' dir='ltr'><strong>hanc</strong></span> <span class='ocrx_word' id='word_1_598' title='bbox 1442 4101 1681 4159; x_wconf 89' lang='lat' dir='ltr'><strong>substantiarum</strong></span> <span class='ocrx_word' id='word_1_599' title='bbox 1701 4102 1855 4161; x_wconf 87' lang='lat' dir='ltr'><strong>diversita-</strong></span> 
     </span>
     <span class='ocr_line' id='line_1_45' title="bbox 141 4190 1855 4270; baseline 0.001 -18"><span class='ocrx_word' id='word_1_600' title='bbox 141 4209 236 4252; x_wconf 84' lang='lat' dir='ltr'><strong>rome</strong></span> <span class='ocrx_word' id='word_1_601' title='bbox 255 4193 551 4262; x_wconf 70' lang='grc'><strong>818188818888118</strong></span> <span class='ocrx_word' id='word_1_602' title='bbox 578 4194 689 4264; x_wconf 81' lang='lat' dir='ltr'><strong>spiritu</strong></span> <span class='ocrx_word' id='word_1_603' title='bbox 712 4196 743 4263; x_wconf 87' lang='grc' dir='ltr'><strong>(Ι</strong></span> <span class='ocrx_word' id='word_1_604' title='bbox 763 4195 846 4252; x_wconf 81' lang='lat' dir='ltr'><strong>Patr.</strong></span> <span class='ocrx_word' id='word_1_605' title='bbox 874 4211 892 4263; x_wconf 89' lang='lat' dir='ltr'><strong>r,</strong></span> <span class='ocrx_word' id='word_1_606' title='bbox 918 4195 971 4267; x_wconf 89' lang='grc'><strong>18).</strong></span> <span class='ocrx_word' id='word_1_607' title='bbox 1027 4197 1137 4249; x_wconf 79' lang='lat' dir='ltr'><strong>emax</strong></span> <span class='ocrx_word' id='word_1_608' title='bbox 1160 4190 1217 4246; x_wconf 91' lang='lat' dir='ltr'><strong>hoc</strong></span> <span class='ocrx_word' id='word_1_609' title='bbox 1232 4190 1417 4264; x_wconf 90' lang='lat' dir='ltr'><strong>perpendere</strong></span> <span class='ocrx_word' id='word_1_610' title='bbox 1441 4195 1617 4266; x_wconf 89' lang='lat' dir='ltr'><strong>promptum</strong></span> <span class='ocrx_word' id='word_1_611' title='bbox 1631 4197 1677 4250; x_wconf 89' lang='lat' dir='ltr'><strong>est</strong></span> <span class='ocrx_word' id='word_1_612' title='bbox 1698 4193 1781 4270; x_wconf 92' lang='lat' dir='ltr'><strong>quod</strong></span> <span class='ocrx_word' id='word_1_613' title='bbox 1796 4193 1855 4252; x_wconf 88' lang='lat' dir='ltr'><strong>ella</strong></span> 
     </span>
     <span class='ocr_line' id='line_1_46' title="bbox 141 4279 1857 4358; baseline 0.001 -18"><span class='ocrx_word' id='word_1_614' title='bbox 141 4283 238 4346; x_wconf 82' lang='lat' dir='ltr'><strong>Quem</strong></span> <span class='ocrx_word' id='word_1_615' title='bbox 285 4281 386 4338; x_wconf 91' lang='lat' dir='ltr'><strong>locum</strong></span> <span class='ocrx_word' id='word_1_616' title='bbox 414 4281 604 4340; x_wconf 88' lang='lat' dir='ltr'><strong>llacedouius</strong></span> <span class='ocrx_word' id='word_1_617' title='bbox 645 4298 700 4356; x_wconf 92' lang='lat' dir='ltr'><strong>per</strong></span> <span class='ocrx_word' id='word_1_618' title='bbox 734 4282 974 4340; x_wconf 88' lang='lat' dir='ltr'><strong>immutationem</strong></span> <span class='ocrx_word' id='word_1_619' title='bbox 1027 4285 1073 4337; x_wconf 90' lang='lat' dir='ltr'><strong>est</strong></span> <span class='ocrx_word' id='word_1_620' title='bbox 1104 4279 1155 4336; x_wconf 92' lang='lat' dir='ltr'><strong>illa</strong></span> <span class='ocrx_word' id='word_1_621' title='bbox 1195 4279 1343 4348; x_wconf 79' lang='lat' dir='ltr'><strong>nativitas,</strong></span> <span class='ocrx_word' id='word_1_622' title='bbox 1376 4279 1423 4337; x_wconf 83' lang='lat' dir='ltr'><strong>sel</strong></span> <span class='ocrx_word' id='word_1_623' title='bbox 1453 4285 1572 4352; x_wconf 86' lang='lat' dir='ltr'><strong>natura,</strong></span> <span class='ocrx_word' id='word_1_624' title='bbox 1604 4282 1635 4339; x_wconf 92' lang='lat' dir='ltr'><strong>ln</strong></span> <span class='ocrx_word' id='word_1_625' title='bbox 1667 4299 1739 4357; x_wconf 89' lang='lat' dir='ltr'><strong>qua,</strong></span> <span class='ocrx_word' id='word_1_626' title='bbox 1769 4283 1857 4358; x_wconf 81' lang='lat' dir='ltr'><strong>juxte</strong></span> 
     </span>
     <span class='ocr_line' id='line_1_47' title="bbox 142 4367 1856 4446; baseline 0 -16"><span class='ocrx_word' id='word_1_627' title='bbox 142 4370 513 4446; x_wconf 73' lang='lat' dir='ltr'><strong>scriptureepostolicum</strong></span> <span class='ocrx_word' id='word_1_628' title='bbox 523 4370 975 4440; x_wconf 85' lang='lat' dir='ltr'><strong>dictumsicvoluitdetiuirs,ld</strong></span> <span class='ocrx_word' id='word_1_629' title='bbox 1028 4367 1217 4443; x_wconf 82' lang='lat' dir='ltr'><strong>Apostolum,</strong></span> <span class='ocrx_word' id='word_1_630' title='bbox 1245 4371 1358 4428; x_wconf 82' lang='lat' dir='ltr'><strong>Fartus</strong></span> <span class='ocrx_word' id='word_1_631' title='bbox 1385 4377 1428 4427; x_wconf 89' lang='grc'><strong>881</strong></span> <span class='ocrx_word' id='word_1_632' title='bbox 1456 4385 1494 4428; x_wconf 82' lang='lat' dir='ltr'><strong>ee·</strong></span> <span class='ocrx_word' id='word_1_633' title='bbox 1516 4371 1775 4444; x_wconf 71' lang='grc'><strong>8811888188188</strong></span> <span class='ocrx_word' id='word_1_634' title='bbox 1803 4375 1856 4430; x_wconf 86' lang='grc'><strong>881</strong></span> 
     </span>
     <span class='ocr_line' id='line_1_48' title="bbox 141 4457 1857 4536; baseline 0 -18"><span class='ocrx_word' id='word_1_635' title='bbox 141 4465 197 4526; x_wconf 85' lang='lat' dir='ltr'><strong>est,</strong></span> <span class='ocrx_word' id='word_1_636' title='bbox 214 4463 249 4518; x_wconf 87' lang='lat' dir='ltr'><strong>ut</strong></span> <span class='ocrx_word' id='word_1_637' title='bbox 261 4462 340 4518; x_wconf 89' lang='lat' dir='ltr'><strong>esset</strong></span> <span class='ocrx_word' id='word_1_638' title='bbox 351 4462 428 4516; x_wconf 91' lang='lat' dir='ltr'><strong>Deus</strong></span> <span class='ocrx_word' id='word_1_639' title='bbox 443 4460 583 4533; x_wconf 85' lang='lat' dir='ltr'><strong>apperuit</strong></span> <span class='ocrx_word' id='word_1_640' title='bbox 595 4460 627 4517; x_wconf 90' lang='lat' dir='ltr'><strong>iu</strong></span> <span class='ocrx_word' id='word_1_641' title='bbox 640 4475 741 4531; x_wconf 87' lang='lat' dir='ltr'><strong>cerne,</strong></span> <span class='ocrx_word' id='word_1_642' title='bbox 756 4465 785 4519; x_wconf 91' lang='lat' dir='ltr'><strong>et</strong></span> <span class='ocrx_word' id='word_1_643' title='bbox 797 4461 828 4518; x_wconf 93' lang='lat' dir='ltr'><strong>ln</strong></span> <span class='ocrx_word' id='word_1_644' title='bbox 841 4477 877 4519; x_wconf 90' lang='lat' dir='ltr'><strong>eo</strong></span> <span class='ocrx_word' id='word_1_645' title='bbox 891 4461 976 4535; x_wconf 90' lang='lat' dir='ltr'><strong>quod</strong></span> <span class='ocrx_word' id='word_1_646' title='bbox 1031 4461 1094 4532; x_wconf 78' lang='lat' dir='ltr'><strong>tege</strong></span> <span class='ocrx_word' id='word_1_647' title='bbox 1107 4458 1218 4531; x_wconf 84' lang='lat' dir='ltr'><strong>(Galat.</strong></span> <span class='ocrx_word' id='word_1_648' title='bbox 1235 4475 1273 4532; x_wconf 84' lang='lat' dir='ltr'><strong>rr,</strong></span> <span class='ocrx_word' id='word_1_649' title='bbox 1288 4460 1333 4532; x_wconf 87' lang='grc'><strong>1);</strong></span> <span class='ocrx_word' id='word_1_650' title='bbox 1349 4457 1408 4518; x_wconf 87' lang='lat' dir='ltr'><strong>elia</strong></span> <span class='ocrx_word' id='word_1_651' title='bbox 1422 4475 1483 4535; x_wconf 91' lang='lat' dir='ltr'><strong>qua</strong></span> <span class='ocrx_word' id='word_1_652' title='bbox 1498 4465 1561 4519; x_wconf 89' lang='lat' dir='ltr'><strong>erat</strong></span> <span class='ocrx_word' id='word_1_653' title='bbox 1572 4462 1603 4518; x_wconf 91' lang='lat' dir='ltr'><strong>in</strong></span> <span class='ocrx_word' id='word_1_654' title='bbox 1614 4461 1760 4536; x_wconf 86' lang='lat' dir='ltr'><strong>principio</strong></span> <span class='ocrx_word' id='word_1_655' title='bbox 1775 4460 1857 4536; x_wconf 85' lang='lat' dir='ltr'><strong>apud</strong></span> 
     </span>
     <span class='ocr_line' id='line_1_49' title="bbox 143 4547 1858 4624; baseline -0.003 -13"><span class='ocrx_word' id='word_1_656' title='bbox 143 4549 282 4610; x_wconf 72' lang='lat' dir='ltr'><strong>nitidem</strong></span> <span class='ocrx_word' id='word_1_657' title='bbox 305 4547 486 4622; x_wconf 80' lang='lat' dir='ltr'><strong>Apostolus:</strong></span> <span class='ocrx_word' id='word_1_658' title='bbox 514 4551 550 4607; x_wconf 85' lang='grc'><strong>18</strong></span> <span class='ocrx_word' id='word_1_659' title='bbox 573 4551 799 4608; x_wconf 77' lang='grc' dir='ltr'><strong>88181111αά1888</strong></span> <span class='ocrx_word' id='word_1_660' title='bbox 823 4551 976 4608; x_wconf 81' lang='lat' dir='ltr'><strong>homiuum</strong></span> <span class='ocrx_word' id='word_1_661' title='bbox 1030 4553 1135 4621; x_wconf 86' lang='lat' dir='ltr'><strong>Deum,</strong></span> <span class='ocrx_word' id='word_1_662' title='bbox 1151 4549 1355 4624; x_wconf 63' lang='lat' dir='ltr'><strong>limatisque</strong></span> <span class='ocrx_word' id='word_1_663' title='bbox 1376 4554 1495 4609; x_wconf 87' lang='lat' dir='ltr'><strong>creatus</strong></span> <span class='ocrx_word' id='word_1_664' title='bbox 1515 4551 1676 4624; x_wconf 72' lang='lat' dir='ltr'><strong>aurugine</strong></span> <span class='ocrx_word' id='word_1_665' title='bbox 1690 4551 1789 4624; x_wconf 82' lang='lat' dir='ltr'><strong>Marta,</strong></span> <span class='ocrx_word' id='word_1_666' title='bbox 1805 4551 1858 4607; x_wconf 92' lang='lat' dir='ltr'><strong>hu-</strong></span> 
     </span>
    </p>
   </div>
   <div class='ocr_carea' id='block_1_3' title="bbox 144 4724 1869 5803">
    <p class='ocr_par' dir='ltr' id='par_1_3' title="bbox 144 4724 1865 5373">
     <span class='ocr_line' id='line_1_50' title="bbox 181 4724 1858 4804; baseline 0 -20"><span class='ocrx_word' id='word_1_667' title='bbox 181 4728 978 4802; x_wconf 55' lang='grc' dir='ltr'><strong>(ιι·)1188811888888888818,18881,118ιηὶ818188»</strong></span> <span class='ocrx_word' id='word_1_668' title='bbox 1030 4733 1145 4802; x_wconf 70' lang='lat' dir='ltr'><strong>adpropiet</strong></span> <span class='ocrx_word' id='word_1_669' title='bbox 1174 4724 1261 4801; x_wconf 76' lang='grc' dir='ltr'><strong><em>δογμά</em></strong></span> <span class='ocrx_word' id='word_1_670' title='bbox 1292 4732 1322 4781; x_wconf 79' lang='grc' dir='ltr'><strong>τὸ</strong></span> <span class='ocrx_word' id='word_1_671' title='bbox 1355 4731 1422 4782; x_wconf 73' lang='lat' dir='ltr'><strong>tries</strong></span> <span class='ocrx_word' id='word_1_672' title='bbox 1453 4731 1717 4804; x_wconf 66' lang='grc' dir='ltr'><strong>παραχαράττοντας,</strong></span> <span class='ocrx_word' id='word_1_673' title='bbox 1745 4725 1777 4784; x_wconf 87' lang='lat' dir='ltr'><strong>ld</strong></span> <span class='ocrx_word' id='word_1_674' title='bbox 1804 4731 1858 4796; x_wconf 80' lang='grc'><strong>881,</strong></span> 
     </span>
     <span class='ocr_line' id='line_1_51' title="bbox 144 4799 1859 4872; baseline -0.002 -14"><span class='ocrx_word' id='word_1_675' title='bbox 144 4801 229 4872; x_wconf 76' lang='lat' dir='ltr'><strong>ports</strong></span> <span class='ocrx_word' id='word_1_676' title='bbox 253 4803 283 4856; x_wconf 90' lang='grc'><strong>81</strong></span> <span class='ocrx_word' id='word_1_677' title='bbox 309 4801 465 4872; x_wconf 75' lang='grc'><strong>8888881818</strong></span> <span class='ocrx_word' id='word_1_678' title='bbox 490 4803 690 4860; x_wconf 80' lang='lat' dir='ltr'><strong>conticentur.</strong></span> <span class='ocrx_word' id='word_1_679' title='bbox 712 4801 852 4872; x_wconf 76' lang='grc'><strong>18188818,</strong></span> <span class='ocrx_word' id='word_1_680' title='bbox 874 4803 976 4872; x_wconf 86' lang='lat' dir='ltr'><strong>tector,</strong></span> <span class='ocrx_word' id='word_1_681' title='bbox 1032 4800 1193 4869; x_wconf 81' lang='lat' dir='ltr'><strong>trapezitas</strong></span> <span class='ocrx_word' id='word_1_682' title='bbox 1216 4801 1320 4866; x_wconf 86' lang='lat' dir='ltr'><strong>matos,</strong></span> <span class='ocrx_word' id='word_1_683' title='bbox 1334 4801 1387 4872; x_wconf 82' lang='lat' dir='ltr'><strong>qui</strong></span> <span class='ocrx_word' id='word_1_684' title='bbox 1398 4801 1478 4858; x_wconf 88' lang='grc'><strong>88181</strong></span> <span class='ocrx_word' id='word_1_685' title='bbox 1493 4806 1652 4866; x_wconf 76' lang='lat' dir='ltr'><strong>moretum,</strong></span> <span class='ocrx_word' id='word_1_686' title='bbox 1666 4800 1709 4856; x_wconf 86' lang='lat' dir='ltr'><strong>ita</strong></span> <span class='ocrx_word' id='word_1_687' title='bbox 1725 4799 1859 4855; x_wconf 80' lang='lat' dir='ltr'><strong>divinum</strong></span> 
     </span>
     <span class='ocr_line' id='line_1_52' title="bbox 149 4869 1862 4966; baseline -0.002 -38"><span class='ocrx_word' id='word_1_688' title='bbox 149 4873 211 4928; x_wconf 77' lang='lat' dir='ltr'><strong>tsaec</strong></span> <span class='ocrx_word' id='word_1_689' title='bbox 227 4869 318 4927; x_wconf 84' lang='lat' dir='ltr'><strong>verta</strong></span> <span class='ocrx_word' id='word_1_690' title='bbox 331 4887 341 4926; x_wconf 90' lang='lat'><strong>.·</strong></span> <span class='ocrx_word' id='word_1_691' title='bbox 365 4873 405 4928; x_wconf 77' lang='lat' dir='ltr'><strong>Ne</strong></span> <span class='ocrx_word' id='word_1_692' title='bbox 415 4875 622 4966; x_wconf 28' lang='lat' dir='ltr'><strong>putes-resera</strong></span> <span class='ocrx_word' id='word_1_693' title='bbox 635 4872 697 4954; x_wconf 85' lang='lat' dir='ltr'><strong>duo</strong></span> <span class='ocrx_word' id='word_1_694' title='bbox 710 4888 775 4928; x_wconf 88' lang='lat' dir='ltr'><strong>esse</strong></span> <span class='ocrx_word' id='word_1_695' title='bbox 791 4874 979 4956; x_wconf 77' lang='lat' dir='ltr'><strong>sacramenta</strong></span> <span class='ocrx_word' id='word_1_696' title='bbox 1032 4873 1140 4952; x_wconf 72' lang='lat' dir='ltr'><strong>dogma</strong></span> <span class='ocrx_word' id='word_1_697' title='bbox 1154 4877 1330 4953; x_wconf 76' lang='grc'><strong>8888881881</strong></span> <span class='ocrx_word' id='word_1_698' title='bbox 1343 4877 1370 4928; x_wconf 86' lang='grc'><strong>81</strong></span> <span class='ocrx_word' id='word_1_699' title='bbox 1385 4873 1569 4952; x_wconf 69' lang='lat' dir='ltr'><strong>adulteraret.</strong></span> <span class='ocrx_word' id='word_1_700' title='bbox 1583 4872 1680 4935; x_wconf 90' lang='lat' dir='ltr'><strong>Quam</strong></span> <span class='ocrx_word' id='word_1_701' title='bbox 1695 4870 1803 4926; x_wconf 90' lang='lat' dir='ltr'><strong>rectius</strong></span> <span class='ocrx_word' id='word_1_702' title='bbox 1818 4873 1862 4951; x_wconf 76' lang='lat' dir='ltr'><strong>tu·</strong></span> 
     </span>
     <span class='ocr_line' id='line_1_53' title="bbox 149 4939 1862 5096; baseline 0 -26"><span class='ocrx_word' id='word_1_703' title='bbox 149 4941 979 5096; x_wconf 67' lang='grc' dir='ltr'><strong>88ιῖ1181811111881111818888</strong></span> <span class='ocrx_word' id='word_1_704' title='bbox 1032 4939 1862 5082; x_wconf 71' lang='grc'><strong>8888188188.8818111188</strong></span> 
     </span>
     <span class='ocr_line' id='line_1_54' title="bbox 151 5081 1863 5168; baseline -0.002 -25"><span class='ocrx_word' id='word_1_705' title='bbox 151 5083 418 5166; x_wconf 70' lang='grc'><strong>1888888888118</strong></span> <span class='ocrx_word' id='word_1_706' title='bbox 439 5091 474 5142; x_wconf 82' lang='grc' dir='ltr'><strong>ιιι</strong></span> <span class='ocrx_word' id='word_1_707' title='bbox 497 5101 593 5168; x_wconf 80' lang='lat' dir='ltr'><strong>unum</strong></span> <span class='ocrx_word' id='word_1_708' title='bbox 616 5085 662 5142; x_wconf 84' lang='lat' dir='ltr'><strong>vel</strong></span> <span class='ocrx_word' id='word_1_709' title='bbox 683 5083 781 5158; x_wconf 81' lang='lat' dir='ltr'><strong>plura,</strong></span> <span class='ocrx_word' id='word_1_710' title='bbox 802 5101 881 5158; x_wconf 88' lang='lat' dir='ltr'><strong>resp.</strong></span> <span class='ocrx_word' id='word_1_711' title='bbox 896 5084 981 5158; x_wconf 89' lang='lat' dir='ltr'><strong>quod</strong></span> <span class='ocrx_word' id='word_1_712' title='bbox 1035 5081 1863 5166; x_wconf 73' lang='grc'><strong>118118888888,188811,88188888188811888,·01818118-</strong></span> 
     </span>
     <span class='ocr_line' id='line_1_55' title="bbox 152 5153 1864 5230; baseline -0.002 -16"><span class='ocrx_word' id='word_1_713' title='bbox 152 5153 345 5214; x_wconf 84' lang='lat' dir='ltr'><strong>metcrrabter</strong></span> <span class='ocrx_word' id='word_1_714' title='bbox 366 5161 437 5214; x_wconf 89' lang='lat' dir='ltr'><strong>sunt</strong></span> <span class='ocrx_word' id='word_1_715' title='bbox 459 5156 547 5230; x_wconf 90' lang='lat' dir='ltr'><strong>plura</strong></span> <span class='ocrx_word' id='word_1_716' title='bbox 570 5173 666 5228; x_wconf 83' lang='lat' dir='ltr'><strong>signa,</strong></span> <span class='ocrx_word' id='word_1_717' title='bbox 693 5156 746 5214; x_wconf 89' lang='lat' dir='ltr'><strong>ssd</strong></span> <span class='ocrx_word' id='word_1_718' title='bbox 770 5156 932 5215; x_wconf 81' lang='lat' dir='ltr'><strong>formaliter</strong></span> <span class='ocrx_word' id='word_1_719' title='bbox 953 5160 981 5214; x_wconf 90' lang='lat' dir='ltr'><strong>et</strong></span> <span class='ocrx_word' id='word_1_720' title='bbox 1034 5172 1091 5213; x_wconf 85' lang='grc'><strong>888</strong></span> <span class='ocrx_word' id='word_1_721' title='bbox 1113 5171 1189 5223; x_wconf 85' lang='lat' dir='ltr'><strong>sum,</strong></span> <span class='ocrx_word' id='word_1_722' title='bbox 1204 5153 1682 5212; x_wconf 75' lang='grc'><strong>8881818888111888181881888</strong></span> <span class='ocrx_word' id='word_1_723' title='bbox 1704 5161 1745 5212; x_wconf 96' lang='grc'><strong>881</strong></span> <span class='ocrx_word' id='word_1_724' title='bbox 1760 5156 1793 5211; x_wconf 83' lang='lat' dir='ltr'><strong>tn</strong></span> <span class='ocrx_word' id='word_1_725' title='bbox 1808 5153 1864 5212; x_wconf 88' lang='lat' dir='ltr'><strong>hoc</strong></span> 
     </span>
     <span class='ocr_line' id='line_1_56' title="bbox 152 5223 1865 5352; baseline 0 -68"><span class='ocrx_word' id='word_1_726' title='bbox 152 5223 313 5310; x_wconf 79' lang='lat' dir='ltr'><strong>profectiva</strong></span> <span class='ocrx_word' id='word_1_727' title='bbox 327 5243 423 5284; x_wconf 92' lang='lat' dir='ltr'><strong>unum</strong></span> <span class='ocrx_word' id='word_1_728' title='bbox 438 5233 671 5310; x_wconf 79' lang='lat' dir='ltr'><strong>sacramentum,</strong></span> <span class='ocrx_word' id='word_1_729' title='bbox 684 5229 716 5284; x_wconf 91' lang='lat' dir='ltr'><strong>in</strong></span> <span class='ocrx_word' id='word_1_730' title='bbox 730 5233 878 5302; x_wconf 89' lang='lat' dir='ltr'><strong>quantum</strong></span> <span class='ocrx_word' id='word_1_731' title='bbox 890 5246 926 5286; x_wconf 83' lang='lat' dir='ltr'><strong>ex</strong></span> <span class='ocrx_word' id='word_1_732' title='bbox 939 5227 982 5286; x_wconf 89' lang='lat' dir='ltr'><strong>eis</strong></span> <span class='ocrx_word' id='word_1_733' title='bbox 1035 5227 1144 5285; x_wconf 79' lang='grc'><strong>888818</strong></span> <span class='ocrx_word' id='word_1_734' title='bbox 1158 5227 1237 5282; x_wconf 86' lang='lat' dir='ltr'><strong>mori</strong></span> <span class='ocrx_word' id='word_1_735' title='bbox 1250 5240 1350 5310; x_wconf 73' lang='lat' dir='ltr'><strong>quam,</strong></span> <span class='ocrx_word' id='word_1_736' title='bbox 1362 5226 1493 5352; x_wconf 50' lang='lat' dir='ltr'><strong>elfeagus</strong></span> <span class='ocrx_word' id='word_1_737' title='bbox 1499 5224 1618 5308; x_wconf 69' lang='grc'><strong>8818811</strong></span> <span class='ocrx_word' id='word_1_738' title='bbox 1629 5227 1763 5296; x_wconf 82' lang='lat' dir='ltr'><strong>potentio</strong></span> <span class='ocrx_word' id='word_1_739' title='bbox 1773 5227 1865 5284; x_wconf 85' lang='lat' dir='ltr'><strong>domi·</strong></span> 
     </span>
     <span class='ocr_line' id='line_1_57' title="bbox 153 5297 1827 5373; baseline 0 -19"><span class='ocrx_word' id='word_1_740' title='bbox 153 5297 306 5373; x_wconf 83' lang='lat' dir='ltr'><strong>perficitur</strong></span> <span class='ocrx_word' id='word_1_741' title='bbox 321 5313 382 5355; x_wconf 91' lang='lat' dir='ltr'><strong>uua</strong></span> <span class='ocrx_word' id='word_1_742' title='bbox 395 5298 524 5356; x_wconf 82' lang='lat' dir='ltr'><strong>refectio.</strong></span> <span class='ocrx_word' id='word_1_743' title='bbox 1036 5302 1138 5364; x_wconf 84' lang='grc'><strong>88818,</strong></span> <span class='ocrx_word' id='word_1_744' title='bbox 1154 5301 1268 5354; x_wconf 82' lang='lat' dir='ltr'><strong>eostam</strong></span> <span class='ocrx_word' id='word_1_745' title='bbox 1282 5301 1417 5353; x_wconf 78' lang='grc'><strong>88881818</strong></span> <span class='ocrx_word' id='word_1_746' title='bbox 1452 5301 1606 5366; x_wconf 68' lang='lat' dir='ltr'><strong>mortalem</strong></span> <span class='ocrx_word' id='word_1_747' title='bbox 1627 5312 1827 5369; x_wconf 71' lang='lat' dir='ltr'><strong>corrumpere.</strong></span> 
     </span>
    </p>

    <p class='ocr_par' dir='ltr' id='par_1_4' title="bbox 155 5367 1869 5803">
     <span class='ocr_line' id='line_1_58' title="bbox 187 5367 1866 5444; baseline -0.001 -18"><span class='ocrx_word' id='word_1_748' title='bbox 187 5371 244 5444; x_wconf 91' lang='grc'><strong>(18)</strong></span> <span class='ocrx_word' id='word_1_749' title='bbox 258 5369 392 5427; x_wconf 82' lang='lat' dir='ltr'><strong>Furtiots</strong></span> <span class='ocrx_word' id='word_1_750' title='bbox 405 5369 738 5429; x_wconf 74' lang='grc'><strong>888888888888181888.</strong></span> <span class='ocrx_word' id='word_1_751' title='bbox 755 5369 801 5429; x_wconf 90' lang='lat' dir='ltr'><strong>Sic</strong></span> <span class='ocrx_word' id='word_1_752' title='bbox 814 5369 910 5426; x_wconf 89' lang='lat' dir='ltr'><strong>solent</strong></span> <span class='ocrx_word' id='word_1_753' title='bbox 920 5370 983 5426; x_wconf 81' lang='lat' dir='ltr'><strong>bre·</strong></span> <span class='ocrx_word' id='word_1_754' title='bbox 1072 5367 1129 5438; x_wconf 84' lang='grc'><strong>(19)</strong></span> <span class='ocrx_word' id='word_1_755' title='bbox 1143 5367 1214 5424; x_wconf 86' lang='lat' dir='ltr'><strong>Atto</strong></span> <span class='ocrx_word' id='word_1_756' title='bbox 1228 5372 1418 5437; x_wconf 76' lang='grc'><strong>8888888188</strong></span> <span class='ocrx_word' id='word_1_757' title='bbox 1432 5381 1469 5424; x_wconf 82' lang='grc'><strong>88</strong></span> <span class='ocrx_word' id='word_1_758' title='bbox 1482 5367 1721 5438; x_wconf 74' lang='grc'><strong>1188188118818.</strong></span> <span class='ocrx_word' id='word_1_759' title='bbox 1739 5369 1789 5425; x_wconf 86' lang='grc'><strong>1118</strong></span> <span class='ocrx_word' id='word_1_760' title='bbox 1801 5383 1866 5424; x_wconf 84' lang='lat' dir='ltr'><strong>rer-</strong></span> 
     </span>
     <span class='ocr_line' id='line_1_59' title="bbox 155 5437 1866 5512; baseline -0.002 -14"><span class='ocrx_word' id='word_1_761' title='bbox 155 5441 246 5498; x_wconf 84' lang='lat' dir='ltr'><strong>retici.</strong></span> <span class='ocrx_word' id='word_1_762' title='bbox 261 5442 295 5498; x_wconf 91' lang='lat' dir='ltr'><strong>D.</strong></span> <span class='ocrx_word' id='word_1_763' title='bbox 313 5441 366 5498; x_wconf 90' lang='lat' dir='ltr'><strong>llil.</strong></span> <span class='ocrx_word' id='word_1_764' title='bbox 382 5441 420 5498; x_wconf 91' lang='lat' dir='ltr'><strong>ad</strong></span> <span class='ocrx_word' id='word_1_765' title='bbox 437 5445 537 5500; x_wconf 83' lang='lat' dir='ltr'><strong>Consi.</strong></span> <span class='ocrx_word' id='word_1_766' title='bbox 554 5447 629 5512; x_wconf 81' lang='lat' dir='ltr'><strong>Aug.</strong></span> <span class='ocrx_word' id='word_1_767' title='bbox 646 5443 688 5499; x_wconf 90' lang='lat' dir='ltr'><strong>sic</strong></span> <span class='ocrx_word' id='word_1_768' title='bbox 704 5443 764 5500; x_wconf 90' lang='lat' dir='ltr'><strong>ait:</strong></span> <span class='ocrx_word' id='word_1_769' title='bbox 786 5442 827 5500; x_wconf 77' lang='lat' dir='ltr'><strong>At</strong></span> <span class='ocrx_word' id='word_1_770' title='bbox 841 5457 922 5499; x_wconf 85' lang='grc'><strong>8888</strong></span> <span class='ocrx_word' id='word_1_771' title='bbox 931 5440 984 5512; x_wconf 83' lang='lat' dir='ltr'><strong>qui</strong></span> <span class='ocrx_word' id='word_1_772' title='bbox 1036 5437 1111 5494; x_wconf 91' lang='lat' dir='ltr'><strong>bum</strong></span> <span class='ocrx_word' id='word_1_773' title='bbox 1125 5443 1243 5495; x_wconf 82' lang='lat' dir='ltr'><strong>erectus</strong></span> <span class='ocrx_word' id='word_1_774' title='bbox 1266 5437 1393 5495; x_wconf 88' lang='lat' dir='ltr'><strong>sumitur</strong></span> <span class='ocrx_word' id='word_1_775' title='bbox 1406 5438 1578 5511; x_wconf 89' lang='lat' dir='ltr'><strong>improprie,</strong></span> <span class='ocrx_word' id='word_1_776' title='bbox 1594 5438 1626 5496; x_wconf 92' lang='lat' dir='ltr'><strong>id</strong></span> <span class='ocrx_word' id='word_1_777' title='bbox 1649 5444 1694 5498; x_wconf 89' lang='lat' dir='ltr'><strong>est</strong></span> <span class='ocrx_word' id='word_1_778' title='bbox 1715 5441 1866 5511; x_wconf 78' lang='lat' dir='ltr'><strong>formatus</strong></span> 
     </span>
     <span class='ocr_line' id='line_1_60' title="bbox 155 5509 1867 5585; baseline -0.004 -15"><span class='ocrx_word' id='word_1_779' title='bbox 155 5513 274 5570; x_wconf 76' lang='grc'><strong>181888</strong></span> <span class='ocrx_word' id='word_1_780' title='bbox 287 5519 314 5569; x_wconf 87' lang='grc'><strong>81</strong></span> <span class='ocrx_word' id='word_1_781' title='bbox 325 5515 470 5584; x_wconf 81' lang='lat' dir='ltr'><strong>pestifero</strong></span> <span class='ocrx_word' id='word_1_782' title='bbox 485 5516 660 5584; x_wconf 76' lang='grc'><strong>8881881888</strong></span> <span class='ocrx_word' id='word_1_783' title='bbox 669 5514 822 5585; x_wconf 83' lang='lat' dir='ltr'><strong>inquinati</strong></span> <span class='ocrx_word' id='word_1_784' title='bbox 834 5519 914 5582; x_wconf 84' lang='grc'><strong>8881,</strong></span> <span class='ocrx_word' id='word_1_785' title='bbox 923 5528 984 5569; x_wconf 83' lang='lat' dir='ltr'><strong>non</strong></span> <span class='ocrx_word' id='word_1_786' title='bbox 1038 5513 1201 5567; x_wconf 83' lang='grc'><strong>88188188.</strong></span> <span class='ocrx_word' id='word_1_787' title='bbox 1214 5511 1301 5566; x_wconf 85' lang='lat' dir='ltr'><strong>Recte</strong></span> <span class='ocrx_word' id='word_1_788' title='bbox 1314 5509 1464 5582; x_wconf 87' lang='lat' dir='ltr'><strong>siquidem</strong></span> <span class='ocrx_word' id='word_1_789' title='bbox 1481 5509 1559 5566; x_wconf 86' lang='lat' dir='ltr'><strong>Beda</strong></span> <span class='ocrx_word' id='word_1_790' title='bbox 1573 5512 1643 5568; x_wconf 88' lang='lat' dir='ltr'><strong>Ven.</strong></span> <span class='ocrx_word' id='word_1_791' title='bbox 1656 5510 1708 5567; x_wconf 94' lang='lat' dir='ltr'><strong>lib.</strong></span> <span class='ocrx_word' id='word_1_792' title='bbox 1726 5528 1754 5570; x_wconf 85' lang='lat' dir='ltr'><strong>rr</strong></span> <span class='ocrx_word' id='word_1_793' title='bbox 1768 5511 1798 5566; x_wconf 93' lang='lat' dir='ltr'><strong>in</strong></span> <span class='ocrx_word' id='word_1_794' title='bbox 1814 5511 1867 5565; x_wconf 85' lang='lat' dir='ltr'><strong>lu·</strong></span> 
     </span>
     <span class='ocr_line' id='line_1_61' title="bbox 155 5580 1869 5668; baseline -0.002 -28"><span class='ocrx_word' id='word_1_795' title='bbox 155 5587 431 5654; x_wconf 73' lang='grc'><strong>8888881888188818</strong></span> <span class='ocrx_word' id='word_1_796' title='bbox 440 5591 467 5641; x_wconf 88' lang='grc'><strong>81</strong></span> <span class='ocrx_word' id='word_1_797' title='bbox 483 5587 737 5656; x_wconf 73' lang='lat' dir='ltr'><strong>scmteqoonimo</strong></span> <span class='ocrx_word' id='word_1_798' title='bbox 749 5585 984 5668; x_wconf 69' lang='lat' dir='ltr'><strong>desepelierum</strong></span> <span class='ocrx_word' id='word_1_799' title='bbox 1038 5597 1117 5652; x_wconf 87' lang='lat' dir='ltr'><strong>cam,</strong></span> <span class='ocrx_word' id='word_1_800' title='bbox 1129 5580 1390 5655; x_wconf 66' lang='grc'><strong>01118188188811,</strong></span> <span class='ocrx_word' id='word_1_801' title='bbox 1402 5587 1607 5652; x_wconf 77' lang='lat' dir='ltr'><strong>concepisses</strong></span> <span class='ocrx_word' id='word_1_802' title='bbox 1617 5584 1713 5639; x_wconf 80' lang='lat' dir='ltr'><strong>attere</strong></span> <span class='ocrx_word' id='word_1_803' title='bbox 1723 5580 1869 5652; x_wconf 77' lang='lat' dir='ltr'><strong>virqinott</strong></span> 
     </span>
     <span class='ocr_line' id='line_1_62' title="bbox 156 5651 1868 5730; baseline -0.002 -18"><span class='ocrx_word' id='word_1_804' title='bbox 156 5655 359 5712; x_wconf 72' lang='grc'><strong>8888818188</strong></span> <span class='ocrx_word' id='word_1_805' title='bbox 373 5671 572 5726; x_wconf 80' lang='lat' dir='ltr'><strong>corrumpere.</strong></span> <span class='ocrx_word' id='word_1_806' title='bbox 589 5659 623 5713; x_wconf 84' lang='grc'><strong>81</strong></span> <span class='ocrx_word' id='word_1_807' title='bbox 636 5656 777 5730; x_wconf 82' lang='lat' dir='ltr'><strong>synesius</strong></span> <span class='ocrx_word' id='word_1_808' title='bbox 800 5661 884 5729; x_wconf 80' lang='lat' dir='ltr'><strong>eptst.</strong></span> <span class='ocrx_word' id='word_1_809' title='bbox 900 5659 915 5711; x_wconf 83' lang='lat' dir='ltr'><strong>e</strong></span> <span class='ocrx_word' id='word_1_810' title='bbox 931 5669 985 5727; x_wconf 80' lang='lat' dir='ltr'><strong>ap</strong></span> <span class='ocrx_word' id='word_1_811' title='bbox 1040 5668 1161 5711; x_wconf 78' lang='grc'><strong>8888888</strong></span> <span class='ocrx_word' id='word_1_812' title='bbox 1182 5668 1242 5710; x_wconf 82' lang='lat' dir='ltr'><strong>noe</strong></span> <span class='ocrx_word' id='word_1_813' title='bbox 1264 5653 1300 5710; x_wconf 86' lang='lat' dir='ltr'><strong>de</strong></span> <span class='ocrx_word' id='word_1_814' title='bbox 1314 5653 1420 5724; x_wconf 83' lang='grc'><strong>811118,</strong></span> <span class='ocrx_word' id='word_1_815' title='bbox 1442 5667 1503 5710; x_wconf 80' lang='lat' dir='ltr'><strong>eon</strong></span> <span class='ocrx_word' id='word_1_816' title='bbox 1518 5651 1718 5724; x_wconf 72' lang='grc'><strong>8118888888</strong></span> <span class='ocrx_word' id='word_1_817' title='bbox 1734 5657 1868 5712; x_wconf 77' lang='lat' dir='ltr'><strong>matema</strong></span> 
     </span>
     <span class='ocr_line' id='line_1_63' title="bbox 158 5725 1306 5803; baseline -0.003 -19"><span class='ocrx_word' id='word_1_818' title='bbox 158 5726 249 5799; x_wconf 75' lang='lat' dir='ltr'><strong>pellat</strong></span> <span class='ocrx_word' id='word_1_819' title='bbox 264 5726 427 5798; x_wconf 78' lang='lat' dir='ltr'><strong>haereticos,</strong></span> <span class='ocrx_word' id='word_1_820' title='bbox 450 5732 606 5801; x_wconf 76' lang='grc' dir='ltr'>τραπεζίτας</span> <span class='ocrx_word' id='word_1_821' title='bbox 634 5731 771 5803; x_wconf 70' lang='grc' dir='ltr'><strong>πονηροὺς,</strong></span> <span class='ocrx_word' id='word_1_822' title='bbox 797 5731 856 5789; x_wconf 84' lang='grc' dir='ltr'><strong>τοὺς</strong></span> <span class='ocrx_word' id='word_1_823' title='bbox 871 5727 986 5800; x_wconf 72' lang='grc' dir='ltr'>κατάπερ</span> <span class='ocrx_word' id='word_1_824' title='bbox 1041 5725 1190 5784; x_wconf 61' lang='grc'><strong>1111111112</strong></span> <span class='ocrx_word' id='word_1_825' title='bbox 1205 5739 1306 5782; x_wconf 78' lang='lat' dir='ltr'><strong>earne.</strong></span> 
     </span>
    </p>
   </div>
   <div class='ocr_carea' id='block_1_4' title="bbox 0 0 2046 6176">
    <p class='ocr_par' dir='ltr' id='par_1_5' title="bbox 0 0 2046 6176">
     <span class='ocr_line' id='line_1_64' title="bbox 0 0 2046 6176; baseline 0 0"><span class='ocrx_word' id='word_1_826' title='bbox 0 0 2046 6176; x_wconf 95' lang='lat' dir='ltr'><strong> </strong></span> 
     </span>
    </p>
   </div>
  </div>
 </body>
</html>
