3996 6186
205 96 256 152 Ι151
690 89 843 147 annolus
868 87 996 146 Ducant
1015 86 1043 141 S.
1064 85 1218 152 OUlNTlNl
1236 91 1430 150 vinolentia.
1863 100 1915 150 752

205 218 340 295 munique
352 216 554 294 omnibusque
564 217 628 271 erat
641 229 703 272 una
714 212 933 270 seluahmicos
944 227 1030 268 nam·
1045 221 1069 274 Α
1083 210 1142 269 ritu
1156 210 1267 283 delegit
1285 230 1349 271 esse
1369 231 1498 287 regnum
1524 214 1681 285 coelornm,
1709 217 1868 274 credimus
1892 219 1916 274 ei

205 307 408 383 quecrlgens,
424 304 555 362 tumidos
570 303 706 360 calcabat
731 305 844 373 hostes,
869 301 1032 374 subjectos·
1084 301 1270 360 attributum.
1301 305 1461 378 Sequentia
1484 303 1636 376 Evangelii
1659 304 1816 380 depromit
1840 309 1917 379 quod

205 413 263 470 que
279 395 393 463 fovens,
407 393 582 451 conterebat
591 391 669 450 leros
682 395 710 449 et
719 391 854 458 rebelles,
868 393 1031 464 tempestas
1085 391 1241 464 sequitur:
1259 393 1371 450 «Beati
1398 395 1494 463 mites,
1522 394 1669 468 quoniam
1693 394 1751 469 ipsi
1782 397 1918 468 posside·

204 486 254 540 irae
267 481 479 540 veldiscordiae
494 481 578 538 nullo
588 479 783 538 dissensionis
798 478 927 536 tumultu
941 493 1031 552 pene·
1083 478 1159 536 bunt
1173 485 1293 539 terram.
1311 505 1325 532 a
1343 483 1562 555 Quamsuavis,
1585 499 1679 556 quem
1705 484 1801 556 mltis,
1828 501 1917 557 quam

204 571 301 628 trabat
315 571 408 629 corda
433 572 518 643 ejus;
542 571 615 644 quia
637 569 670 626 in
696 569 847 626 salutifere
873 567 1030 625 stabilitate
1083 568 1250 640 benivolus,
1264 587 1419 645 quamque
1428 571 1664 642 benignissimus
1672 572 1829 646 fueritqui
1843 589 1916 628 cem·

200 659 319 731 justitia
335 660 488 732 etjudicii,
505 659 715 733 charitatisque
731 658 804 732 spei,
830 663 859 714 et
882 657 952 714 lidei
978 672 1030 712 an·
1082 658 1260 730 pendiosam
1276 659 1342 716 ritae
1355 660 1421 731 ejus
1438 660 1544 716 seriem
1564 660 1675 731 legerit,
1705 660 1830 734 aliquid
1856 679 1916 717 sua-

93 808 96 820 ,
201 746 506 819 chorasagacissirnae
520 746 629 804 arentis
649 745 711 803 fixa
732 746 835 802 aderet
860 744 912 801 illi.
938 745 1029 800 cons·
1082 745 1179 802 vitatis
1199 747 1263 817 ejus
1286 762 1464 819 pernoscere
1498 748 1634 822 quiverit.
1660 747 1713 804 Hic
1736 749 1916 806 tetboldum

201 839 315 892 tantem
329 837 394 908 ejus
405 836 542 893 animum
565 852 642 892 aura
667 834 746 892 illius
773 833 961 892 adversitatis
985 837 1030 889 tu·
1083 835 1223 892 comitem
1239 837 1403 910 aliquando
1429 837 1598 904 devotione,
1626 836 1797 910 aliquando
1828 840 1915 894 armis

202 925 303 982 multu
317 942 379 983 non
389 925 564 995 ventilabat,
579 941 635 982 nee
650 925 687 981 de
711 924 867 981 multifluae
888 922 1030 997 copiosas
1083 925 1275 998 compescuit.
1294 925 1343 981 llic
1359 925 1532 983 lotharium
1545 941 1648 996 regem
1661 925 1841 983 bumilitate
1869 928 1915 983 de

201 1031 260 1087 que
283 1014 487 1089 prosperitatis
514 1015 649 1072 ubertate
676 1014 813 1070 animum
837 1011 1026 1069 subtollebat.
1082 1012 1161 1069 vicit.
1178 1013 1230 1069 Hic
1247 1017 1342 1070 Dacos
1358 1014 1503 1071 suavitate
1515 1014 1677 1072 verborum
1687 1017 1715 1071 et
1729 1015 1826 1072 donis
1843 1031 1915 1072 coer·

202 1107 277 1162 Cum
292 1108 393 1162 autem
405 1104 438 1160 in
450 1120 543 1174 regno
561 1119 615 1160 suo
627 1103 743 1161 variato
758 1118 914 1159 murmure
933 1101 1029 1176 pullu·
1083 1101 1151 1158 cuit.
1168 1102 1219 1158 llic
1242 1105 1369 1160 Francos
1397 1107 1580 1177 craterasque
1608 1108 1711 1174 gentes
1737 1104 1914 1160 humillimis

199 1194 305 1252 labant
318 1194 426 1268 aliqua
442 1194 595 1252 seditionis
607 1209 717 1262 caussa,
731 1193 855 1250 sedebat
865 1209 916 1249 eas
929 1191 1029 1248 decre·
1081 1190 1182 1246 verbis
1196 1194 1224 1248 et
1236 1191 1413 1247 muneribus
1434 1191 1490 1248 sibi
1519 1207 1689 1265 provocans
1715 1191 1840 1249 ascivit.
1868 1193 1913 1248 Hic

199 1283 236 1340 tis
250 1283 352 1355 legum
374 1286 402 1340 et
426 1283 577 1339 salutifera
603 1285 757 1357 potestate.
788 1281 868 1338 illius
895 1296 1028 1353 namque
1081 1277 1195 1336 incolas
1209 1279 1449 1337 Northmannioae
1463 1278 1594 1350 regionis
1609 1297 1731 1337 summa
1754 1281 1912 1338 devotione

199 1371 275 1430 fides
289 1371 463 1430 temralida
476 1372 607 1429 veritatis
620 1373 721 1430 radice
732 1371 899 1444 tenebatur,
923 1374 956 1426 ut
977 1386 1028 1427 an·
1081 1369 1218 1441 protexit.
1232 1369 1284 1424 Hic
1298 1368 1488 1439 domigenas,
1501 1373 1535 1425 ut
1557 1373 1642 1443 pater
1669 1369 1807 1428 lamilias
1832 1371 1912 1428 dero

198 1465 246 1518 tea
260 1476 349 1518 mons
363 1461 504 1519 deficeret
518 1466 569 1517 aut
582 1461 733 1532 migraret,
749 1477 841 1534 quam
858 1475 914 1516 sua
935 1459 1028 1517 verba
1081 1460 1140 1528 tus,
1156 1456 1238 1514 fovit.
1253 1458 1409 1515 Benivolus
1421 1457 1452 1515 in
1467 1458 1551 1515 omni
1561 1458 1682 1528 negotio
1697 1459 1825 1528 exstitit,
1853 1477 1911 1516 sua·

199 1551 348 1610 cederent.
361 1553 416 1608 ltes
430 1552 470 1608 ab
493 1569 530 1608 ao
552 1551 708 1624 promissae
736 1551 819 1608 nullo
845 1549 1027 1608 mulctandae
1046 1543 1129 1626 Bvia
1142 1544 1173 1601 in
1188 1545 1271 1602 omni
1285 1561 1318 1601 re
1343 1544 1437 1602 verba
1466 1549 1495 1602 et
1530 1561 1621 1619 opere
1654 1547 1767 1604 sonuit.
1797 1551 1908 1604 Terram

198 1645 277 1710 actu,
291 1656 369 1698 verse
392 1639 648 1714 perseverabant3
673 1643 763 1714 atque
791 1639 960 1712 pollicitata
982 1653 1026 1694 se·
1080 1650 1214 1708 namque
1228 1635 1391 1692 viventium
1405 1635 1559 1708 possidere
1573 1635 1691 1708 meruit,
1711 1636 1768 1709 qui
1780 1637 1907 1710 corporis

197 1730 267 1800 mel,
281 1733 463 1804 perpetuata
476 1729 651 1786 manebant.
1081 1725 1127 1781 sui
1141 1729 1252 1781 terram
1263 1728 1424 1782 mansueta
1446 1724 1631 1796 benignitate
1658 1725 1835 1784 custodivit.
1864 1730 1908 1784 Se·

1079 1813 1180 1886 quitur
1192 1814 1277 1870 tertia
1288 1813 1454 1881 beatitudo,
1476 1829 1539 1887 qua
1566 1813 1673 1871 dicitur
1689 1831 1696 1869 :
1710 1837 1725 1864 ι
1752 1816 1838 1874 Beati
1861 1815 1907 1888 qui

1078 1901 1191 1974 lugent,
1206 1902 1352 1975 quoniam
1374 1902 1431 1976 ipsi
1457 1903 1737 1960 consolabuntur.»
1764 1905 1905 1971 Quoniam

1077 1989 1201 2063 quidem
1215 1989 1298 2046 dives
1313 2006 1408 2063 opum
1420 2006 1652 2063 munerumque,
1669 1992 1841 2050 etmilitum
1866 1999 1904 2048 at-

1077 2093 1136 2152 que
1149 2078 1342 2136 familiarium
1357 2080 1509 2135 exstiterat
1526 2098 1532 2148 ;
1548 2080 1618 2137 idco
1634 2096 1665 2136 se
1678 2081 1868 2154 implicatum
1880 2087 1904 2136 et

516 1869 709 1911 APOSTROPHA.

197 1962 292 2034 liujus
304 1960 420 2035 patricii
433 1959 591 2017 cumulum
604 1958 747 2016 bonitatis
762 1974 917 2015 enormen.
978 2001 979 2006 1

302 2053 414 2107 Praesut
423 2048 556 2107 amande
568 2048 662 2106 vides.

195 2140 340 2215 Symbola
354 2140 407 2214 qui
420 2139 529 2196 merito
542 2137 648 2238 crescit
661 2135 803 2194 bonitatis
818 2135 849 2193 in
864 2141 931 2194 octo
1076 2166 1221 2224 irretitum
1251 2167 1446 2224 saecularibus
1474 2168 1600 2239 negot-fis
1622 2169 1757 2238 lugebat·
1780 2170 1901 2242 Lugebat

220 2320 226 2331 ,
301 2227 559 2330 Pfffiffl,³‚¹'³a”d⁰
573 2227 667 2283 mdes·
705 2315 710 2327 ,
844 2314 850 2325 ,
1075 2271 1208 2329 namque
1223 2256 1387 2329 pravitates
1398 2257 1628 2325 monachorum,
1644 2274 1722 2330 quos
1735 2257 1843 2316 devius
1865 2275 1902 2314 er-

196 2319 292 2377 v¹d¹¹⁰
303 2318 350 2375 ¹³¹⁸
365 2317 467 2374 ⁵⁰r¹b¹t
489 2333 557 2391 ‘1¹¹ae
570 2315 759 2386 Evanssehsta
772 2314 868 2372 b⁰³t¹⁸
1075 2360 1136 2412 ror,
1147 2345 1249 2401 relicto
1262 2345 1363 2401 stricto
1379 2345 1464 2416 calle,
1492 2344 1664 2402 abducebat
1687 2346 1899 2420 deceptricibus

301 2407 555 2508 Psffifflflffiffffl
569 2405 665 2506 videa
771 2493 776 2506 ,
847 2493 853 2504 ,
890 2491 895 2504 ,
1075 2433 1323 2490 tallentismnndi
1337 2434 1428 2490 rebus
1443 2434 1474 2490 in
1492 2434 1672 2492 exsecrabile
1696 2436 1897 2510 praecipitinm.

195 2503 327 2575 ΟΜΝ
342 2503 411 2554 mus
427 2501 542 2570 8θωῖοΓ
556 2494 641 2596 fains
656 2492 791 2569 ¹¹¹²l³¹⁹v¹t
804 2509 914 2567 ⁰P¹m¹⁵
1077 2522 1210 2593 Lugebat
1224 2537 1338 2580 errores
1348 2523 1562 2581 canonicorum
1585 2540 1604 2580 a
1629 2525 1807 2582 monasticis
1835 2541 1897 2598 pra-

265 2676 270 2687 ·
299 2585 554 2686 Pfaesuffafflande,
568 2584 663 2641 mdes·
777 2669 804 2682 ..
832 2670 838 2681 ‚
1076 2609 1264 2684 ceptionibus
1298 2610 1510 2668 decidentium.
1543 2611 1676 2680 Lugebat
1704 2611 1895 2681 ignorantiam

195 2682 227 2734 ¹¹¹
242 2676 322 2733 d¹⁰t⁰
336 2674 442 2731 meh&
460 2688 607 2770 mmmm}
620 2687 710 2728 n⁰m⁰
725 2674 819 2727 emm
830 2685 896 2745 ¹P⁵⁰
1075 2698 1239 2770 juventutis
1252 2715 1324 2768 sura,
1338 2704 1367 2756 et
1387 2699 1516 2767 delicte;
1542 2704 1632 2773 atque
1656 2700 1729 2757 fletu
1749 2701 1893 2758 oculorum

300 2761 411 2818 Psaesffl
425 2759 555 2818 ³m³⁰d⁰
569 2757 662 2815 mdes·
701 2845 707 2857 ,
759 2845 764 2856 ,
1077 2787 1170 2844 nimio
1191 2792 1300 2844 terram
1324 2793 1490 2861 prostratus
1513 2788 1716 2846 humectabat.
1743 2791 1893 2863 Sequitur:

193 2859 226 2910 ¹¹¹
240 2853 320 2909 ΜΟ
332 2853 410 2906 cem
423 2847 745 2945 nullusqueremffls
757 2861 824 2918 Ῥω
1042 2921 1062 2976 C
1078 2899 1091 2926 «
1109 2877 1188 2934 Beati
1200 2878 1252 2950 qui
1266 2876 1402 2933 esuriunt
1417 2881 1445 2934 et
1460 2877 1562 2934 sitiunt
1574 2878 1733 2950 justitiam,
1760 2879 1892 2954 qnoniam

299 2936 411 2994 Praesffl
425 2933 663 3035 {mandewdes'
709 3020 714 3032 ,
766 3021 772 3032 ,
882 3021 887 3032 ,
1076 2965 1132 3040 ipsi
1148 2967 1370 3024 saturabuntur.
1386 2990 1400 3017 ι»
1417 2967 1500 3024 Hane
1519 2983 1590 3024 vero
1617 2968 1747 3026 esuriem
1774 2975 1801 3026 et
1824 2969 1890 3024 sitim

193 3023 275 3082 Ullus
289 3041 344 3082 nec
356 3025 516 3082 hominum
526 3026 605 3126 extat
621 3025 751 3079 sanctior
764 3037 794 3078 ιιι
808 3021 963 3091 meditatu,
1074 3071 1165 3112 nemo
1176 3056 1319 3113 habuisse
1334 3055 1516 3112 Richardum
1532 3057 1641 3113 ducem
1655 3057 1782 3125 dubitat,
1793 3058 1888 3132 quim,

297 3114 408 3215 Prfflfffl
422 3111 552 3214 affand?
563 3110 657 3169 mdes·
709 3201 714 3211 ,
1075 3144 1176 3201 cilicos
1192 3148 1275 3201 actua
1290 3145 1355 3216 ejus
1371 3145 1516 3202 subtiliter
1530 3151 1647 3219 pensat.
1665 3147 1741 3214 Quia
1761 3145 1882 3204 instantia

191 3205 254 3262 Hm
268 3204 369 3263 heheu
383 3205 412 3261 et
423 3203 474 3261 νὼ
489 3206 598 3277 ⁵⁰¹'¹P²⁰
609 3201 786 3258 devemmm
800 3217 896 3274 ¹¹qu⁰
1071 3234 1192 3305 justitia
1207 3233 1363 3302 renitebat,
1384 3234 1489 3291 callem
1503 3234 1606 3306 judieii
1622 3234 1801 3294 incessanter
1812 3238 1881 3308 pete·

1072 3322 1134 3380 bat.
1152 3323 1347 3396 Opprimebat
1358 3323 1424 3380 diro
1438 3322 1513 3393 legis
1521 3324 1596 3395 jugo
1611 3324 1792 3395 negligentes
1807 3321 1883 3395 justi·

1073 3411 1157 3482 ham,
1173 3411 1342 3482 corrigebat
1357 3411 1447 3468 rerba
1459 3411 1622 3468 severitatis
1633 3413 1797 3470 abdicantes
1810 3427 1878 3466 eam.

1073 3503 1113 3556 Eo
1125 3515 1258 3574 namque
1273 3502 1440 3574 superstite,
1468 3500 1673 3559 misericordia
1692 3507 1718 3558 et
1737 3501 1838 3556 veritas
1850 3498 1878 3553 in

1072 3604 1164 3661 regno
1180 3589 1255 3660 ejus,
1269 3589 1466 3646 utPsalmiste
1477 3588 1573 3658 refert,
1595 3591 1653 3647 sibi
1677 3590 1860 3648 obviaverunt
1873 3605 1881 3655 ς

1069 3678 1184 3750 justitia
1196 3682 1225 3735 et
1236 3693 1297 3750 pax
1319 3678 1463 3736 osculata
1474 3683 1552 3736 sunt.
1569 3681 1736 3752 Esuriebat,
1747 3680 1841 3737 sitiens
1855 3693 1882 3732 se

1073 3783 1205 3841 suosque
1214 3763 1325 3824 lucrari
1339 3768 1463 3839 Christo,
1491 3773 1525 3825 ut
1549 3775 1651 3844 posset
1671 3769 1835 3844 participari
1857 3766 1882 3822 iu

1071 3857 1119 3912 die
1133 3856 1237 3927 judicii
1249 3857 1419 3930 perenniter
1431 3860 1501 3915 Deo.
1517 3859 1578 3915 Hoc
1591 3859 1835 3916 instantissimum
1846 3857 1884 3928 ju

225 3945 325 4007 llerit'o
335 3945 434 4020 igitur,
445 3946 584 4018 justeque
595 3947 686 4017 atque
697 3941 891 4015 probabiliter
900 3942 1018 4000 Richar·
1072 3961 1168 4020 gequc
1180 3946 1363 4004 desiderium
1377 3947 1451 4019 ejus,
1468 3948 1532 4005 hacc
1546 3949 1658 4005 esuries
1679 3944 1884 4022 perseveranda

190 4039 266 4095 dum
277 4035 516 4094 Northmannicse
530 4032 661 4104 regionis
673 4033 782 4090 ducem
795 4031 918 4090 beatum
932 4049 1018 4090 sanc-
1071 4034 1147 4106 ejus,
1164 4038 1253 4108 atque
1269 4034 1330 4090 sitis
1345 4034 1519 4092 indeficiens
1533 4036 1599 4108 ejus
1613 4040 1686 4104 erat,
1695 4041 1729 4092 ut
1737 4051 1838 4094 omnes
1848 4033 1884 4089 lu·

190 4131 326 4199 tumque,
352 4123 509 4181 recensiis
534 4122 663 4179 breviter
685 4121 826 4196 operibus
850 4122 926 4194 ejus,
948 4120 1019 4178 dici·
1072 4122 1114 4178 cri
1129 4123 1248 4179 faceret.
1265 4122 1404 4194 Sequitur
1418 4140 1426 4179 :
1441 4123 1544 4181 «Beati
1560 4124 1676 4181 mundo
1701 4125 1801 4190 corde,
1823 4135 1884 4196 que

190 4231 259 4272 mus
271 4233 278 4284 ;
290 4213 338 4270 cui
346 4212 450 4270 omnia
459 4228 473 4268 ι’
482 4209 700 4282 rangelicarum
708 4210 929 4268 beatitudinum
937 4210 1019 4268 dona
1071 4211 1154 4268 niam
1164 4211 1223 4285 ipsi
1240 4215 1331 4267 Deum
1346 4210 1528 4269 videbunt«
1544 4213 1688 4272 certanti
1712 4214 1796 4271 ducis
1806 4209 1884 4285 patri·

189 4303 381 4377 reperiuntur
394 4300 574 4376 propensius
586 4298 736 4357 attributa.
752 4300 885 4365 Duarum
900 4298 1016 4373 prima:
1032 4270 1056 4326 Β
1071 4300 1169 4374 ciique
1192 4304 1221 4356 et
1253 4299 1443 4368 contessoris,
1477 4302 1546 4375 quis
1568 4302 1662 4360 tuisse
1695 4300 1884 4361 sanctuarium

137 4435 138 4438 ,
191 4416 206 4446 «
220 4393 301 4451 Beati
321 4407 470 4466 pauperos
495 4389 612 4464 spiritu,
641 4388 787 4463 quoniam
810 4389 946 4461 ipsorum
974 4392 1019 4444 est
1070 4389 1198 4457 Domini,
1214 4387 1355 4445 etaulam
1368 4389 1447 4461 regis
1460 4390 1562 4448 aterni
1587 4391 1733 4449 dubitat?
1761 4386 1887 4451 ltunditia

188 4500 317 4556 regnum
330 4481 484 4539 coelorucr.
502 4501 516 4531 ι»
533 4481 603 4546 Qua
628 4478 660 4535 in
684 4479 743 4536 hoc
769 4477 940 4534 confessore
962 4477 1019 4534 cla·
1071 4477 1170 4536 cordis
1180 4478 1257 4534 ithus
1267 4477 1357 4550 longe
1370 4478 1490 4552 lateque
1504 4481 1663 4551 emicabat,
1679 4481 1887 4554 puritatemque

188 4573 250 4630 rius
272 4571 339 4628 luce
351 4573 477 4644 apparet
494 4568 599 4636 luisse,
626 4566 680 4641 qui
709 4564 950 4623 Northmannices
972 4581 1018 4623 re-
1070 4568 1179 4625 mentis
1194 4568 1405 4624 serenissimus
1415 4569 1516 4626 vultus
1530 4571 1595 4642 eius
1607 4570 1717 4628 clarius
1737 4568 1887 4628 indicabat

190 4662 289 4734 gionis
303 4651 524 4726 monarchiam,
538 4673 602 4714 non
616 4671 709 4713 causa
722 4655 814 4726 hujus
825 4654 1017 4727 praelabentis
1069 4660 1217 4730 Praecepta
1232 4656 1341 4714 divinoe
1365 4657 1439 4729 legis
1461 4659 1552 4715 corde
1577 4659 1704 4730 mundo,
1735 4665 1770 4716 ut
1797 4659 1888 4721 laicus,

188 4751 323 4820 honoris,
339 4748 392 4806 sed
406 4765 444 4805 nc
459 4749 657 4804 sacrosancta
668 4743 805 4800 Ecclesia
817 4747 911 4801 status
926 4759 1018 4817 paga·
1070 4747 1213 4818 gerebat:
1230 4745 1344 4816 dates,
1361 4747 1600 4822 mediocresque,
1621 4753 1650 4806 et
1677 4765 1827 4823 pauperes
1848 4745 1890 4800 be·

189 4840 236 4898 nis
246 4837 427 4896 irruentibus
443 4833 668 4908 periclitaretur,
684 4832 824 4902 retinens,
840 4847 871 4888 ae
894 4832 934 4889 ad
953 4831 1018 4888 imi·
1069 4834 1169 4893 nivola
1178 4839 1278 4892 mente
1304 4834 1413 4892 alebat.
1437 4837 1528 4908 Cujus
1557 4837 1655 4894 cordis
1682 4839 1849 4911 mentisque
1868 4833 1890 4886 et

188 4928 311 4986 labilem
327 4925 433 4986 Christi
444 4925 653 4999 paupertatem
672 4920 741 4978 totis
768 4920 866 4978 cordis
890 4919 1015 4991 nisibus,
1069 4923 1231 4982 voluntatis
1245 4923 1311 4995 tuit,
1325 4930 1451 4999 apparet
1464 4924 1494 4982 in
1508 4925 1638 4984 ecclesiis
1662 4923 1890 4984 Nortbrnannica

191 5021 311 5090 totoque
320 5013 428 5073 mentis
444 5011 554 5069 atl'ectu
568 5008 750 5068 conterebat.
765 5010 835 5075 Dua
854 5008 1017 5066 mundialis
1070 5012 1210 5083 regionis
1253 5013 1345 5070 rebus
1384 5014 1559 5072 monasticis
1587 5015 1711 5072 mirifice
1735 5010 1887 5074 adornatis.

188 5105 350 5162 bominum
364 5097 497 5160 conditio
513 5100 644 5159 continet
670 5099 811 5174 pretiosa,
840 5099 889 5156 hic
916 5103 1017 5155 mente
1072 5101 1210 5173 sequitur
1226 5119 1232 5156 :
1250 5123 1265 5152 ι
1279 5101 1356 5158 Beati
1372 5102 1501 5175 pacifici,
1525 5103 1671 5177 quoniam
1694 5104 1747 5160 tilii
1774 5103 1825 5160 Dei
1847 5113 1889 5154 rc·

188 5193 367 5268 periculosa.
383 5193 454 5257 Dure
468 5207 591 5264 aragne,
607 5190 655 5247 hic
671 5189 760 5247 corde
784 5188 918 5260 fugitiva.
945 5191 1017 5256 Quae
1071 5188 1229 5246 cabantur.
1246 5211 1261 5239 ι»
1276 5189 1472 5268 pacificorum
1488 5196 1588 5248 autem
1610 5207 1726 5248 meroes
1740 5196 1787 5249 est
1811 5193 1842 5246 ut
1863 5183 1889 5240 fi·

189 5281 387 5346 delectabilia,
415 5281 463 5338 hic
488 5299 551 5339 nen
577 5287 730 5355 perpetua.
772 5281 840 5336 Baec
874 5280 1018 5337 veraciter
1071 5278 1102 5334 lli
1116 5277 1167 5334 Dei
1178 5283 1331 5352 vocentur,
1348 5284 1377 5336 et
1390 5280 1457 5336 sint.
1476 5280 1540 5337 Sint
1554 5280 1676 5353 quidem
1690 5281 1822 5354 perlecta
1832 5277 1890 5332 che·

297 3292 411 3349 Praesul
425 3291 556 3349 amande
571 3290 663 3347 vides.

190 3383 317 3441 Pulchra
331 3382 422 3440 nimis
434 3382 510 3439 ratio
525 3380 697 3449 verborum,
712 3377 923 3450 materiesque,

297 3471 408 3529 Praesul
420 3469 551 3527 amande
561 3463 655 3524 v'ides.

190 3559 339 3619 Thematis
353 3557 443 3614 editio
458 3560 538 3613 extat
551 3553 668 3622 frivola,
698 3553 819 3622 rustica,
834 3552 910 3622 vilis,

296 3643 408 3702 Praesul
421 3643 551 3699 amande
566 3640 658 3697 vides.

189 3736 288 3794 Ditatu
302 3733 352 3790 vili
361 3748 442 3789 nunc
456 3748 529 3806 cape
544 3729 644 3786 dulcia
662 3728 751 3800 taeta,

296 3821 407 3880 Praesul
422 3819 553 3879 salande
567 3818 644 3875 vale.

188 5375 289 5430 menta
302 5371 453 5441 deserens,
468 5373 497 5426 et
510 5369 660 5441 integriter
677 5369 765 5425 corde
785 5375 941 5441 spernens,
957 5383 1017 5424 coe-
1071 5367 1165 5438 ritate,
1181 5372 1325 5424 vocentur
1337 5369 1491 5439 dignitate.
1506 5369 1601 5440 Hujus
1616 5369 1754 5426 beneficii
1778 5375 1888 5426 munere

185 5476 286 5536 lorum
306 5476 447 5533 regnum,
478 5460 562 5532 quod
588 5458 641 5516 diu
666 5457 846 5530 concupivit,
873 5456 1017 5528 largiente
1071 5456 1126 5513 iste
1150 5455 1213 5512 dux
1226 5456 1331 5527 viguit,
1348 5458 1421 5530 quia
1435 5474 1540 5515 omnes
1553 5458 1694 5531 utpotuit
1721 5451 1887 5532 pacificavit.

188 5551 305 5610 Christo
319 5550 447 5620 adeptus
461 5549 515 5604 est.
532 5547 680 5612 Quoniam
695 5563 731 5603 ex
754 5545 939 5619 pauperibus
960 5543 1018 5618 spi·
1073 5544 1182 5603 Diebus
1201 5560 1334 5619 namque
1352 5547 1527 5618 Dominicis,
1552 5549 1791 5621 sanctorumque
1820 5539 1888 5601 rest-
1965 5591 1966 5644 ἒ
