4044 6184
120 159 169 208 lat
428 183 430 188 ,
676 151 741 208 litt.
763 151 808 206 DE
826 144 1013 204 ululantis
1036 145 1179 202 SANCTAE
1197 145 1299 204 Fine.
1780 153 1831 208 las

115 302 129 326 s
151 279 211 335 Deo
224 281 357 334 creatam
381 275 532 350 perditum
545 273 595 332 itis
614 275 731 347 absque
751 273 813 330 nlla
826 271 948 328 misera·
962 271 987 328 A
1004 267 1046 326 ad
1058 268 1204 326 exteriora
1213 273 1384 343 penetrans,
1394 269 1497 328 ferreis
1508 269 1659 344 repagulis
1673 271 1714 329 ita
1727 287 1746 328 a
1759 271 1831 330 foris

117 391 131 416 κ
153 367 259 426 bone?
283 366 371 424 Sinite
384 365 449 437 jam
461 380 543 424 nunc
557 365 597 422 ab
612 366 678 437 eius
699 364 785 436 gravi
796 359 952 420 laceratio·
1002 357 1272 430 constringebatur,
1285 363 1318 416 ut
1332 359 1415 418 nulla
1437 359 1476 428 vi,
1492 359 1550 416 nisi
1563 359 1753 418 mordacium
1768 376 1831 418 ser-

115 481 128 506 e
148 471 198 524 ne,
227 455 310 530 quia,
337 458 397 523 ileo
425 453 624 528 permittente,
647 470 701 528 per
726 451 947 512 sanctissimam
1001 463 1103 505 rarum
1115 447 1201 505 edaci
1214 447 1366 520 limatura,
1381 449 1508 506 reserari
1527 448 1571 506 fas
1593 453 1666 507 erat.
1682 453 1740 507 llas
1754 449 1832 508 inter

113 568 127 593 s
148 543 298 614 virginem
309 544 388 602 banc
400 541 503 600 Fidem
517 542 640 618 proprio
654 539 829 600 refundetur
841 539 872 598 in
885 555 948 596 cor·
1000 551 1156 610 pressuras
1180 541 1281 596 nmen
1294 542 1398 596 sancta
1414 537 1500 596 Fides
1517 538 1583 612 ejus
1595 538 1634 596 ab
1644 555 1695 596 ore
1707 554 1771 596 non
1784 555 1830 596 re-

111 659 124 682 ..
147 650 232 708 pore,
250 637 381 692 avesna
403 637 505 708 erepta
529 637 711 708 potestate.»
734 633 780 691 Ad
800 633 880 689 hane
892 647 946 690 vo·
1000 625 1136 696 cedebat,
1152 642 1251 702 neque
1264 628 1356 686 unius
1378 626 1522 686 momenti
1541 627 1653 686 victum
1669 644 1730 686 non
1744 628 1831 688 invo-

108 740 174 780 cem
188 723 311 782 tartarei
322 721 449 780 ministri
465 722 643 780 intolerabili
654 722 813 780 formidine
828 737 946 796 correp
1000 721 1066 774 cato
1090 716 1281 790 praeterierat.
1299 717 1436 792 Quinque
1460 717 1550 788 igitur
1568 717 1830 778 hebdomadarum

109 813 138 880 ti,
154 827 270 868 manus
286 827 407 884 semper
418 810 449 868 in
465 811 579 868 malum
594 827 708 886 pronas
721 811 944 880 continuerunt,
998 805 1128 862 breviori
1140 805 1234 864 lustro
1247 806 1278 864 in
1289 807 1346 864 hac
1359 812 1421 864 mm
1432 806 1554 878 lugubri
1564 805 1722 864 acerbitate
1734 807 1829 878 finito,

108 899 342 972 coelestibusque
356 899 468 956 nuntiis
492 899 613 957 insolito
635 900 740 957 umore
754 898 944 957 tremebundi
998 893 1062 950 dies
1077 893 1124 950 ille
1139 893 1244 952 enituit
1257 894 1321 969 qui,
1334 895 1375 953 ob
1391 894 1539 952 dominici
1554 894 1697 969 triumphi
1714 911 1830 952 memo-

106 993 285 1062 paruerunt
304 992 360 1045 Nec
373 1003 470 1060 mora,
485 987 657 1046 felicissima
670 988 755 1060 virgo
770 987 856 1045 Fides
872 1003 943 1043 con·
997 984 1079 1054 riale,
1094 1002 1164 1042 cum
1177 985 1350 1060 palmarum
1373 1003 1426 1044 seu
1440 985 1549 1044 diversi
1571 987 1688 1058 generis
1708 985 1830 1044 florum*

106 1078 163 1136 cito
189 1079 309 1152 impetu
330 1079 446 1136 madias
472 1083 618 1136 tortorum
638 1093 749 1136 cuncte
771 1076 865 1148 irruit,
882 1077 945 1134 ani-
998 1073 1090 1132 corda
1104 1074 1242 1132 omnium
1258 1078 1353 1132 mium
1367 1075 1537 1150 perorbem
1546 1075 1691 1132 ineffabili
1699 1074 1830 1149 nipudio

104 1182 257 1240 mamque
271 1183 373 1224 meam
388 1165 428 1222 ab
450 1183 557 1222 eorum
572 1165 713 1222 manibus
730 1164 875 1222 violenter
889 1163 944 1222 ab·
997 1161 1152 1220 exhilarat.
1169 1164 1260 1235 Cuius
1276 1163 1335 1220 diei
1352 1168 1415 1222 tam
1436 1180 1597 1222 comminue
1613 1165 1759 1236 gaudium
1773 1163 1830 1220 dif-

105 1256 231 1325 straxit3
244 1260 334 1330 atque
347 1255 389 1314 ita
401 1256 517 1331 corpori
530 1256 624 1314 humo
637 1253 794 1326 tradendo,
803 1254 879 1311 sicut
888 1269 943 1310 no·
997 1249 1064 1308 fusa
1087 1267 1141 1328 per
1159 1251 1241 1308 orbis
1256 1252 1387 1322 climata,
1403 1253 1519 1310 nubam
1533 1253 1602 1312 hnic
1618 1253 1775 1327 prebebat
1786 1270 1831 1310 re·

106 1346 173 1418 stis,
190 1343 370 1402 mirabiliter
384 1344 502 1402 refudit.
519 1349 681 1419 Postquam
692 1361 764 1402 uero
775 1343 866 1416 hujus
880 1359 943 1400 non
996 1341 1089 1398 medii
1111 1341 1253 1400 leucam.
1275 1345 1405 1400 Cernens
1428 1358 1500 1416 ergo
1521 1343 1728 1418 cunctipotens
1752 1346 1830 1400 bens

104 1441 227 1495 numm
240 1435 364 1494 visionis
376 1451 469 1510 quarn
483 1435 573 1492 ctiam
586 1435 627 1492 rei
637 1439 728 1508 gesta
738 1433 869 1492 venans
882 1437 943 1498 tex-
997 1430 1144 1486 immitem
1159 1429 1316 1488 saevissimi
1331 1433 1448 1490 tortoris
1462 1432 1598 1506 predicti
1613 1431 1747 1490 Gosberti
1761 1448 1829 1507 per-

106 1533 171 1595 tum
185 1526 237 1584 ille
252 1525 358 1583 ordine
381 1530 426 1583 est
443 1530 631 1600 prosecutus,
648 1529 734 1600 pater
747 1525 875 1582 atvicini
889 1525 944 1581 iter
997 1518 1154 1588 sicaniam,
1170 1519 1364 1594 subsequenti
1377 1523 1465 1578 nocte
1492 1537 1547 1596 per
1569 1525 1682 1578 sanctae
1706 1520 1830 1591 virginis

102 1616 269 1674 instituunt
282 1615 321 1672 ad
336 1619 473 1674 sanctam
487 1615 591 1672 Fidem
606 1613 717 1686 gratias
731 1613 913 1672 reddituri.»
957 1630 978 1686 Β
997 1607 1243 1666 intercessionem
1259 1613 1354 1667 tactim
1368 1610 1583 1683 misericordia,
1606 1615 1639 1668 ut
1651 1625 1771 1684 semper
1785 1613 1829 1666 to-

431 1724 543 1780 CAPUT
561 1725 625 1780 m·
997 1701 1058 1754 tus·
1082 1701 1126 1754 est
1151 1698 1211 1756 vita
1240 1698 1404 1772 desperatis
1433 1698 1526 1755 facilis
1551 1699 1658 1772 pietas,
1686 1699 1829 1770 juvenem

104 1815 149 1869 De
163 1811 350 1882 Retinenda,
365 1812 448 1883 quia
462 1811 651 1880 compedibus
666 1815 693 1867 et
709 1817 814 1868 cetero
827 1805 943 1868 solutas
999 1785 1158 1860 splendore
1170 1786 1342 1846 admifflbffi
1357 1803 1518 1844 00l¹1⁸⁰11ffl
1534 1787 1575 1844 illi
1589 1787 1710 1860 misem,
1722 1803 1829 1862 S⁰l>0r0

500 1888 553 1940 est.
997 1875 1117 1934 dolores
1142 1876 1279 1946 leniente,
1295 1876 1410 1934 coelitns
1425 1877 1546 1946 direxit3
1568 1877 1620 1951 qui
1635 1893 1705 1934 eum
1720 1877 1829 1934 talibus

140 1975 222 2028 Pane
237 1971 308 2028 huic
323 1971 418 2028 simile
434 1972 534 2030 adhuc
548 1977 577 2030 et
591 1971 673 2030 aliud
688 1971 796 2028 calami
808 1971 944 2044 deposcit
998 1966 1107 2024 affatur
1121 1967 1241 2025 verbis:
1270 1990 1284 2018 «
1299 1967 1446 2039 vigilasne
1461 1983 1501 2024 an
1520 1982 1628 2040 sopore
1642 1966 1828 2040 deprimeris,

105 2060 261 2129 officium;
275 2060 359 2134 quod
372 2059 444 2134 quia
454 2061 658 2134 prodigialiter
669 2060 820 2118 invenitur
831 2064 941 2128 actum,
998 2055 1164 2114 Raimunde
1173 2059 1209 2114 t»
1234 2057 1342 2127 atille,
1360 2056 1437 2115 intra
1452 2057 1561 2114 somnii
1575 2055 1775 2126 didcedinem,
1789 2055 1830 2112 ita

104 2154 223 2206 aeoerna
234 2148 562 2206 memoriacensuimus
573 2147 945 2206 celebrandumllaimun·
997 2144 1155 2202 videbatur
1168 2145 1226 2204 sibi
1240 2147 1447 2220 respondisse:
1465 2169 1478 2196 e
1489 2145 1830 2220 Quis,inquam‚es,do-

104 2238 184 2294 dnm
196 2253 255 2311 pro
276 2237 367 2310 impie
382 2237 474 2308 gestis
489 2237 574 2294 mtdti
589 2241 722 2300 vestrum
741 2241 899 2306 noverunt,
916 2241 945 2293 ct
997 2233 1079 2290 mine
1090 2235 1104 2290 ‘l
1117 2257 1131 2286 »
1156 2235 1209 2293 Cui
1223 2235 1293 2292 ille:
1316 2239 1402 2308 «Ego
1415 2236 1463 2292 ille
1484 2253 1553 2293 sum
1569 2236 1749 2308 Stephanus,
1764 2234 1827 2308 qui,

104 2327 289 2399 genealogia
304 2327 375 2384 satis
388 2327 587 2402 spectandum
602 2331 631 2384 et
644 2327 752 2385 terrem
765 2327 888 2384 honoris
903 2327 945 2384 fa·
999 2321 1117 2382 dudum
1143 2339 1161 2382 a
1184 2324 1294 2382 ludaeis
1317 2324 1479 2398 lapidatus,
1499 2325 1608 2382 civium
1630 2339 1829 2399 supernorum

105 2423 157 2474 stu
170 2417 348 2476 subnixum.
365 2417 415 2474 llic
430 2405 468 2474 e'x
484 2421 581 2475 castro
596 2417 680 2492 quod
701 2420 782 2476 lions
801 2420 943 2474 Pensatus
997 2413 1151 2486 promerui
1164 2413 1251 2471 asciri
1271 2413 1415 2484 coetibus;
1435 2415 1488 2488 qui
1501 2413 1570 2472 ideo
1584 2429 1652 2472 sum
1667 2412 1707 2470 cd
1721 2417 1748 2470 te
1760 2411 1829 2470 mis

104 2507 220 2566 dicitur
240 2507 386 2578 originem
410 2508 535 2576 ducens,
551 2512 668 2582 patrem
689 2507 795 2566 habuit
817 2509 942 2564 Bernar-
999 2517 1062 2574 sue,
1085 2505 1119 2560 ut
1141 2502 1181 2560 ad
1202 2507 1338 2560 sanctam
1360 2503 1461 2560 Fidem
1483 2507 1511 2560 te
1534 2503 1645 2560 ducam
1663 2501 1828 2560 vdocius.»

103 2599 195 2668 dum,
219 2596 356 2672 predicti
382 2596 472 2654 castri
496 2597 630 2670 primum
653 2601 683 2654 et
704 2597 882 2655 maumam.
910 2599 945 2656 Et
998 2594 1090 2658 Quem
1105 2608 1176 2648 cum
1190 2593 1400 2666 interrogasset
1419 2593 1544 2652 ubinam
1566 2591 1729 2664 magnifica
1742 2592 1828 2663 virgo

102 2688 180 2761 quia
188 2686 363 2746 caturcensi
374 2686 442 2744 urbi
453 2687 633 2758 continguus
643 2691 715 2758 erat,
725 2687 860 2758 eiusdem
875 2685 944 2744 civi·
998 2685 1092 2738 esset:
1110 2683 1237 2753 «Surge,
1253 2681 1351 2756 inquit
1361 2687 1476 2756 martyr
1486 2681 1666 2756 precipuus,
1679 2681 1753 2755 quia
1764 2696 1827 2738 non

104 2777 175 2836 tatis
197 2775 304 2834 litteris
318 2775 503 2834 imbuendus
518 2776 644 2834 traditur
659 2776 821 2846 canonicis,
837 2791 942 2834 eornm
997 2769 1162 2828 ludificaris
1177 2788 1196 2831 a
1211 2787 1330 2843 somno,
1341 2771 1404 2844 sed,
1413 2771 1619 2830 incunctanter
1625 2786 1675 2829 mc
1685 2785 1826 2844 aequem,

104 2867 284 2926 maleum
299 2866 455 2924 sordturus
470 2865 699 2924 succedentibus
713 2866 811 2924 annis.
832 2869 897 2934 Qua
911 2867 942 2924 in
997 2860 1113 2917 videbis
1128 2876 1196 2918 eam
1211 2861 1248 2918 de
1263 2877 1323 2936 qua
1338 2863 1377 2920 ad
1390 2866 1417 2920 te
1431 2862 1550 2936 loquor.
1562 2885 1576 2912 »
1599 2861 1637 2918 lt
1649 2860 1708 2927 ille,
1722 2863 1755 2918 ut
1770 2858 1827 2918 sibi

103 2955 280 3029 disciplina,
297 2955 347 3014 vix
362 2953 489 3012 sanabili
500 2954 647 3028 epileptici
660 2954 758 3012 morbi
769 2954 942 3026 aegritudine
961 2954 1120 3044 oostensa
1147 2951 1297 3009 suadebat
1321 2951 1407 3024 visio,
1428 2951 1586 3008 videbatur
1606 2949 1664 3009 sibi
1688 2953 1826 3008 sanctum

104 3061 159 3118 per
172 3042 337 3106 interlunia
366 3043 474 3102 misere
497 3043 650 3112 laborans,
666 3044 755 3101 taedio
777 3043 867 3118 eoepit
884 3044 941 3115 [eo]
996 3043 1160 3112 martyrem
1171 3040 1255 3113 sequi
1269 3041 1431 3114 previum
1448 3041 1501 3114 qui
1514 3055 1607 3114 supra
1619 3044 1743 3115 pontem
1754 3042 1827 3098 Con-

104 3135 204 3204 magis
218 3133 396 3206 parentibus
410 3133 525 3204 baberi,
540 3134 623 3206 quod
648 3134 680 3192 in
705 3134 761 3206 [eo]
776 3132 858 3190 nulla
872 3149 942 3206 spes
996 3128 1151 3187 chacensis
1178 3128 1324 3186 [lordonis
1350 3145 1421 3186 eum
1447 3133 1590 3200 statuens,
1611 3130 1652 3188 ita
1675 3128 1825 3186 mellifluis

105 3224 188 3296 ¹{erat}
215 3221 342 3294 genialis
357 3222 475 3280 indolis.
492 3223 625 3280 Tandem
643 3223 785 3282 nimirum
799 3221 942 3296 opinatis·
995 3217 1186 3292 prosequitur
1196 3217 1353 3292 alloquiis:
1368 3241 1382 3268 u
1395 3217 1502 3290 Dirige,
1511 3218 1679 3292 inquam,c
1690 3218 1742 3282 fili,
1753 3233 1825 3274 ocu-

103 3315 181 3370 simo
196 3311 345 3370 virtutum
359 3311 461 3369 favore
475 3316 606 3382 coactus,
619 3317 728 3370 sancta
739 3312 861 3384 virginis
874 3328 942 3385 pro
994 3303 1094 3364 iorum
1104 3305 1200 3364 aciem
1210 3322 1300 3380 super
1308 3306 1400 3378 hujus
1411 3305 1540 3364 nubiferi
1548 3306 1658 3364 montis
1669 3321 1824 3374 cacumen,

102 3402 292 3477 piliatotium
317 3401 510 3473 aggreditur;
537 3402 626 3473 eujus
652 3402 831 3476 propitiante
855 3401 940 3460 beni-
996 3399 1024 3452 et
1054 3395 1189 3454 divinam
1222 3396 1336 3454 intuere
1362 3396 1536 3468 claritatem,
1566 3396 1653 3468 cnjus
1684 3393 1826 3452 immensi

105 3493 219 3564 gnitate
233 3495 345 3564 optatae
359 3489 462 3548 salutis
475 3491 643 3548 remedium
671 3495 837 3560 assecutus,
854 3507 941 3550 sanc-
997 3483 1165 3558 splendoris
1179 3486 1281 3544 media
1295 3485 1486 3544 sanctssima
1500 3485 1584 3556 virgo
1598 3485 1684 3542 Fides
1695 3500 1730 3542 ac
1744 3499 1825 3541 maa

107 3587 142 3640 ta
154 3580 284 3641 medicae
299 3579 377 3638 Fidis
388 3579 546 3642 basilicam
558 3581 721 3654 quotannis
732 3581 862 3638 revisere
878 3586 942 3638 stu·
996 3577 1044 3646 tyr
1054 3572 1191 3644 insignia,
1200 3573 1378 3646 angelorum
1389 3573 1466 3632 inter
1479 3589 1591 3630 manus
1604 3573 1747 3642 emicans,
1756 3572 1825 3646 quis

107 3671 218 3740 debat;
246 3669 361 3741 gratias
385 3685 442 3743 pro
465 3670 605 3744 impenso
632 3685 757 3728 munera
780 3671 939 3728 relaturus,
996 3661 1183 3720 suismeritis
1197 3661 1459 3735 debeaturhonor,
1473 3661 1823 3720 evidentissimeindicat.

108 3763 205 3826 Quem
220 3775 277 3832 pro
291 3757 354 3816 zelo
365 3757 538 3832 patrimonii
559 3762 698 3833 parcnws
720 3763 810 3833 atque
833 3759 940 3818 affines
1032 3752 1146 3819 Quibus
1157 3751 1205 3810 ille
1220 3752 1330 3810 auditis
1345 3752 1428 3810 latus
1440 3751 1478 3810 de
1494 3767 1586 3810 sacrae
1596 3751 1720 3824 virginis
1734 3751 1825 3809 laude

108 3847 285 3906 exsecrabili
311 3846 381 3906 odio
404 3847 583 3906 insectantes
606 3848 667 3906 voti
689 3853 844 3922 compotes
858 3865 942 3924 cepe·
995 3840 1147 3914 precelsa,
1163 3842 1266 3900 oculos
1288 3843 1319 3898 in
1334 3841 1448 3898 risione
1462 3841 1567 3912 vigiles
1587 3842 1619 3898 in
1631 3841 1759 3898 sublime
1773 3840 1827 3898 tol-

110 3941 332 3996 ructuantem
354 3937 484 4010 denique
499 3937 562 3994 viro
584 3936 799 4005 illustrissimo,
819 3940 942 3998 nomine
994 3930 1069 4000 lens.
1081 3931 1155 3988 vidit
1166 3931 1290 4002 igneum
1305 3930 1429 4002 globum
1450 3929 1565 4001 ingenti
1578 3928 1695 4001 fulgore
1711 3930 1825 3988 mican-

111 4025 264 4096 nosberto,
280 4026 477 4094 occiderint,
493 4027 545 4100 qui
564 4042 619 4100 pro
633 4026 772 4098 erogatis
786 4032 941 4086 contume-
995 4023 1065 4088 um,
1092 4021 1178 4092 eujus
1202 4020 1234 4076 in
1260 4019 1361 4076 medio
1388 4018 1525 4092 speciosa
1552 4019 1637 4090 virgo
1663 4033 1826 4076 coruscans

107 4115 156 4174 liis
174 4113 351 4186 gravissime
373 4129 444 4170 eum
466 4113 600 4172 habebat
623 4113 785 4173 infensum.
810 4115 943 4174 Aderant
995 4109 1165 4172 astantibus
1188 4108 1245 4166 sibi
1271 4106 1385 4178 angelis
1413 4107 1548 4166 dicebat:
1580 4129 1594 4158 a
1606 4109 1717 4166 Locum
1741 4105 1826 4166 illum

107 4220 244 4278 namque
278 4201 459 4262 sanctissimi
495 4202 558 4259 dies
593 4203 848 4275 Quadragcsime,
877 4205 940 4278 qui,
995 4217 1087 4276 quem
1102 4198 1220 4256 cernitis
1235 4196 1355 4254 ossibus
1370 4197 1529 4257 decoratur
1541 4197 1628 4268 meis,
1644 4197 1756 4270 dequo
1770 4211 1826 4254 vos

107 4312 179 4352 cum
211 4291 337 4364 frugalis
372 4291 566 4366 parcimoniae
601 4293 808 4351 observatione
842 4298 941 4352 mente
996 4307 1070 4362 rogo
1086 4293 1119 4346 ut
1138 4288 1243 4346 vestris
1270 4287 1471 4346 sanctificetur
1485 4287 1605 4344 dextris.
1618 4309 1632 4338 a
1657 4287 1740 4344 Cives
1755 4303 1826 4344 vero

107 4383 251 4442 custoditi
282 4381 408 4452 sincera,
441 4395 562 4438 omnem
599 4381 713 4441 abdunt
739 4383 807 4440 vita
839 4398 942 4457 perpe·
996 4380 1132 4454 angelici,
1150 4377 1271 4436 monitis
1284 4378 1387 4436 animo
1401 4377 1504 4438 libenti
1523 4379 1746 4453 acquiescentes
1767 4377 1826 4435 vir-

108 4489 185 4530 ram.
208 4471 292 4537 Quos
308 4470 361 4528 iste
387 4469 463 4528 inter
484 4469 668 4546 compedum
688 4470 864 4545 multiplicia
888 4489 941 4528 vo·
995 4471 1084 4544 ginis,
1109 4467 1229 4527 elevatis
1256 4467 1442 4542 praefulgidis
1469 4468 1579 4526 dexbis
1608 4469 1729 4539 signnm
1753 4468 1828 4524 dant

108 4563 225 4624 lumina
253 4560 337 4620 omni
362 4560 512 4620 eremitica
540 4561 709 4620 austeritate
741 4562 854 4622 aridius
885 4563 941 4620 du·
995 4559 1160 4620 adorandae
1174 4557 1281 4628 crucis,
1297 4559 1384 4630 cujus
1407 4557 1554 4630 signaculi
1568 4558 1672 4616 virtute
1692 4561 1826 4614 sacratus

109 4669 191 4722 cens,
221 4651 323 4726 potius
348 4650 482 4710 habebat
507 4652 591 4710 oneri
615 4668 709 4726 quam
736 4653 944 4728 promerendae
996 4649 1094 4708 omnis
1110 4646 1273 4706 sanctitan‘s
1285 4647 1380 4718 gratia
1391 4647 1531 4719 repletur.
1554 4649 1630 4702 llum
1653 4645 1717 4702 hac
1737 4642 1827 4714 igitur

110 4742 208 4800 saluti.
238 4741 329 4800 Cibus
351 4740 432 4798 enlm
459 4741 538 4798 illius
563 4741 752 4815 vespertinus
772 4741 860 4814 panis
880 4747 945 4800 erat
996 4742 1165 4810 agerentur,
1192 4751 1260 4792 ecce
1286 4735 1387 4792 subito
1414 4735 1556 4794 nimbosa
1583 4733 1691 4804 caligo,
1718 4732 1758 4788 ab
1783 4731 1827 4805 ip

112 4830 285 4888 muciditate
318 4829 473 4890 untlimtis
508 4829 680 4904 squalidns;
721 4829 784 4903 qui,
827 4833 942 4888 remoto
996 4829 1057 4886 sius
1080 4827 1178 4884 amnis
1201 4825 1263 4882 imo
1291 4824 1449 4882 nimbosus
1477 4823 1566 4880 turbo
1593 4821 1770 4892 ascendens,
1791 4819 1825 4876 il-

111 4919 187 4978 alins
201 4919 295 4978 edulii
307 4919 501 4987 adminiculo,
517 4919 577 4988 vix,
593 4918 683 4978 etiam
698 4920 872 4993 aquariam
888 4935 941 4992 pa·
994 4919 1059 4976 lum
1073 4934 1162 4992 super
1182 4920 1307 4990 pontem
1319 4918 1447 4976 stantm
1469 4912 1580 4972 nebula
1594 4911 1757 4984 texitque
1773 4909 1825 4968 ds-

110 5009 278 5076 macena.
303 5008 396 5083 palati
417 5007 537 5068 valebat
561 5008 741 5084 pertransire
762 5013 889 5079 mentm,
914 5015 944 5066 et
995 5010 1084 5068 ciduo
1097 5023 1165 5067 rore
1178 5007 1244 5080 ejus
1259 5005 1438 5066 indumenta
1450 5001 1618 5074 largissime
1630 5000 1824 5059 humectavit.

109 5099 183 5172 quia
197 5114 255 5174 pro
268 5097 366 5158 efferis
386 5097 500 5156 viribus
521 5098 577 5158 iltis
599 5097 794 5156 intolerabilis
812 5103 886 5178 egat,
901 5100 943 5158 ita
996 5100 1060 5166 Oua
1075 5099 1187 5156 visione
1202 5097 1347 5156 attonitus
1375 5093 1492 5154 lumina
1513 5107 1532 5150 a
1551 5107 1659 5149 somno
1670 5091 1720 5148 vix
1738 5091 1827 5150 abru-

110 5186 311 5262 compedibus
321 5186 522 5262 attriplicibus
530 5186 642 5246 catenis
656 5186 747 5244 veluti
755 5187 885 5244 Gaetulus
895 5187 942 5244 leo
994 5189 1047 5262 pit,
1064 5204 1099 5244 ac
1120 5203 1192 5244 mox
1206 5191 1304 5244 vestes
1328 5183 1470 5242 manibus
1487 5184 1684 5252 contrectans,
1701 5181 1778 5239 sicut
1793 5182 1826 5239 in

110 5277 641 5352 implicatusjaccbat,nequepcdem
654 5292 887 5350 nequemanum
897 5278 942 5336 ul-
995 5279 1063 5335 visu
1083 5281 1217 5336 senserat
1230 5277 1331 5334 defluo
1352 5274 1449 5331 imbre
1463 5271 1573 5345 reperit
1584 5271 1738 5331 humidas.
1754 5272 1825 5329 lude

111 5367 140 5424 lo
153 5367 266 5426 adnisu
281 5365 415 5440 qnalibet
428 5367 459 5424 in
474 5369 558 5440 parte
572 5367 884 5441 vertcrcprarvalebat.
899 5370 943 5425 En
996 5367 1075 5425 eirca
1099 5383 1130 5422 se
1158 5364 1313 5439 palpando
1332 5379 1442 5422 manus
1465 5361 1589 5432 ducens,
1604 5361 1707 5420 omnia
1721 5361 1825 5419 uncu-

111 5457 280 5530 etiarnipsa
293 5461 400 5516 catam
414 5456 651 5516 fortibushamis
665 5456 788 5530 maxa,
804 5475 872 5532 quac
886 5473 942 5515 nu·
996 5457 1094 5514 lorum
1114 5453 1268 5510 volumina
1292 5452 1438 5510 dissoluta
1462 5467 1481 5509 a
1508 5467 1539 5508 se
1559 5449 1660 5520 sensit,
1685 5449 1825 5508 ostiolum

112 5563 232 5606 maresc
241 5547 311 5612 sinu
322 5547 437 5604 circum
452 5563 539 5605 crura
550 5563 585 5605 ac
598 5551 714 5606 torosos
728 5547 855 5606 lacertos
867 5547 942 5606 dure
996 5545 1097 5616 edam,
1112 5547 1198 5601 nocte
1212 5542 1286 5600 seris
1306 5559 1341 5600 ac
1356 5541 1488 5600 vccubus
1509 5540 1581 5598 satis
1595 5539 1755 5607 munitum,
1770 5553 1824 5610 pa-

112 5636 309 5710 sinciebatsn,
321 5653 341 5697 a
353 5641 436 5708 tergo
450 5636 515 5710 ejus
528 5652 582 5711 per
596 5636 733 5696 foramen
746 5653 845 5698 saxee
854 5637 941 5696 turris
998 5639 1063 5693 tens
1076 5632 1196 5693 masnil.
1209 5635 1246 5690 at
1259 5631 1307 5691 ille
1320 5647 1426 5691 verum
1436 5629 1493 5689 sibi
1507 5645 1613 5688 orama
1624 5627 1715 5686 fnisse
1727 5632 1826 5686 osten·
