3998 6182
112 189 160 248 sa
788 175 928 238 nonus
949 167 1148 236 niernum.
1771 189 1824 255 ,ω

111 311 269 372 ritualium
285 313 435 384 artificum
447 315 478 368 in
492 311 592 370 cadem
601 309 722 381 [abaco
734 305 938 365 laborantium
956 300 980 354 Α
1031 307 1057 361 l.
1075 306 1164 363 Porro
1179 307 1234 364 etsi
1249 309 1332 366 atillo
1347 311 1469 384 publico
1498 313 1588 382 cultu,
1602 315 1823 391 quodquidam

110 403 219 472 dicam,
231 419 310 459 unus
321 403 473 473 praecipue
485 401 675 471 resalutant
682 410 780 468 nuper
787 397 873 455 rebus
885 395 939 452 bu·
995 394 1134 462 sciamus,
1151 398 1232 471 apud
1248 403 1363 455 veteres
1376 405 1497 458 sanctus
1512 402 1683 460 Gnillelmut
1697 407 1825 466 bonort-

109 494 349 564 naaniscacessit,
361 497 389 548 et
399 492 526 562 quiplus
538 490 621 546 nobis
632 488 767 544 omnibus
779 485 939 552 laboravit,
995 489 1042 540 tus
1058 485 1154 554 luerit,
1173 487 1256 544 illum
1271 493 1373 544 tamen
1387 489 1418 546 in
1432 489 1516 547 lasis
1531 492 1623 548 sacris
1637 493 1766 552 addiem
1779 500 1824 554 ta*

108 583 211 639 domus
227 581 364 638 uidelicet
375 579 467 638 abbas
492 579 670 646 willelmus,
687 579 724 634 de
738 580 823 647 cujus
837 574 941 631 claris·
995 575 1103 644 nuarii,
1118 577 1169 648 qui
1186 578 1250 648 ejus
1263 579 1371 636 natalis
1397 583 1451 646 est,
1471 580 1548 638 inter
1560 587 1680 640 sanctos
1694 584 1825 642 inserue-

108 673 190 728 sinu's
204 669 320 727 actibus
331 675 358 726 el
372 671 433 727 nita
444 667 595 726 laudabili
604 673 631 724 et
644 666 779 723 mirabili
788 677 942 720 convasa—
995 663 1064 714 nnni
1073 661 1222 718 amotam
1243 663 1324 719 wion
1335 668 1364 720 et
1376 665 1438 734 Ugo
1449 665 1606 722 benardus
1620 667 1650 722 in
1662 669 1826 740 llcnologlo

108 759 445 830 tioneporuitasnostra
455 755 724 828 nonsufticitquod
736 757 823 824 sentit
835 751 943 820 adpte
996 757 1032 798 ae
1043 745 1246 817 Martyrologio
1262 747 1458 804 mnedicanis
1473 765 1550 822 qnos
1562 751 1667 809 imitati
1680 753 1827 810 recentio-

107 864 182 906 nnrn
196 849 319 919 referre.
329 843 481 904 lotsaldus
492 845 522 902 in
533 845 656 902 Plancio
671 844 708 900 de
719 840 945 914 ejusdembcati
997 845 1044 886 res
1054 847 1171 899 Omnes,
1190 838 1289 891 tntilli
1301 835 1423 892 nomine
1437 836 1589 894 donarunt
1605 855 1611 895 :
1627 853 1683 896 nec
1696 841 1828 898 immeri-

107 935 340 995 Odilonisobitu
360 933 544 991 Willelmum
574 933 663 990 simul
685 931 827 1006 etipsum
847 927 944 986 odilo·
998 925 1038 976 to.
1055 937 1124 978 cum
1135 927 1217 979 tanta
1231 928 1340 996 praesto
1355 925 1413 981 sint
1427 925 1466 981 ad
1480 926 1558 983 illius
1571 929 1758 986 sancitatem
1772 929 1826 988 de-

107 1045 180 1084 nem
192 1025 300 1084 iisdem
314 1025 451 1083 versibus
478 1023 617 1092 celebrat,
632 1039 710 1098 quos
735 1021 813 1078 intra
828 1020 858 1076 in
874 1016 942 1075 Odi·
997 1011 1227 1067 monstrandam
1254 1018 1442 1083 argumenta,
1458 1014 1506 1070 vix
1518 1021 1550 1072 ut
1560 1017 1621 1073 ulls
1640 1033 1696 1091 pro
1715 1018 1825 1092 quavis

107 1118 188 1175 lonis
208 1115 310 1188 Elegio
334 1115 530 1190 proferemus.
557 1113 702 1170 Eumdem
730 1116 816 1168 vetus
840 1111 944 1165 auctor
997 1099 1088 1170 hujus
1103 1099 1205 1156 saeculi
1220 1105 1322 1156 sancto
1348 1101 1472 1158 certiora
1493 1106 1687 1177 reperiantur,
1716 1121 1826 1182 nempe

106 1205 247 1262 Chronici
257 1202 475 1262 ustamnensis
493 1202 667 1260 liberalibus
678 1201 793 1258 artibus
808 1198 943 1268 apprime
998 1189 1102 1244 mortis
1114 1190 1307 1261 praecognito,
1323 1191 1537 1248 miraculorum
1552 1195 1691 1265 patratio,
1706 1213 1742 1253 ae
1764 1213 1826 1269 pree

106 1297 269 1364 eruditum,
283 1301 373 1367 atque
395 1295 562 1364 disciplinis
578 1291 795 1358 ecclesiasticis,
816 1287 943 1344 crunctis·
997 1278 1110 1333 catoris
1124 1277 1316 1346 integerrima
1330 1279 1402 1338 vita.
1415 1296 1451 1336 ac
1465 1281 1574 1349 moute
1585 1285 1758 1340 monasticos
1772 1285 1827 1341 ob-

106 1399 167 1458 que
177 1385 386 1454 spiritualibus
399 1383 553 1453 officiis...
569 1384 714 1438 uirtutum
728 1379 828 1448 pratia
849 1376 941 1432 inbu-
998 1365 1127 1423 servato
1143 1367 1513 1437 singularisflinctllaber
1526 1369 1595 1425 Vitta
1611 1371 1676 1441 ejus
1692 1371 1827 1445 scriptor,

107 1478 173 1530 lum
187 1479 213 1530 et
235 1475 441 1530 illuminatum
471 1471 561 1528 luisse
591 1469 699 1526 scribit.
731 1467 803 1524 Hinc
823 1464 941 1522 nullum
997 1457 1150 1522 virtualis
1165 1461 1193 1512 el
1205 1457 1634 1531 magnaeauctoritatiS‚oapile
1645 1459 1829 1527 nltimoaan·

106 1563 202 1619 ferme
216 1562 270 1618 luit
283 1563 314 1619 in
330 1565 465 1618 Romano
478 1561 603 1633 imperio
617 1557 842 1628 monasterium,
857 1551 941 1626 quod
996 1545 1034 1602 eli
1049 1545 1194 1601 Guillelmi
1206 1549 1334 1600 montem
1350 1547 1391 1602 ad
1411 1555 1547 1604 sanctum
1568 1549 1706 1618 anticum
1730 1552 1829 1607 lumen

106 1647 258 1707 Gnillelmi
282 1662 361 1725 curre
383 1666 444 1705 non
465 1650 660 1706 commissum
686 1647 781 1713 luerit,
805 1657 936 1717 quorum
954 1638 977 1692 B
993 1635 1154 1691 transitum
1171 1632 1312 1706 appellat,
1339 1633 1549 1707 observatque,
1566 1635 1649 1709 quod
1663 1643 1770 1694 notatu
1783 1639 1829 1696 di·

109 1738 270 1795 nonnullis
286 1738 350 1812 ipse
367 1739 492 1811 praetuli,
513 1743 564 1794 aut
583 1735 745 1810 discipulos
758 1751 830 1790 suos
844 1731 947 1806 preele-

108 1829 153 1884 cit
168 1834 175 1883 ι
193 1831 370 1884 ceterorum
385 1840 457 1883 vero
482 1827 616 1896 abbates,
636 1826 689 1899 qni
701 1826 765 1897 jam
786 1823 842 1879 illis
858 1837 946 1895 prae-

110 1921 194 1984 rant,
205 1915 268 1971 suis
280 1914 424 1988 exemplis
438 1933 472 1972 ac
485 1915 605 1971 monitis
621 1915 660 1970 ad
675 1917 845 1970 accuratam
859 1925 945 1978 regu-

109 2004 185 2060 laris
198 2001 362 2077 discipline
385 2005 502 2078 praxim
516 2003 651 2073 adduxit,
671 2001 773 2060 Beata
786 2001 944 2068 mememo,

111 2093 213 2166 inquit
228 2091 306 2149 idem
321 2099 433 2162 auctor,
458 2095 624 2150 Willelmus
637 2093 729 2150 abbas
752 2107 814 2149 suu
828 2092 946 2160 relipio·

113 2179 163 2231 nis
178 2177 336 2246 affluentia
351 2181 440 2233 totins
455 2183 559 2247 partes
585 2179 710 2233 Romani
732 2178 853 2246 imperii
863 2177 946 2230 illus

999 1723 1180 1796 gnissimum
1193 1728 1246 1788 est,
1262 1739 1330 1796 quie
1342 1723 1373 1778 in
1388 1723 1461 1778 vivis
1472 1724 1571 1782 adhuc
1586 1732 1829 1800 agensoperatns

998 1819 1061 1871 erat
1075 1813 1230 1870 miracula.
1248 1813 1338 1868 etiam
1366 1819 1474 1886 etpost
1488 1819 1615 1871 mortem
1643 1815 1761 1888 adeius
1786 1833 1830 1872 se·

998 1903 1137 1976 pulcrum
1152 1901 1341 1974 perdurasse.
1358 1901 1531 1959 audiendus
1547 1908 1592 1960 est
1604 1903 1635 1960 in
1649 1904 1701 1961 lib.
1724 1921 1751 1960 ιι
1771 1905 1829 1960 llis·

999 1989 1152 2055 toriacum,
1167 2006 1193 2045 c.
1204 1993 1231 2045 t.
1249 1991 1344 2046 Unum
1359 1997 1462 2060 restat,
1479 1993 1586 2064 inquit,
1602 1993 1682 2064 quod
1695 1993 1766 2050 noni
1777 1993 1829 2049 ibi-

998 2077 1063 2134 dem
1074 2078 1115 2149 tin
1131 2078 1227 2134 sancti
1242 2078 1387 2135 Guillelmi
1397 2081 1469 2150 Vita)
1480 2083 1602 2138 minime
1615 2083 1829 2140 continuisti⁵

998 2169 1097 2238 praeit
1109 2169 1184 2224 enim
1197 2168 1359 2237 pradictus
1372 2169 1465 2225 Pater
1478 2171 1615 2226 oraculo
1624 2172 1666 2228 od
1675 2171 1828 2229 beatorum

111 2263 228 2330 trabat,
243 2263 442 2336 abbatumque
456 2267 621 2321 multorum
637 2266 875 2335 tepidosonimos
899 2265 947 2319 sui
998 2258 1129 2329 requiem
1143 2259 1175 2313 in
1189 2257 1341 2314 Nenstrt'n'
1355 2258 1504 2326 partibus,
1517 2261 1547 2314 ln
1568 2260 1828 2318 Ptrenmnentevt'·

107 2347 243 2416 [moeris
255 2349 386 2418 imapinc
406 2350 592 2419 reformabat
615 2349 945 2406 circunstantium
999 2347 1105 2402 delicet
1119 2347 1333 2404 monasterio...
1356 2347 1547 2416 sepultusque
1567 2353 1619 2411 cst,
1646 2351 1692 2405 nti
1710 2353 1829 2406 tanturn

113 2433 298 2504 sigebertus,
313 2436 352 2492 ad
365 2451 479 2492 ennirm
494 2441 572 2506 titii,
588 2441 722 2494 recenset
736 2437 811 2493 inter
821 2436 946 2493 abbates
999 2435 1176 2492 concedebat
1187 2437 1295 2500 virum,
1308 2436 1340 2490 in
1354 2435 1417 2490 loco
1433 2435 1827 2506 optinoejusctunemtestc,

113 2519 324 2586 nominabiles,
340 2535 472 2593 quornm
498 2537 590 2594 opera
613 2523 720 2592 relipio
747 2521 946 2577 ecclesiastico
1000 2524 1070 2578 Post
1084 2524 1198 2595 aliquot
1210 2525 1275 2593 scre
1296 2524 1357 2579 dies
1380 2525 1515 2593 conticit,
1531 2530 1564 2579 ut
1576 2527 1722 2594 puerulus
1735 2528 1831 2597 senne

113 2607 229 2664 smcido
241 2623 270 2664 u
290 2607 450 2666 Seruitia
464 2610 597 2665 Francia
621 2611 739 2680 qzesdem
766 2616 793 2665 et
809 2611 948 2679 Burpun·
999 2611 1137 2666 decumis
1147 2611 1411 2680 calmacensectus
1423 2612 1602 2680 aptitudine
1612 2613 1829 2682 ιιιιιιιριιισηιιιι

111 2699 210 2754 dia...
223 2713 279 2768 per
298 2688 493 2756 Gutllelmum
516 2699 722 2755 bierioreensem
736 2700 947 2755 amenitatem
1000 2700 1083 2755 itlius
1095 2700 1536 2770 pratiarecnpernndasalutis
1550 2700 1832 2773 duceretur,ibipue

112 2788 286 2844 amandum.
304 2788 447 2860 Denique,
459 2785 594 2844 orbabat
615 2787 721 2844 Glaber
733 2787 799 2844 loco
813 2787 945 2854 laudato,
1000 2788 1203 2857 aparentibus
1216 2789 1365 2860 dinatus,
1379 2789 1545 2846 decubabat
1555 2791 1646 2847 solos.
1667 2790 1831 2859 Quisnbttn

110 2873 535 2946 quodcunquemonnsterium
542 2875 670 2945 proprio
685 2876 869 2932 nudabatur
879 2888 947 2946 pas·
999 2879 1169 2950 respiciens,
1187 2879 1261 2936 uidit
1275 2893 1365 2949 super
1373 2879 1451 2936 ιιιειιι
1467 2882 1638 2949 sepulcrum
1653 2881 1830 2938 insidentem

112 2965 301 3034 tore,statins
313 2966 623 3035 mmpellebaturtam
638 2979 656 3022 a
669 2967 787 3037 sepibus
803 2968 946 3023 srelcomi-
1000 2968 1160 3038 aviculam,
1176 2969 1305 3038 samam
1336 2970 1480 3026 columba
1491 2972 1712 3041 preferentem,
1737 2985 1830 3044 worn

112 3053 204 3120 tibus,
219 3068 341 3124 querna
360 3055 562 3124 pontificibus,
587 3060 618 3108 nt
643 3055 825 3110 meliorandi
845 3058 946 3126 pratia
1000 3059 1052 3113 diu
1064 3059 1183 3115 intuens
1201 3060 1378 3115 obdormivit
1393 3076 1404 3130 ,·
1418 3061 1527 3116 debinc
1542 3062 1603 3117 lem
1613 3063 1830 3132 erptelusson·

112 3143 196 3198 illud
210 3143 424 3214 obrepentium
437 3143 687 3212 susdperettline
700 3144 801 3214 ipsum
817 3145 946 3218 quadra·
1000 3163 1039 3203 no
1063 3150 1219 3218 emptione,
1234 3151 1277 3205 ita
1292 3165 1323 3204 se
1337 3150 1445 3218 reperit
1461 3151 1651 3219 incolumen,
1662 3166 1698 3206 ac
1713 3165 1738 3206 n
1752 3151 1830 3207 nibil

113 3231 199 3301 ginta
214 3231 273 3287 tere
286 3232 476 3288 monasteriis
497 3231 948 3304 preelectumluisseidemauc-
1001 3238 1190 3307 aptitudinis
1215 3239 1416 3306 persensisset.
1439 3239 1615 3307 Saccumum
1640 3239 1742 3310 itaque
1770 3239 1832 3295 tau

113 3326 162 3376 tor
171 3319 285 3389 assent,
301 3337 432 3394 qnorum
447 3321 590 3394 pleraque
606 3321 947 3396 chronographusBeni·
998 3331 1140 3394 parentes
1148 3341 1247 3395 suurn,
1259 3327 1295 3394 fit
1307 3325 1442 3382 omnibus
1455 3341 1610 3383 commune
1620 3327 1776 3396 pendium.

114 3410 246 3480 gainam
272 3414 416 3478 recenset,
446 3403 579 3467 videlicet
597 3417 705 3484 praeter
731 3413 947 3484 benignianum
1037 3419 1063 3468 5.
1081 3414 1180 3471 Sancti
1194 3412 1341 3469 Goillelmi
1354 3430 1463 3487 corpus
1478 3413 1509 3470 in
1521 3415 1629 3486 majori
1645 3414 1833 3472 liecamoen-

113 3499 228 3572 dequo
244 3499 313 3568 agit,
329 3498 531 3570 verziacense,
561 3501 723 3565 besuense,
751 3504 945 3568 Reomaense,
1002 3500 1026 3557 si
1041 3501 1164 3558 basilica
1173 3503 1353 3558 tumulatum
1366 3507 1421 3573 est,
1436 3504 1467 3558 in
1480 3507 1638 3572 conspectu
1649 3505 1783 3560 euntium
1795 3517 1831 3562 ae

113 3587 353 3651 tornodorense,
381 3588 580 3660 ltelnndense,
611 3589 709 3646 Sancti
733 3591 846 3646 arnulfi
878 3595 946 3649 ltet-
1002 3591 1188 3646 redeuntium
1203 3593 1349 3660 fratrum,
1376 3590 1472 3663 inquit
1488 3591 1561 3647 Vitae
1576 3597 1690 3661 auctor,
1709 3593 1767 3650 boc
1788 3597 1833 3650 est

113 3680 210 3742 tense,
243 3677 324 3734 Santi
353 3677 424 3750 Apri
452 3677 596 3746 Tullense,
624 3678 791 3749 Gorziense,
816 3681 947 3738 lissam·
1001 3684 1069 3736 ante
1096 3681 1191 3738 sancti
1216 3680 1335 3738 Taurini
1359 3681 1546 3738 Ebroicensis
1572 3683 1705 3756 episcopi
1727 3683 1830 3754 altare,

113 3781 220 3834 nense,
236 3765 447 3836 Gemeticense,
461 3767 557 3823 sancti
567 3767 704 3824 Andoeni
716 3771 946 3841 Rotomagense,
1000 3769 1085 3842 qnod
1098 3769 1188 3826 hodic
1203 3770 1297 3827 sancti
1312 3773 1342 3826 P.
1359 3771 1510 3826 Benedicti
1525 3771 1702 3842 appellatur.
1718 3775 1759 3828 Ex
1773 3773 1832 3829 hoo

113 3855 192 3911 santi
210 3855 357 3912 llichaelis
382 3857 413 3912 in
443 3861 545 3913 monte
560 3857 685 3925 Tumba,
710 3860 810 3915 Sancti
825 3862 947 3918 Feronia
1001 3858 1181 3914 aubemloco
1196 3858 1391 3930 postmodnm
1417 3858 1448 3912 in
1462 3856 1607 3912 sacellum
1621 3857 1715 3913 beate
1736 3859 1832 3914 iterim

112 3943 274 4014 nerdense,
288 3945 388 4002 Sancti
399 3946 537 4002 Germani
552 3945 724 4014 parisiense,
742 3951 947 4006 l'ructuarien·
1001 3946 1182 4015 negdalenae
1198 3961 1317 4002 sacrum
1331 3945 1405 4018 (qno
1419 3949 1554 4015 tempore
1569 3960 1668 4014 quave
1691 3944 1729 4000 de
1741 3959 1834 4002 cansa

111 4050 156 4100 se,
172 4035 272 4091 Szincti
287 4035 436 4092 Amatoris
448 4051 543 4108 prope
570 4035 728 4105 Lingonas,
753 4039 868 4094 Sancta
888 4042 947 4096 lta·
999 4034 1165 4105 ignoratur)
1181 4033 1221 4090 ad
1233 4033 1311 4090 latus
1330 4031 1484 4102 Evangelii
1506 4031 1686 4088 uanslatum
1712 4037 1766 4102 est,
1780 4032 1833 4090 abl

111 4123 166 4180 riae
180 4139 276 4196 pmpe
303 4123 626 4194 Saxonicum-fontem,
645 4124 756 4196 quibus
778 4127 862 4183 addit
882 4128 948 4184 Gla-
1000 4123 1151 4196 hodieque
1162 4122 1194 4177 in
1207 4119 1396 4192 sarcophago
1410 4118 1541 4192 lapideo,
1557 4123 1615 4178 tres
1630 4120 1722 4194 pedes
1741 4120 1833 4195 longo

112 4213 169 4268 ber
185 4213 402 4270 resonasterium
424 4215 524 4271 Sancti
539 4213 689 4270 Saturnini
713 4215 753 4271 ad
768 4217 946 4274 Rhodanum
1002 4229 1037 4270 ac
1051 4227 1160 4268 novem
1176 4209 1297 4284 pollices
1312 4208 1383 4280 lato,
1399 4210 1477 4266 intra
1492 4209 1613 4283 parietis
1628 4225 1781 4270 cameram
1794 4213 1834 4271 ad

113 4301 253 4370 fluvium,
273 4302 357 4376 qnod
371 4303 463 4360 modo
477 4303 508 4360 in
535 4303 701 4377 prioratum
722 4305 877 4363 redactum
892 4311 944 4375 esi,
964 4337 988 4392 Ι)
1004 4301 1236 4376 septentrionem
1250 4299 1401 4355 inclusum
1428 4304 1611 4370 asservatur,
1632 4318 1702 4358 cnm
1716 4303 1774 4360 hac
1802 4303 1834 4360 in

112 4391 299 4448 monaterio
314 4392 560 4449 ambroniacensi
571 4394 749 4466 subjectum.
776 4397 950 4454 Dehisom.
1002 4389 1118 4466 plumbi
1143 4388 1258 4445 lamina
1286 4387 1487 4462 iss⁸0lipfi⁰¹¹0s
1513 4405 1580 4462 (11¹ae
1607 4405 1688 4448 flssssO
1702 4395 1770 4449 ¹6³8
1784 4390 1834 4448 de·

113 4477 208 4534 nibus
223 4480 348 4538 seorsim
376 4496 465 4552 agere
484 4497 547 4538 non
574 4488 672 4550 vacat,
693 4488 724 4540 at
749 4483 787 4540 de
809 4489 949 4545 Fructus·
1003 4484 1081 4538 tecla
1098 4483 1153 4536 0⁵²·

114 4565 218 4632 riensi,
244 4569 327 4642 quod
342 4569 422 4626 idem
448 4572 492 4626 vir
514 4575 635 4628 sanctus
658 4572 689 4627 in
719 4572 950 4647 lundopaterno

114 4655 261 4727 condidit,
286 4675 321 4716 ao
349 4659 388 4716 de
414 4659 627 4729 iiscamnensi,
648 4661 680 4717 in
700 4678 761 4734 qne
791 4663 950 4722 defunctus

115 4749 172 4812 est,
199 4745 344 4802 nonnulla
363 4745 541 4818 subjicimus
564 4766 601 4805 ex
624 4750 801 4807 corumdem
815 4751 951 4811 locorum

115 4835 332 4891 monumentis.
368 4838 408 4892 lie
436 4837 623 4907 benigniano
654 4855 727 4896 vero
756 4846 784 4896 et
810 4839 953 4900 Besnensi

115 4922 309 4996 potissimum
335 4924 480 4999 scripsere
509 4927 731 5002 chronographi
744 4931 869 4988 istorum
889 4949 952 4990 mo·

116 5013 329 5085 omanorum,
354 5031 485 5088 quorum
512 5023 652 5092 excerpta
679 5019 803 5077 inienm
822 5023 955 5096 protere-

117 5118 197 5159 mus.

1057 4661 1201 4718 Abbotcm
1213 4661 1337 4730 plenum
1352 4661 1445 4716 lector
1459 4673 1600 4730 coenosae
1609 4658 1726 4714 dierum

1093 4751 1219 4808 Nomine
1236 4750 1427 4815 willelmum,
1445 4749 1493 4804 liic
1500 4747 1644 4804 recubare
1658 4757 1765 4801 satem.

1060 4844 1119 4899 Iste
1134 4842 1192 4897 loci
1201 4841 1319 4910 primm
1325 4837 1634 4908 pastorprasulserot
1647 4834 1749 4904 liujus,

1096 4932 1159 4999 Qeuo
1170 4929 1275 4985 statuit
1290 4927 1398 4982 multos
1413 4925 1504 4981 dante
1518 4925 1578 4979 Deo
1591 4921 1762 4978 maumam.

1060 5023 1135 5077 tani
1145 5019 1246 5088 prima
1260 5017 1320 5072 dies
1335 5016 1442 5071 anime
1456 5011 1653 5069 nouarlaruit
1663 5013 1738 5080 ejus

1098 5109 1155 5166 Cui
1167 5119 1245 5163 riona
1258 5104 1425 5162 tanatem
1439 5101 1526 5158 obuia
1538 5104 1601 5156 tota
1610 5099 1682 5170 suit.

493 5287 564 5373 DE
612 5267 967 5380 MONasTnulo
1009 5279 1453 5378 FRUCTUARIENSI

708 5413 732 5468 b
751 5415 863 5473 ΒΕΑΤΟ
884 5416 1070 5476 WtLLEleO
1089 5408 1251 5470 counito.

866 5521 1086 5539 ψ

155 5569 182 5621 l.
197 5565 274 5621 Cam
288 5564 338 5622 vix
353 5563 466 5639 aliquid
480 5563 518 5620 de
533 5563 750 5620 Fructuariensi
765 5565 948 5621 monasterio
1001 5561 1158 5637 tnmapud
1165 5559 1431 5632 chronographum
1445 5557 1781 5630 nemesianumsisum
1792 5561 1837 5616 est

9 5708 13 5742 ;
118 5653 758 5716 habummmtnuaoosnstmlsolsrrc
769 5653 950 5728 conscripta,
1005 5650 1260 5730 biopantolmias
1272 5651 1311 5708 de
1330 5661 1368 5708 co
1381 5659 1481 5722 agero,
1495 5651 1656 5708 cumbam
1668 5647 1836 5706 bubuteu-
