3998 6176
154 109 204 164 rer
484 157 486 162 .
615 67 621 74 ⁶
787 109 969 169 assuerus
988 115 1035 170 nn
1054 117 1228 206 uererer.
1498 85 1500 90 ’
1609 124 1612 132 “
1810 126 1862 180 sse
1963 168 1969 175 .

145 227 293 286 bedientia
306 227 387 284 enim
401 227 573 288 obedientia
592 237 805 302 commutatur,
833 233 909 292 fides
919 251 974 310 pro
992 243 1016 296 A
1028 239 1205 314 integritatis
1218 244 1403 317 dignitatem.
1421 249 1495 304 Nem
1517 246 1570 321 qui
1583 251 1671 318 terra,
1684 245 1760 304 mari
1772 225 1863 304 coelo‘

144 317 270 394 perfidia
283 322 506 392 compensatur.
526 321 701 392 Letaigitur
714 323 804 381 lieria
819 328 916 395 gestat
932 324 976 381 in·
1029 347 1089 403 que
1101 349 1163 390 non
1178 334 1303 409 capitur,
1323 335 1401 393 intra
1416 337 1505 392 unius
1530 336 1700 410 corpusculi
1722 335 1861 392 membre

143 407 265 476 tanum,
281 407 418 464 exultans
434 409 623 484 amplexatur
647 411 754 482 filium,
770 418 870 486 portat
883 431 901 472 a
913 430 975 489 que
1030 421 1198 495 suscipitur.
1216 427 1282 481 llere
1297 430 1342 482 est
1356 425 1406 482 illa
1420 426 1538 482 novitas
1552 425 1686 482 teremiuc
1706 426 1859 500 propbetas

140 496 327 571 portabatur.
343 500 401 554 Nec
414 497 548 569 fortuitu,
565 505 598 557 ut
611 501 731 572 fingunt
746 502 915 576 Sabelliani,
928 521 974 562 re-
1029 509 1167 569 vaticinio
1199 512 1419 585 praenuntiata:
1446 514 1559 581 Faciet,
1585 513 1690 587 inquit,
1715 515 1860 570 Donrinus

140 585 218 658 perit
229 585 391 660 parvulum
404 605 411 656 ;
426 587 479 643 sed
493 587 627 646 decursis
639 605 749 648 novem
756 591 912 649 mensibus
926 609 976 668 pe·
1028 614 1137 656 neurim
1152 617 1242 672 super·
1257 607 1369 659 terram
1383 621 1389 671 ;
1405 603 1520 673 semina
1544 604 1740 660 circumdabit
1761 605 1858 660 etrum

138 674 218 748 perit
230 673 519 733 Christum.Plaudat
531 691 612 736 nunc
624 680 747 750 organis
757 680 886 751 blariaet
899 681 975 738 inter
1029 686 1147 756 (deren.
1163 704 1244 756 xxxi,
1255 691 1311 761 ti).
1341 689 1490 747 Diemina
1515 705 1604 762 super
1624 689 1751 746 feminas
1770 693 1860 746 bene-

138 761 260 821 veloces
270 763 411 822 articulos
435 768 582 840 tympana
602 783 757 842 puerperae
782 774 972 844 concrepent.
1027 771 1117 842 dicta,
1134 791 1200 848 quse
1213 775 1310 833 virum
1323 777 1447 834 omnino
1469 793 1531 834 non
1543 778 1635 846 nevit,
1652 778 1785 834 etvirum
1802 795 1858 834 suo

138 851 309 910 concinant
321 852 456 910 laetantes
482 855 576 928 chori,
593 861 623 914 et
640 857 857 916 alternantibus
868 858 975 916 modu·
1028 867 1112 920 utero
1127 865 1342 923 circumdedit!
1360 866 1531 924 circumdat
1542 867 1639 922 virum
1647 867 1737 925 ituria
1749 867 1857 938 angelo

134 939 172 997 lis
200 940 366 999 'dulcisona
391 942 527 1001 carmina
551 946 723 1003 misceatur.
753 947 860 1005 Audite
883 947 973 1019 igitur
1026 951 1118 1008 fidem
1133 953 1235 1010 dando
1252 955 1345 1029 3quia
1363 959 1424 1012 Eva
1451 955 1582 1029 perdidit
1601 956 1700 1012 virum
1727 945 1857 1031 serpenti

135 1030 400 1104 quemadmodum
426 1033 636 1108 tympanistria
663 1041 767 1094 nostra
785 1037 970 1096 cantaverit:
1026 1041 1252 1100 consentiendo.

134 1119 270 1177 aitenim
285 1137 292 1177 :
306 1122 483 1194 Mapnifieat
493 1125 595 1182 anina
610 1140 676 1185 mea
687 1128 865 1197 Dominum;
880 1133 908 1186 et
922 1143 972 1186 ee·
1061 1134 1088 1187 t.
1103 1133 1215 1204 Anpeti
1226 1133 1267 1190 ad
1294 1135 1424 1192 Mariam
1444 1125 1544 1192 uerba.
1560 1136 1667 1194 Maria
1691 1135 1857 1192 obedientia

133 1211 264 1268 saltarit
278 1212 403 1281 spiritus
417 1227 499 1270 meus
513 1214 545 1269 in
571 1216 632 1272 Dee
655 1217 788 1274 satutari
797 1231 861 1275 mee
874 1231 886 1288 ;
900 1232 972 1290 quia
1026 1223 1261 1278 commendatur.
1281 1222 1395 1280 Salutat
1409 1223 1534 1294 angelus
1559 1223 1693 1299 puellam
1712 1222 1767 1278 viri
1779 1221 1857 1279 salu·

132 1301 269 1370 respecti
283 1301 483 1358 humilitatem
504 1304 626 1360 aneilla
644 1321 706 1362 suae
720 1319 732 1376 ,·
745 1320 810 1363 erce
834 1306 911 1362 enim
934 1321 973 1364 ea
1025 1308 1144 1365 tationis
1159 1309 1297 1380 ignaram
1314 1329 1321 1376 ;
1338 1315 1464 1368 terretur
1489 1311 1578 1381 Virgo
1606 1311 1737 1368 novitate
1751 1311 1856 1366 verbo·

133 1387 192 1444 bec
215 1387 332 1445 beatam
346 1403 392 1445 me
407 1388 505 1446 dicent
529 1406 630 1448 omnes
655 1395 872 1464 perorationes.
894 1391 970 1460 Quia
1025 1413 1103 1452 rum.
1119 1397 1162 1454 Ad
1179 1415 1273 1471 quam
1286 1399 1422 1470 angelus,
1439 1404 1472 1456 ut
1500 1400 1637 1473 superius
1665 1399 1853 1472 protulimus,

128 1477 206 1547 feeit
221 1477 298 1534 mibi
309 1493 421 1549 mupna
436 1481 489 1551 qui
501 1485 606 1550 petens
621 1487 673 1538 est.
688 1484 785 1539 Causa
799 1480 889 1552 igitur
902 1483 970 1537 ten-
1024 1484 1098 1541 dixit
1114 1487 1177 1542 :Ne
1190 1488 1304 1553 timeas,
1328 1489 1430 1544 Maria
1444 1502 1455 1558 ,·
1470 1489 1612 1545 invenisti
1622 1490 1699 1544 eninr
1723 1489 1854 1559 pretium

130 1570 168 1621 uc
181 1565 393 1624 invalescentis
410 1566 517 1626 leetitiae
545 1574 609 1626 erat
635 1569 815 1626 miraculum
843 1585 966 1627 novum.
982 1599 1005 1652 B
1024 1573 1108 1643 apud
1121 1576 1291 1633 Dominum.
1308 1580 1348 1632 Ne
1362 1577 1501 1650 inquit‚a
1526 1582 1691 1652 conspectu
1704 1593 1783 1646 meo,
1799 1580 1855 1634 lla·

128 1657 234 1711 Novus
253 1656 349 1712 llariae
371 1660 476 1728 partus
502 1662 623 1730 partum
642 1660 710 1715 livre
734 1657 831 1732 evicit,
848 1663 877 1716 et
904 1662 970 1716 Evae
1024 1665 1068 1718 ter
1083 1663 1202 1720 Domini
1216 1666 1286 1734 mei,
1313 1665 1470 1722 terrearis:
1492 1682 1547 1738 ege
1567 1665 1770 1738 conceptionis
1797 1670 1853 1722 tuae

131 1740 292 1814 planctum
306 1743 402 1800 uana
414 1748 521 1801 cantus
536 1744 670 1802 exclusit.
1024 1751 1158 1809 minister
1170 1752 1287 1822 adveni,
1304 1769 1366 1809 nen
1386 1757 1418 1810 ut
1432 1753 1630 1824 virginitatem
1649 1755 1799 1812 amitteres
1811 1754 1854 1811 in·

168 1835 197 1887 3.
213 1833 325 1888 Mundi
334 1834 417 1890 sutus
427 1847 465 1889 ea
478 1834 585 1890 Maria
595 1831 718 1892 assensu
734 1836 852 1906 pendet.
868 1836 970 1892 Maria
1024 1841 1136 1898 terreni
1150 1860 1157 1910 ;
1171 1841 1235 1915 ipse
1249 1858 1298 1899 me
1308 1843 1389 1899 misit
1402 1843 1441 1900 ed
1455 1847 1493 1912 te,
1503 1843 1556 1915 qui
1571 1847 1615 1899 est
1633 1843 1802 1900 nesciturus
1817 1859 1854 1901 ex

132 1921 235 1977 Μαῖαν
251 1925 279 1978 et
293 1923 389 1994 sirpo.
404 1923 515 1992 Nupsit
525 1923 584 1994 ipsi
594 1925 666 1982 Dee.
676 1925 814 1982 decernite
821 1925 857 1982 de
868 1925 969 1982 Macte
1024 1932 1060 1986 te.
1075 1931 1229 2002 Cenctptcs
1240 1931 1321 1988 enim
1336 1938 1363 1989 et
1373 1933 1473 2002 paries
1486 1933 1584 2003 fitium
1598 1944 1611 2005 ,·
1625 1933 1853 2004 ncncujuslibet

129 2009 304 2080 propterte.
319 2009 452 2084 Denique
472 2015 541 2084 post
567 2009 645 2068 illius
668 2011 884 2069 benedictionis
895 2029 969 2086 prse-
1023 2019 1120 2076 meriti
1145 2020 1310 2090 bominem,
1340 2021 1394 2078 sed
1417 2021 1506 2078 totius
1529 2021 1629 2078 saeculi
1658 2020 1851 2080 salvatorem.

130 2098 265 2167 sagium,
281 2097 356 2154 dum
368 2099 456 2156 tacita
486 2115 591 2156 secum
605 2100 694 2171 Virgo
716 2101 825 2157 mentis
844 2101 968 2158 alterca—
1023 2108 1138 2180 Recole,
1154 2110 1252 2178 llaria,
1266 2109 1296 2167 in
1320 2110 1398 2167 libre
1413 2109 1674 2184 lsaiaeprophetre,
1706 2110 1852 2182 virginem

127 2186 213 2242 done
228 2185 413 2258 confligeret,
427 2187 526 2262 qualis
547 2194 625 2247 esset
638 2189 696 2247 ista
723 2189 871 2258 salutatio,
893 2207 969 2248 nun·
1021 2212 1115 2269 quam
1129 2199 1295 2272 parituram
1308 2199 1405 2270 legisti
1421 2200 1492 2271 (Isa.
1504 2217 1554 2269 vu,
1573 2199 1632 2271 lt);
1659 2199 1794 2270 etgeude
1808 2203 1851 2256 et-

127 2277 189 2332 tius
204 2276 324 2333 interim
338 2276 465 2334 coelestis
477 2279 651 2352 exsequitur
662 2281 767 2354 (Lucu)
781 2300 788 2338 :
802 2282 847 2338 Ne
853 2283 966 2353 timeas,
1020 2301 1080 2359 que
1095 2287 1221 2356 exsulta,
1235 2288 1308 2361 quia
1321 2293 1353 2345 tu
1369 2304 1434 2345 esse
1443 2288 1589 2345 meruisti.
1601 2291 1643 2344 Tu
1657 2287 1699 2345 ibi
1715 2288 1852 2362 praetigu-

124 2367 233 2424 Μανία
248 2386 256 2436 ;
270 2369 411 2426 invenisti
431 2371 563 2441 qratiam
584 2371 668 2441 apud
693 2373 862 2429 Dominum.
889 2373 968 2430 Ecce
1020 2379 1086 2432 rata
1098 2391 1130 2432 es
1144 2376 1242 2446 Virgo,
1259 2381 1291 2433 tu
1317 2393 1384 2434 ecee
1400 2377 1550 2450 concipies
1564 2378 1596 2433 in
1621 2380 1713 2446 utere,
1729 2394 1791 2434 nen
1813 2377 1850 2434 de

125 2457 280 2528 concipies
290 2459 322 2514 in
336 2463 421 2516 utero
435 2465 464 2516 et
473 2461 577 2530 paries
600 2461 709 2530 fitium,
724 2466 752 2519 et
773 2462 891 2518 vocabis
916 2477 967 2518 ne
1020 2465 1094 2536 viro,
1109 2465 1162 2522 sed
1172 2465 1210 2523 de
1222 2465 1331 2540 Spiritu
1346 2471 1449 2523 sancto
1465 2483 1471 2523 :
1498 2471 1527 2523 ct
1539 2466 1664 2536 gravida
1678 2465 1745 2535 eris,
1762 2471 1791 2524 et
1804 2466 1851 2524 in-

123 2562 198 2603 men
213 2549 280 2617 mers
292 2548 403 2605 desum.
417 2547 538 2606 stilla:
555 2549 715 2618 Quomodo,
739 2549 846 2624 inquit,
860 2552 911 2622 fiet
926 2552 965 2607 is-
1019 2559 1160 2627 corrupta
1188 2554 1390 2630 permanebis.
1419 2556 1519 2612 Perias
1546 2555 1669 2628 quidem
1692 2556 1799 2624 lilium,
1822 2562 1852 2615 et

124 2635 535 2707 ted‚queniameirumuen
548 2643 716 2710 cognosce?
739 2642 773 2696 ut
787 2639 913 2711 angelus
926 2640 965 2698 ad
1018 2642 1194 2714 virginitatis
1222 2660 1286 2700 non
1308 2643 1431 2717 patieris
1460 2642 1684 2699 detrimentum.
1711 2641 1850 2701 Efficieris

123 2741 198 2782 eam
212 2742 220 2780 z
234 2725 378 2797 Spiritus,
394 2726 445 2794 ait,
473 2733 595 2786 sanetus
621 2731 808 2800 superveniet
823 2730 855 2787 in
875 2735 913 2804 te,
937 2736 966 2787 et
1018 2733 1154 2806 gravida,
1168 2738 1197 2791 et
1209 2733 1266 2790 eris
1278 2737 1374 2791 mater
1386 2748 1505 2805 semper
1518 2732 1638 2789 intacta.
1655 2731 1766 2788 Senties
1776 2748 1850 2806 pon·

123 2816 229 2872 euius
251 2815 402 2874 ditissimi
428 2817 617 2876 obumbrabit
640 2819 720 2891 tibr,·
742 2819 865 2892 ideeqm
885 2820 965 2892 qued
1017 2823 1090 2880 dere
1104 2823 1225 2894 ventris,
1238 2823 1266 2880 ei
1277 2823 1426 2897 pudorem
1441 2836 1503 2878 non
1512 2821 1621 2895 perdes
1637 2821 1788 2879 castitatis.
1806 2825 1849 2879 ln-

123 2912 273 2964 naseetur
286 2921 325 2963 ea
337 2911 365 2963 te
376 2907 533 2978 Sanctum,
545 2909 702 2965 uocabitur
713 2909 811 2966 littus
822 2911 963 2968 Deitam
977 2954 998 3008 c
1017 2918 1184 2970 tumescent
1197 2913 1292 2970 ubera
1306 2919 1368 2982 tua,
1384 2917 1413 2970 et
1428 2912 1539 2969 intacta
1566 2915 1690 2968 manent
1708 2910 1850 2981 genitalia

122 2993 241 3051 audisti
253 2995 398 3068 quomedo
411 2998 462 3067 tiet
477 2996 542 3067 lior,
556 2997 707 3071 responde
720 3013 803 3055 nunc
817 2997 961 3069 verbum;
1017 3009 1078 3059 tua.
1094 3005 1131 3058 At
1144 3001 1194 3058 illa
1209 3001 1301 3060 dixit:
1318 3003 1396 3059 Dece
1411 3002 1527 3059 ancittu
1540 3001 1662 3057 Domini
1675 3015 1687 3056 .·
1706 3002 1762 3070 fiat
1774 3001 1850 3058 mibi

123 3089 157 3141 nt
172 3084 252 3159 quid
273 3085 401 3143 turbaris
412 3087 504 3144 modo
518 3087 661 3145 ‘tAudisti
675 3089 821 3160 quomode
832 3090 884 3160 fiet
897 3090 963 3162 boc,
1016 3091 1177 3150 seeundum
1194 3093 1316 3148 uerbum
1330 3096 1425 3147 tuum.
1440 3089 1542 3148 Olelix
1553 3089 1733 3158 obedientia,
1749 3090 1847 3147 einsi-

121 3173 199 3250 quia
212 3175 346 3246 Spiritus
358 3181 478 3233 sanctus
492 3179 680 3248 super-center
690 3180 722 3236 in
738 3183 776 3250 te,
791 3181 825 3235 ut
845 3178 961 3253 prolem
1017 3183 1083 3253 gnis
1094 3181 1201 3253 gratie,
1216 3197 1285 3254 quer
1303 3181 1378 3238 dum
1403 3181 1496 3238 tidem
1509 3180 1661 3237 humiliter
1674 3181 1765 3248 dedit,
1781 3181 1848 3238 eoeli

123 3265 247 3336 gignas,
268 3269 297 3322 et
309 3263 510 3336 virginitatem
521 3283 582 3324 non
596 3267 707 3341 perdas
724 3286 731 3324 ε
751 3266 847 3324 filium
862 3268 961 3341 prole·
1015 3271 1046 3326 in
1060 3286 1091 3327 se
1105 3271 1245 3344 opificem
1258 3270 1442 3344 corporavit!
1461 3268 1595 3343 lmplevit
1604 3269 1635 3325 in
1645 3285 1681 3326 ea
1693 3270 1846 3340 Dominus,

122 3369 185 3422 ras,
197 3357 309 3427 etpost
322 3357 445 3427 partum
459 3354 829 3430 incorruptapermaneas.
842 3357 962 3414 Obeata
1014 3359 1097 3434 quod
1112 3359 1228 3416 dudum
1239 3359 1435 3432 predixerat:
1453 3359 1655 3415 Obedientiam
1668 3359 1845 3430 malequam

122 3443 225 3508 baria,
241 3441 386 3500 saecvrlum
400 3459 491 3502 omne
505 3445 658 3518 captivum
672 3450 758 3503 tuum
784 3446 961 3521 deprecetur
1014 3449 1206 3518 sacrificium,
1221 3450 1417 3505 stertentium
1432 3449 1488 3504 Dei
1496 3448 1568 3516 ptus
1588 3462 1677 3518 quam
1693 3442 1851 3504 tretecautt'

123 3547 309 3590 assensum:
323 3537 360 3602 te,
375 3533 513 3602 Domina,
524 3533 727 3591 mundussuse
739 3534 809 3591 fidei
821 3534 959 3592 obsidem
1014 3536 1097 3609 (Osee
1109 3553 1148 3605 vr,
1163 3536 1201 3609 6).
1219 3539 1284 3593 llaec
1296 3536 1351 3593 luit
1363 3552 1434 3592 vera
1447 3533 1618 3592 obedientia
1634 3533 1718 3591 omni
1732 3534 1844 3591 sacrifi·

122 3620 270 3679 lecitlleli
280 3621 630 3695 morari,Virgo:nnntio
650 3623 822 3681 festinanter
832 3639 959 3698 respon·
1013 3625 1196 3696 degrader,
1219 3625 1284 3682 baec
1303 3623 1442 3682 veluntas
1469 3623 1583 3681 cuncus
1612 3623 1716 3680 hostiis
1741 3639 1845 3697 aecep-

122 3710 160 3767 de
173 3710 317 3782 verbum,
333 3714 361 3768 et
375 3710 494 3786 suscipe
507 3711 603 3769 filium
618 3731 626 3782 3
640 3711 682 3770 de
703 3711 806 3782 fidem,
834 3718 863 3771 et
884 3715 960 3772 senti
1013 3714 1070 3771 tier
1085 3731 1092 3783 3
1108 3714 1179 3772 hinc
1192 3713 1359 3788 promeruit
1372 3713 1509 3784 gloriam,
1524 3728 1619 3786 quem
1634 3712 1699 3786 ipsa
1712 3717 1844 3786 postmo

124 3797 277 3856 vbbrtem.
294 3800 382 3872 Ecce,
393 3800 501 3875 inquit,
512 3803 627 3859 encitte
655 3803 801 3860 Domini:
818 3804 874 3873 fiat
886 3803 962 3860 mibi
1012 3804 1087 3861 dum
1101 3803 1214 3878 plausit
1229 3823 1236 3862 :
1249 3804 1336 3871 Dece,
1350 3801 1399 3871 ait,
1415 3817 1454 3859 eu
1481 3801 1537 3858 trec
1557 3801 1672 3858 beatam
1687 3802 1844 3859 medicant

125 3889 289 3946 secundum
325 3891 446 3948 uerbum
470 3896 566 3948 tuum.
591 3894 649 3949 Nec
674 3907 771 3965 mera,
803 3891 960 3950 revertitur
1013 3909 1112 3950 omnes
1126 3894 1342 3964 praecationes.

127 3977 296 4048 canumet
307 3978 485 4050 virginalem
499 3979 668 4039 thalamum
682 3981 848 4052 ingreditur
862 3981 958 4040 Chris·
1048 3985 1074 4037 5.
1090 3981 1139 4037 Ad
1154 3982 1270 4038 beatem
1290 3980 1440 4050 Virpinem
1447 3977 1592 4048 precatio.
1605 3978 1627 4033 0
1639 3975 1730 4032 beata
1742 3975 1840 4045 Maria,

126 4067 183 4123 tus.
201 4065 332 4124 Ellicitur
347 4068 446 4126 subito
460 4085 623 4142 pregnans
637 4069 728 4127 beata
742 4071 794 4128 Dei
817 4071 956 4142 genitrix,
1012 4069 1327 4143 quitibidignevaleat
1334 4069 1404 4140 jura
1414 4066 1579 4138 gratiarum
1589 4065 1757 4122 aelaudum
1767 4081 1842 4139 pree-

122 4159 151 4212 et
168 4161 280 4213 cuncta
294 4172 348 4230 per
362 4156 472 4214 saecula
484 4158 665 4231 predicatur
683 4158 753 4216 hine
780 4159 859 4217 felix.
883 4159 958 4217 Con·
1012 4159 1100 4217 conia
1107 4158 1363 4232 impenderamus
1371 4156 1515 4228 singulari
1526 4160 1577 4212 tuo
1588 4171 1713 4213 assensu
1725 4155 1841 4214 munde

121 4246 199 4318 cepit
213 4261 288 4302 mex
315 4246 354 4303 ad
379 4246 585 4304 credulitatem
609 4248 704 4318 verbi,
733 4249 825 4306 virilis
851 4249 958 4320 ignara
1012 4248 1183 4305 succurristi
1193 4247 1309 4321 perdito
1323 4248 1337 4304 ‘t
1352 4249 1432 4314 Quas
1448 4245 1501 4303 tibi
1514 4245 1620 4302 laudes
1631 4245 1775 4316 fragilitas
1786 4245 1841 4301 bu-

121 4334 265 4390 consortii
279 4351 286 4390 ε
302 4333 442 4408 impletur
456 4339 557 4392 uterus
573 4336 655 4394 nulle
669 4337 805 4396 humano
823 4338 956 4413 pollutus
971 4308 993 4362 ⁰
1013 4337 1095 4394 mani
1106 4337 1223 4407 generis
1234 4335 1395 4410 persolvat,
1411 4351 1479 4409 quse
1509 4335 1572 4393 sole
1587 4339 1639 4392 tue
1659 4335 1840 4392 commercio

120 4423 276 4498 amplexu.
293 4427 394 4482 Exstat
411 4424 513 4500 itaque
527 4426 615 4499 virgo
630 4444 699 4484 cum
712 4427 851 4502 concipit,
871 4428 957 4500 virge
1010 4425 1209 4500 recuperandi
1224 4425 1340 4483 aditum
1354 4425 1468 4482 invenit
1481 4425 1495 4481 ‘t
1508 4425 1617 4498 Accipe
1637 4424 1736 4497 itaque
1749 4439 1841 4496 quas·
1883 4463 1887 4466 -

120 4513 258 4586 gravida,
275 4515 360 4586 virge
379 4531 449 4572 eum
464 4515 552 4588 parit,
576 4521 606 4573 et
619 4517 705 4588 virgo
727 4521 798 4592 post
824 4523 954 4592 partum.
1011 4532 1130 4590 cunque
1145 4515 1246 4587 exiles,
1271 4531 1470 4589 quascunque
1499 4513 1611 4572 meritis
1630 4513 1688 4570 tuis
1708 4512 1838 4584 impares

121 4603 269 4662 Praeclara
283 4619 355 4676 ergo
369 4604 420 4661 illa
449 4603 637 4676 virginitatis,
665 4611 694 4664 et
708 4606 838 4678 gloriosa
856 4607 957 4664 tecun·
1010 4606 1175 4679 gratiarnm
1186 4608 1336 4665 actiones:
1353 4610 1382 4663 et
1393 4623 1463 4664 cum
1471 4602 1637 4678 susceperis
1652 4600 1838 4699 vota,culpas

119 4691 209 4751 ditas.
222 4692 357 4751 Exsultat
370 4695 471 4765 llaria,
487 4699 515 4752 et
527 4700 655 4753 matrem
677 4712 710 4754 se
728 4696 797 4754 lata
819 4696 953 4767 miratur,
1009 4701 1128 4755 nostras
1142 4695 1259 4753 orande
1274 4711 1395 4752 excusa.
1406 4693 1535 4752 Admitte
1548 4695 1666 4748 nostras
1680 4704 1783 4786 preces
1795 4705 1839 4746 rn-

119 4787 148 4840 et
160 4781 199 4840 de
212 4783 324 4856 Spiritu
338 4788 442 4842 sancto
455 4801 487 4841 sc
500 4785 653 4860 peperisse
666 4785 778 4858 gaudet
793 4805 800 4844 :
814 4802 869 4844 nee
883 4786 956 4860 quia
1009 4789 1055 4845 tra
1069 4785 1234 4844 sacrarium
1250 4783 1457 4852 exauditionis,
1485 4783 1605 4854 reporta
1625 4777 1713 4834 nobis
1723 4775 1837 4832 antido

119 4873 236 4947 peperit
245 4872 362 4948 inepta,
386 4877 530 4945 terretur;
547 4875 600 4931 sed
625 4875 697 4949 quia
715 4876 871 4948 gemuerit,
884 4892 980 4933 eum·
1008 4879 1073 4934 tum
1085 4873 1343 4934 reconciliationis.
1373 4872 1415 4930 Sit
1440 4885 1493 4944 per
1516 4873 1543 4926 te
1558 4864 1729 4924 excusabile
1752 4863 1836 4939 quod

119 4961 319 5020 exsultatione
341 4962 476 5022 miratur.
507 4965 698 5022 Gaudeamus
728 4982 800 5037 ergo
826 4971 855 5023 et
885 4981 953 5037 nos,
1006 4981 1061 5039 per
1069 4969 1097 5022 te
1107 4964 1272 5036 ingerimus
1288 4980 1295 5018 ε
1311 4961 1365 5021 fiat
1377 4957 1563 5034 impetrabile
1577 4953 1835 5029 quodtidamente

119 5049 237 5123 babes,
250 5051 282 5108 in
294 5051 342 5108 die
361 5057 450 5110 untes
473 5053 611 5124 Virginis,
638 5069 706 5127 quae
727 5055 801 5112 dum
825 5054 954 5130 despon·
1007 5052 1170 5126 poscimus.
1190 5050 1298 5125 Accipe
1311 5048 1395 5123 qued
1421 5045 1585 5112 oderimus,
1618 5042 1731 5100 redona
1751 5042 1834 5116 quod

119 5145 236 5198 seretur
251 5139 351 5213 labro,
366 5141 433 5199 coeli
446 5141 550 5216 nupsit
573 5141 744 5200 architecte.
772 5143 953 5200 promititur
1007 5157 1169 5214 rogamus;
1185 5153 1297 5198 excusa
1314 5135 1398 5212 qued
1409 5135 1556 5192 timemus.
1573 5132 1661 5206 (Quia
1673 5137 1704 5188 tu
1719 5146 1833 5232 cespes

119 5230 199 5287 enim
214 5229 243 5288 ci
253 5229 335 5287 finus
347 5247 401 5304 per
413 5231 613 5288 visitationem
624 5231 719 5289 sanati
734 5232 868 5306 Spiritus.
884 5235 952 5290 llaec
1006 5230 1095 5287 unica
1108 5234 1311 5303 peecatorum,
1322 5241 1376 5300 per
1397 5227 1425 5281 te
1440 5237 1597 5296 speremus
1608 5221 1728 5280 veniam
1742 5220 1833 5278 debc-

119 5317 167 5375 illn
181 5319 312 5376 audiens
326 5319 447 5390 gaudet,
471 5320 613 5393 cupitque
637 5319 714 5378 effici
740 5325 846 5380 mater.
873 5321 951 5388 Quid
1005 5321 1105 5375 terum
1122 5336 1129 5387 ;
1145 5316 1217 5373 etin
1232 5320 1269 5387 tc,
1285 5313 1671 5382 beatissima,·nestrerum
1699 5314 1743 5368 est
1769 5325 1833 5367 exs

118 5406 207 5478 igitur
221 5407 346 5476 mirum,
360 5407 387 5463 si
401 5407 465 5464 sine
477 5407 668 5482 corruptione
689 5410 830 5482 nascitur,
844 5410 898 5484 qui
911 5409 950 5466 dc
1004 5406 1132 5484 pectatio
1142 5402 1357 5480 praemiorum.)
1374 5403 1482 5460 Sancta
1496 5401 1595 5469 liaria,
1605 5417 1728 5458 succure
1743 5398 1833 5455 mise-

119 5495 354 5554 sanctifieetiene
374 5496 541 5571 concipitur
557 5515 563 5554 :
588 5497 741 5555 nonenim
768 5499 895 5557 decebat
918 5502 951 5556 ut
1003 5498 1056 5572 ris,
1066 5498 1141 5571 juva
1156 5493 1372 5570 pusillanimes,
1387 5491 1488 5548 reiove
1500 5490 1624 5559 flebiles,
1639 5505 1692 5546 ora
1706 5505 1762 5563 pro
1780 5503 1834 5561 po

118 5583 165 5644 ille
176 5585 232 5660 qui
247 5583 336 5644 nobis
350 5584 496 5646 afferebat
510 5586 648 5657 salutem,
663 5585 752 5646 matri
777 5590 950 5664 preriperet
1003 5587 1087 5661 pulo,
1103 5583 1248 5644 interveni
1261 5598 1317 5657 pro
1332 5581 1411 5640 clere
1424 5580 1571 5639 intercede
1585 5595 1641 5654 pro
1658 5579 1765 5636 devoto
1791 5574 1804 5631 i
1821 5606 1832 5617 -
