3996 6186
180 203 232 257 687
663 193 817 250 DUDONIS
836 192 964 248 uncant
983 191 1010 245 S.
1032 189 1187 257 QUINTlNl
1205 191 1399 252 vruonann.
1631 235 1637 242 .
1839 199 1889 253 ggg

216 327 248 380 ln
263 320 381 392 magnis
395 323 551 373 iterator
566 316 699 374 maxima
711 317 784 374 dum
801 320 925 387 vegetat.
1022 327 1045 380 Α
1060 329 1225 390 eorumque
1239 317 1370 389 insignia
1379 317 1468 375 bonis
1482 316 1696 375 intentionibus
1725 315 1837 377 sedulo
1850 320 1891 376 in·

181 412 227 469 Sic
241 410 370 480 magnis,
381 407 498 475 mediis,
509 407 611 481 parvis
621 411 728 481 praeest
740 421 862 481 quoque
877 418 1005 477 semper,

215 504 280 573 lpse
294 496 467 554 individuus
483 501 561 553 totus
572 496 684 570 ubique
697 513 792 552 mens.

178 595 225 643 llN
233 591 332 640 Arxnt
341 590 454 639 ΜΕΣΟΝ
460 591 507 638 ΩΝ
517 590 847 657 TEAOthN...,qu0que
858 587 1006 651 llrlN'l'le,

216 679 257 733 Ex
269 675 335 749 ipso
349 674 493 748 quoniam
508 674 610 731 omnia
624 690 753 748 quasque
764 673 875 744 vigent.

179 770 283 841 ipsum
291 760 1006 836 nPltTOTtssoNnihilumproteantur'eumdem,

216 857 251 912 Ut
265 859 398 928 stupeas,
424 852 526 920 lector,
547 851 726 908 catholicum
746 851 803 907 hoc
822 863 1005 906 memorans.

180 941 463 1019 imcomprensibilis
475 944 584 996 natura
601 939 685 1012 quod
698 939 779 1009 viget
792 939 885 1008 omni,

216 1035 405 1104 Exsuperans
419 1030 508 1102 plane
523 1034 653 1081 ΝΟΕΡΟΣ
672 1031 763 1101 atque
773 1032 892 1083 ΛΟΓΟΣ.

180 1121 236 1189 Qui
246 1121 320 1177 dum
333 1135 395 1175 non
414 1117 475 1173 ullo
490 1116 615 1190 eapitur,
630 1117 704 1172 nibil
717 1116 781 1190 ipse
793 1120 924 1172 vocatur.

214 1214 251 1266 At
264 1209 402 1281 quotiens
417 1210 510 1280 paret,
527 1205 643 1261 ecce...'
656 1211 844 1260 driostunt.

180 1301 221 1355 lix
233 1297 327 1354 nihilo
341 1296 373 1352 in
387 1295 533 1368 quiddam
549 1310 668 1366 semper
690 1310 875 1350 succrescere
903 1293 1005 1362 fertur,

216 1387 356 1446 Scribnnt
367 1387 424 1442 hoc
438 1384 531 1441 nihilo
547 1389 654 1442 cuncta
667 1388 767 1441 creata
781 1383 880 1440 simul.

179 1476 253 1534 ilinc
268 1479 321 1543 est,
337 1475 420 1548 quod
433 1473 562 1531 enebrae
574 1473 731 1542 vocitatur,
759 1473 866 1530 dicitur
891 1477 980 1546 atque
996 1491 1003 1530 ε

215 1569 426 1620 ΨΛΑΣΜΙΣΤΗΣ
443 1563 553 1620 etenim
569 1562 611 1618 sic
626 1579 710 1620 sacer
723 1560 861 1619 intonuit.

181 1656 261 1715 Sicut
275 1658 344 1711 sunt
358 1655 423 1726 ejus
438 1651 577 1722 tenebra,
594 1651 634 1708 sic
649 1652 751 1708 lumen
767 1656 795 1708 et
809 1651 885 1723 ejus,

215 1747 265 1802 Est
277 1742 412 1816 reprobis
427 1742 557 1798 tenebrae
571 1739 674 1797 lumen
689 1742 792 1814 etipse
806 1740 919 1814 probis.

179 1837 254 1893 Cum
265 1849 298 1890 se
312 1832 354 1888 sio
368 1830 500 1887 habeant
511 1829 574 1886 veri
586 1830 702 1901 digesta
714 1829 838 1898 fluenta,

214 1923 294 1981 Ultro
309 1920 462 1994 concipias
477 1935 545 1976 ecce
559 1935 681 1976 necesse
696 1919 809 1976 subest.

178 2012 270 2071 Nullis
283 2027 340 2068 nos
355 2008 475 2078 aminis,
491 2008 634 2083 nulloque
650 2009 750 2082 lepore
761 2008 892 2082 superbi,

213 2101 362 2159 Praeliuire
377 2103 436 2156 lieo
448 2098 549 2169 judice
562 2097 635 2171 quid
648 2097 815 2170 proprium,
938 2097 1004 2170 [fas.

178 2195 235 2249 Nec
247 2195 423 2264 promptum
436 2188 589 2260 cuiquam,
603 2202 656 2243 nec
667 2186 793 2257 dignum
805 2187 1005 2260 pandere,nec
1060 2189 1252 2260 benignitatis
1267 2189 1405 2246 marchio
1426 2189 1659 2258 famosissimus,
1687 2191 1886 2262 insignissimo
1974 2207 1975 2238 r

214 2279 296 2349 Quis,
308 2277 417 2351 qualis,
430 2281 562 2350 quantus
577 2281 695 2329 ΚΥΡΙΟΣ
713 2275 737 2331 is
748 2279 870 2332 maneat

178 2367 300 2438 nignius
311 2371 407 2436 oratu,
421 2365 599 2439 meliusque,
612 2365 812 2440 propinquius
827 2369 917 2438 atque

214 2457 299 2512 Hunc
314 2461 414 2512 nectes
426 2454 538 2522 animo,
553 2471 647 2528 purus
660 2459 688 2511 et
701 2455 764 2528 ipse
780 2470 915 2510 manens.

178 2545 263 2606 Orari
277 2545 374 2602 verbis
389 2545 503 2602 devotis
514 2544 588 2614 vult,
605 2544 803 2619 placidisque,

214 2635 326 2707 Largiri
335 2634 438 2702 facilis,
453 2633 557 2690 cedere
564 2638 722 2706 promptus
735 2633 830 2689 adest.

176 2727 226 2782 llis
239 2740 310 2796 crgo
324 2723 455 2780 modulis
466 2722 621 2778 credendis
631 2721 854 2794 veridiscisque,

211 2813 382 2888 Ampleotor
396 2812 481 2880 votis,
498 2810 646 2868 continuis
659 2809 807 2884 precibus.

176 2903 345 2974 lngenitum
356 2905 472 2958 Patrem
487 2916 566 2970 vere,
583 2899 722 2957 Sobolem
738 2898 940 2971 genitamque,

1060 401 1228 462 sistentium
1243 421 1337 480 opera
1347 406 1497 482 praecipue
1511 405 1704 463 omnifariam
1719 408 1889 480 praedigna,

1060 507 1181 550 cassum
1195 499 1240 552 est
1255 495 1413 563 silentiare,
1429 495 1504 568 quin
1518 500 1679 552 exarentur
1696 502 1793 569 prout
1806 513 1890 570 posse

1061 579 1209 639 elucidata
1225 589 1394 658 :qnatenus
1408 585 1633 641 succedentium
1647 585 1808 642 memorias
1830 587 1890 660 api-

1060 669 1145 726 cibus
1159 673 1325 744 enucleata,
1339 673 1502 731 informent
1515 678 1545 730 et
1557 674 1706 732 instruant
1719 674 1762 732 ad
1787 675 1891 732 melius

1060 760 1178 818 animos
1197 761 1282 835 fruge
1297 763 1458 832 salutifera,
1474 768 1553 819 etex
1566 763 1613 820 his
1628 763 1728 820 solerti
1759 765 1892 821 conami-

1059 865 1097 907 ne
1111 851 1273 909 metiantur
1286 853 1379 910 vitam
1394 854 1562 922 honestam,
1577 857 1667 926 atque
1682 853 1777 925 hujus
1788 871 1891 927 specu·

1059 939 1178 997 lationis
1202 943 1340 1017 exemplo
1368 942 1537 999 beatitudo·
1554 942 1728 1016 acquiratur
1772 944 1892 1002 feliciter

1060 1033 1180 1086 aeterna.
1196 1032 1342 1098 Quocirca
1354 1031 1563 1102 benignissimi
1586 1031 1672 1088 ducis
1695 1033 1841 1090 Richardi
1855 1033 1890 1091 vi

1061 1121 1122 1174 tam
1135 1121 1358 1190 aggrediamur,
1373 1121 1479 1177 hebete
1492 1121 1560 1178 licet
1574 1121 1663 1194 stylo,
1677 1122 1730 1196 qui
1746 1122 1780 1178 in
1797 1139 1891 1180 sacro

1061 1213 1154 1264 santes
1166 1209 1301 1267 Ecclesiae
1316 1215 1402 1283 prato
1422 1211 1522 1267 floruit
1546 1211 1708 1284 praedignis
1737 1211 1890 1286 operibus,

1060 1297 1195 1355 emicans
1207 1303 1240 1355 ut
1254 1299 1337 1356 sidus
1353 1298 1384 1355 in
1411 1299 1496 1356 coelo.
1524 1301 1657 1356 Donetur
1681 1300 1776 1357 nobis
1806 1301 1890 1358 etiam

1060 1385 1125 1457 ejus
1139 1387 1251 1444 meritis
1260 1388 1353 1445 vitam
1362 1388 1440 1445 illius
1452 1392 1621 1446 reverenter
1634 1389 1799 1464 propalare
1817 1408 1824 1460 ;
1845 1389 1891 1464 qui

1061 1491 1181 1532 summa
1206 1477 1380 1546 reverentia,
1409 1493 1613 1551 summunque
1635 1477 1728 1534 decus
1758 1477 1890 1535 Ecclesia

1060 1564 1176 1622 exstitit.
1195 1567 1229 1622 Ut
1244 1566 1329 1637 cujus
1343 1565 1441 1622 tutelae
1451 1571 1481 1622 et
1491 1565 1630 1622 beneficii
1643 1566 1808 1624 salubriter
1821 1567 1891 1624 fruc·

1021 1677 1040 1731 g
1060 1653 1170 1710 bamur
1182 1654 1349 1728 patrocinio
1363 1653 1395 1710 in
1409 1654 1505 1722 terris,
1519 1655 1590 1726 ejus
1596 1655 1737 1728 precibus
1751 1661 1782 1712 et
1809 1655 1890 1712 meri-

1061 1743 1098 1798 tis
1113 1748 1309 1844 protegamur
1324 1743 1547 1800 defensabiliter
1558 1743 1598 1801 ab
1613 1744 1889 1819 importunitatibus

1061 1838 1460 1994 ⁰¹¹1¹¹g⁰i¹1franaamsa
1486 1921 1652 1979 bichardus
1675 1922 1739 1979 dux
1769 1922 1888 1994 insignis

1060 2011 1214 2068 memoria
1233 2011 1533 2084 prepotentissimus,
1556 2016 1728 2086 sanctaeque
1754 2013 1887 2070 recorda·
1971 2024 1974 2067 t

1061 2101 1148 2157 tionis
1162 2101 1306 2174 patricius
1320 2100 1531 2169 nitidissimus,
1547 2105 1637 2174 atque
1652 2103 1887 2159 rememorandas

1060 2279 1218 2336 luculenter
1233 2284 1263 2336 et
1276 2279 1471 2336 nobilissima
1486 2279 1635 2352 prosapiae
1663 2279 1780 2337 semine
1807 2296 1884 2338 eror-
1946 2299 1949 2306 ·

1060 2370 1118 2435 tus,
1133 2382 1196 2439 qua
1210 2366 1332 2436 Belgica
1346 2367 1476 2423 Francia
1491 2366 1617 2423 extimos
1632 2367 1796 2440 exporrigit
1819 2373 1885 2424 trac·

1061 2459 1109 2512 tus
1122 2454 1215 2512 maris
1229 2454 1335 2512 affines
1350 2453 1499 2512 Calcensis
1511 2469 1622 2528 pagus,
1638 2455 1777 2512 Fiscanni
1803 2455 1883 2513 castri

1060 2544 1182 2614 muenia,
1212 2559 1343 2618 ruraque
1363 2543 1504 2615 genitalia
1533 2559 1619 2600 sacro
1642 2544 1803 2602 nativitatis
1825 2561 1880 2602 sue

1060 2634 1183 2690 exordio
1195 2633 1297 2690 beavit
1311 2632 1466 2689 oriundus.
1484 2633 1575 2703 Cujus
1590 2637 1716 2689 matrem
1731 2639 1814 2707 pater
1825 2635 1881 2690 dur

1060 2723 1221 2780 willelmus
1231 2727 1260 2780 et
1274 2726 1388 2794 martyr
1403 2721 1635 2792 gloriosissimus
1653 2721 1822 2780 felicissimo
1841 2722 1880 2796 pi·

1060 2828 1153 2884 gnore
1180 2811 1347 2886 gravidam,
1373 2826 1409 2866 ac
1432 2809 1574 2884 adoptivo
1595 2810 1749 2868 illustratas
1777 2813 1878 2869 sobolis
1975 2797 1976 2818 ¹

1060 2905 1149 2974 partu
1163 2905 1303 2974 expertus
1318 2899 1491 2970 fecundam,
1507 2899 1657 2956 transvehi
1680 2901 1748 2958 fecit
1771 2901 1877 2958 decenti

211 2995 344 3049 Pneurna
356 2989 395 3047 ab
408 2995 534 3061 utroque
550 2989 647 3046 fluens
661 2989 762 3046 fomite
777 2988 924 3045 sensifico.
1018 3027 1039 3086 C
1060 2989 1214 3062 insigniter
1229 2989 1364 3063 equitatu
1377 2988 1416 3044 ad
1430 2987 1611 3045 liscannicae
1624 2989 1704 3046 sedis
1718 2989 1814 3046 aulam
1826 3009 1833 3046 :
1847 2993 1876 3045 ut

154 3081 285 3138 -Omnia
299 3080 347 3137 cni
360 3096 428 3154 qnae
441 3083 511 3136 sunt
524 3078 614 3149 digne
627 3079 805 3153 profitentur
819 3083 953 3150 ovanter,
1060 3079 1084 3135 si
1099 3080 1173 3136 forte
1188 3078 1301 3136 litulfus
1312 3079 1450 3136 omniurn
1475 3077 1646 3134 belluarum
1666 3079 1871 3136 crudelissimus

212 3173 246 3228 Et
256 3170 331 3242 regit
344 3169 471 3244 imperio
485 3185 575 3226 omne
591 3169 674 3242 quod
689 3173 733 3226 est
745 3169 876 3242 proprio.

174 3263 229 3318 ‘ler
243 3260 299 3318 tria
308 3276 400 3333 quem
414 3257 494 3315 calis
504 3257 687 3315 conlaudant
702 3257 825 3329 agmina
838 3273 966 3331 semper,

1058 3167 1300 3225 Northmanniooe
1326 3165 1458 3236 regionis
1481 3165 1693 3224 monarchiam
1714 3183 1775 3223 cum
1809 3165 1864 3220 suis

1059 3256 1257 3330 complicibus
1297 3254 1354 3311 sibi
1396 3253 1569 3324 vindicaret,
1613 3261 1648 3314 nt
1684 3253 1868 3313 estimabatur

211 3353 306 3418 Quem
319 3349 478 3407 recolendo
489 3352 611 3417 canunt,
622 3364 713 3421 quem
722 3348 894 3404 venerando
902 3347 1005 3404 colunt
1056 3363 1095 3404 ne
1107 3363 1175 3403 eam
1189 3347 1316 3419 raperet,
1332 3344 1372 3401 ad
1393 3343 1505 3415 Anglos
1530 3345 1617 3403 citius
1636 3345 1870 3402 transfretaretur.

175 3442 269 3507 Quem
279 3438 517 3512 patriarcharum
544 3435 711 3506 clangendo
731 3441 825 3492 coetus
849 3436 1002 3503 inunum,

210 3526 385 3581 Exhilarans
399 3523 474 3580 odas
488 3522 618 3579 concinit
632 3523 716 3579 haud
731 3523 875 3579 modicas.

173 3611 298 3668 veridici
317 3616 400 3667 vates
412 3610 460 3665 cui
477 3614 621 3683 promunt
633 3614 764 3682 syrmate
778 3611 893 3679 laudes,

210 3699 355 3773 alloquiis
365 3698 457 3755 sacris
468 3714 536 3771 quoe
549 3697 681 3755 occinere
693 3698 803 3768 vigent.

174 3789 267 3856 Quem
283 3788 425 3845 duodena
438 3785 571 3861 phalanx
585 3785 753 3844 recolens...
769 3789 781 3817 *
795 3792 965 3861 veneratur,

209 3879 316 3938 Omnia
331 3878 504 3949 contemnit,
520 3881 610 3951 atque
623 3877 777 3950 sequendo
792 3877 870 3935 colit.

173 3972 268 4038 Quem
288 3969 406 4027 testium
425 3969 622 4025 innumerosa
635 3967 744 4024 cohors
760 3971 906 4024 aeternum
931 3985 1001 4026 con-

737 4056 819 4130 [cinit
831 4058 962 4132 hymnis.

208 4153 248 4206 Ac
257 4147 365 4220 jubilat
378 4152 512 4219 gratans,
523 4148 650 4204 verbera
664 4146 842 4222 despiciens.

171 4237 351 4310 Virginitatis
365 4253 452 4312 apex,
469 4253 504 4293 ex
518 4252 579 4309 qno
594 4235 743 4292 sumendo
758 4237 907 4294 decorem.

208 4327 373 4400 conspicue
385 4325 532 4394 modulat,
549 4325 672 4382 mirifice
687 4325 801 4382 reboat.

172 4418 267 4484 Quem
286 4416 395 4472 coelnm
411 4429 512 4487 supra,
532 4413 619 4470 tellus
635 4430 727 4487 quern
751 4414 856 4471 laudat
869 4419 899 4471 et
910 4414 998 4473 infra.

206 4508 337 4580 Quaeque
352 4505 499 4565 elementa
511 4503 653 4571 serviunt,
668 4504 749 4560 huno
764 4504 937 4560 venerando
952 4520 1000 4562 oo-

856 4593 944 4666 [lunt.

170 4682 258 4752 Quod
274 4686 364 4741 restat
392 4681 554 4756 siquidem,
581 4680 725 4754 quodque
749 4679 839 4737 instat
863 4681 1000 4738 conditor

338 4781 344 4790 ’
844 4769 962 4840 [almus

204 4862 326 4936 Respice
341 4859 498 4937 propitius,
514 4874 628 4933 quaeso,
644 4856 749 4915 favens
763 4857 913 4931 precibus.

167 4955 320 5009 Prescntes
330 4966 439 5023 operas
456 4949 603 5006 miserans
618 4962 776 5020 compone,
792 4962 961 5020 precamur,

203 5044 237 5099 Et
251 5056 358 5098 sensus
373 5039 518 5108 cumules
531 5053 644 5112 oraque
659 5037 827 5094 fructifices.

167 5128 314 5185 Richardo
329 5129 447 5186 titulum
460 5128 546 5185 celsa¹
559 5141 740 5200 componere
755 5125 863 5194 laudis,
919 5199 922 5204 1

204 5218 292 5285 Urget
309 5217 457 5284 materies,
473 5221 562 5290 atque
574 5219 696 5273 coarcat
709 5230 804 5271 amor.

1058 3435 1108 3492 llie
1123 3450 1256 3508 namque
1270 3450 1332 3506 quo
1343 3433 1419 3490 inter
1433 3433 1619 3490 Willelmum
1646 3434 1755 3492 ducem
1779 3433 1874 3490 emeri-

1057 3513 1132 3593 tnn'r,
1159 3523 1348 3596 Riulfnmque
1375 3521 1570 3579 multifariam
1608 3523 1818 3597 blasphemum
1852 3525 1877 3578 et

1058 3615 1224 3689 perjurum,
1263 3616 1296 3669 ut
1323 3612 1503 3669 recensitum
1527 3617 1581 3683 est,
1609 3613 1718 3671 exstitit
1739 3613 1877 3688 pralium,

1057 3709 1196 3762 matrona
1208 3701 1387 3759 venerahilis
1414 3701 1503 3758 enixa
1531 3702 1608 3759 divae
1636 3705 1789 3760 memoria
1814 3719 1879 3776 pue-

1055 3810 1135 3863 rum,
1151 3792 1232 3849 misit
1246 3791 1411 3865 quemdam
1421 3791 1548 3849 tironem
1561 3793 1683 3849 nornine
1698 3792 1877 3860 rmcardum,

1056 3879 1879 3957 utproderctduciWillelmopraeoptatumgeuitaeprolis

1057 3972 1227 4043 negocium.
1244 3970 1389 4028 Willelmo
1402 3986 1473 4028 vero
1486 3987 1556 4028 cum
1575 3987 1627 4028 ccc
1649 3971 1743 4046 potito
1765 3972 1880 4030 victorie

1056 4061 1093 4118 de
1107 4061 1288 4125 inimicis,et
1312 4075 1366 4134 per
1393 4059 1487 4134 prrelii
1513 4065 1633 4136 pratum
1655 4061 1757 4136 tepido
1783 4076 1880 4120 cruore

1055 4151 1199 4208 infectum
1213 4149 1369 4224 equitanti,
1385 4149 1538 4224 milliaque
1563 4150 1692 4208 millium
1712 4151 1880 4210 exanimum

1054 4244 1204 4315 prostrata
1217 4239 1353 4307 intuenti,
1369 4243 1458 4312 atque
1472 4251 1579 4311 regum
1599 4241 1671 4311 Regi
1684 4246 1785 4313 grates
1810 4257 1880 4315 pra·

1056 4331 1205 4387 maximas
1217 4333 1369 4399 gratanter
1382 4328 1529 4402 referenti,
1540 4328 1656 4400 legatus
1671 4335 1750 4388 nate
1776 4329 1881 4389 sobolis

1056 4420 1200 4490 gaudium
1216 4419 1399 4476 denuntians
1415 4418 1520 4476 adfuit.

1371 4569 1564 4610 trosrnornl.

1055 4682 1077 4738 0
1091 4695 1210 4753 semper
1223 4678 1345 4736 meritos
1360 4678 1410 4736 tali
1423 4677 1461 4736 de
1475 4678 1560 4752 prole
1571 4683 1722 4752 parentes,

1055 4769 1146 4840 Cuius
1158 4768 1190 4824 in
1202 4770 1307 4824 exortu
1321 4783 1446 4839 superos
1462 4767 1595 4838 ingentia
1607 4767 1698 4836 cives,

1053 4857 1226 4927 Terrigenas
1241 4856 1352 4931 pariter
1366 4856 1531 4931 perflarunt
1545 4855 1658 4925 gaudia
1672 4854 1786 4928 pluras.

1052 4946 1178 5004 Goelicus
1193 4945 1268 5003 ordo
1279 4944 1381 5003 hilaris
1396 4949 1478 5002 tanto
1495 4945 1616 5002 concive
1626 4944 1738 5015 futuro,

1053 5037 1210 5096 llumanus
1224 5035 1348 5091 meritus
1364 5038 1498 5104 gratatur
1507 5034 1608 5106 judice
1624 5049 1721 5090 sacro.

1053 5124 1138 5182 Orbis
1149 5123 1206 5182 sub
1221 5123 1307 5196 cuius
1321 5138 1440 5198 semper
1453 5122 1661 5180 moderamine
1676 5122 1773 5193 letus,

1051 5211 1228 5288 tranquille
1242 5212 1326 5285 pacis
1342 5212 1499 5286 praedigna
1512 5213 1581 5269 dote
1596 5211 1719 5270 fruetur.

167 5304 224 5371 Qui
238 5301 289 5360 tibi
305 5303 449 5361 mirificus
460 5305 553 5377 viguit
566 5321 621 5378 per
635 5303 744 5361 secula
755 5319 869 5375 servus,
1086 5305 1167 5358 Tunc
1181 5300 1242 5357 dux
1256 5301 1361 5358 merito
1376 5300 1609 5370 famosissimus,
1622 5305 1744 5374 peracto
1752 5297 1881 5370 mirabili

202 5394 296 5452 Omne
312 5393 427 5450 malum
442 5394 572 5464 calcans,
584 5393 800 5451 omnebonum
815 5392 962 5450 relevans.
1050 5389 1184 5464 troplroeo
1198 5389 1301 5450 hilaris
1313 5396 1341 5447 et
1355 5390 1452 5458 loetus,
1467 5389 1622 5464 latiorque
1634 5395 1705 5448 nato
1720 5389 1842 5447 haerede
1853 5388 1882 5444 et

203 5481 381 5540 imitabilem
394 5482 473 5540 enirn
487 5500 558 5540 vero
571 5483 682 5541 meritis
706 5481 915 5539 excellentium
941 5481 996 5537 du·
1050 5495 1222 5537 successore
1234 5479 1366 5548 effectus,
1380 5479 1463 5536 misit
1477 5479 1613 5536 tiericum
1644 5495 1772 5536 summae
1798 5493 1880 5535 reve·

166 5589 236 5629 cum
257 5573 410 5644 agoniam,
437 5573 578 5629 benivolo
605 5576 802 5629 sacrosanctae
822 5569 994 5627 intentionis
1048 5568 1150 5625 rentiec
1166 5569 1396 5640 Bajooacensem
1408 5567 1631 5644 episcopum,et
1645 5569 1811 5625 bothonem
1824 5566 1878 5624 do-

165 5660 318 5735 proposito
345 5659 501 5733 multiplici
529 5663 598 5717 actu
626 5659 743 5733 pridem
786 5658 988 5730 exercitatam,
1049 5674 1118 5716 mus
1130 5675 1193 5716 sua
1206 5657 1318 5717 miliu'ae
1330 5657 1434 5732 palma
1443 5658 1591 5731 majorem
1599 5659 1628 5714 et
1637 5657 1837 5731 precipuum,
1847 5657 1879 5712 ut
