3984 6182
130 231 179 290 ssi
656 215 664 228 “
911 226 1001 284 uri.
1785 231 1837 290 sia

128 347 212 414 noxii
224 369 296 412 nece
306 343 429 411 incurrit
443 343 555 427 duplex
567 347 736 428 peccatum.
757 345 830 410 linio
843 343 957 427 proiec·
971 349 995 410 t
1011 343 1130 410 saltavit
1140 349 1206 426 ejus
1219 347 1324 427 lingum
1336 347 1450 428 justitia
1464 349 1502 411 de
1523 351 1599 411 coelo
1619 355 1835 428 prospicientis,

18 459 33 530 j·
129 451 160 503 to
174 443 272 515 magis
287 441 374 500 libuit
388 445 481 500 Deum
494 442 666 511 offendisse,
682 458 775 516 quam
800 440 956 498 amulierc
1009 457 1077 516 quoe
1089 445 1283 519 processitde
1297 451 1381 503 utero
1395 445 1514 503 intacta
1529 439 1664 516 Virginis.

15 553 28 631 ἶ·
129 532 242 609 duplici
252 531 383 604 sibilege
397 531 547 606 prohibitu
562 537 660 589 torum
677 547 794 588 servare
809 531 955 587 immacu·
1046 535 1144 591 tinum
1157 551 1229 592 vero
1239 535 1385 610 quiddam
1397 535 1544 592 memoria
1567 531 1694 605 dignum
1713 550 1732 591 a
1754 539 1836 607 pau-e

22 645 32 714 j
128 624 234 682 latum.
250 621 308 681 Sed
319 623 472 696 utriusque
482 621 597 696 peccati
607 621 718 704 vulnus
731 637 818 678 verus
830 619 957 677 humani
1009 623 1101 694 hujus
1116 623 1218 698 inclyti
1230 626 1308 696 regis
1321 629 1350 683 et
1364 639 1383 683 a
1399 629 1458 684 lieo
1472 621 1556 682 electi
1586 628 1748 698 patratum,
1769 624 1838 682 huic

24 718 33 742 ·’
129 712 247 786 mustis
261 711 394 781 benigna
408 699 605 784 dispositione
617 707 735 766 sanavit
749 701 877 766 iiedicus
893 713 900 763 1
923 696 956 763 ii-
1009 710 1127 769 lectioni
1142 712 1270 772 inserere
1284 711 1410 786 dignum
1424 714 1507 771 duxi.
1536 717 1568 770 ln
1592 731 1629 771 eo
1641 729 1774 787 nemque
1794 725 1839 771 sa·

128 792 193 860 lum
207 817 261 876 per
272 800 388 858 Nathan
402 801 580 874 prophetam
595 816 696 873 suum,
718 799 793 858 dum
814 797 957 872 pauperis
1009 799 1143 858 cerdotes
1153 801 1286 868 veridici,
1300 797 1426 861 abbates
1441 808 1470 860 et
1484 799 1635 874 monachi,
1649 807 1759 860 sancte
1770 814 1840 858 nor·

4 889 36 983 ἦ·
129 891 184 950 viri
210 889 299 948 unius
324 889 446 946 oviculae
470 894 499 946 et
523 888 621 946 divitis
647 889 750 946 ovium
775 885 958 944 abundantis
1009 905 1067 946 mae
1083 905 1145 947 non
1153 889 1257 962 nescii,
1273 893 1426 964 exemplar
1436 891 1589 960 virtutum,
1605 890 1689 966 quod
1707 907 1770 948 non
1793 903 1841 947 so-

129 979 318 1037 multitudine
329 977 537 1051 paradigmate
548 978 677 1050 objecto,
698 992 729 1032 se
752 991 838 1033 reum
862 989 956 1044 agno·
1008 978 1073 1036 lum
1088 978 1206 1048 imitari,
1216 980 1268 1037 sed
1282 981 1371 1038 etiem
1385 981 1662 1050 admirarivaleant,
1676 981 1837 1038 invenient.

25 1069 32 1104 ἱ
129 1082 216 1126 soem
229 1067 303 1124 dixit
317 1082 457 1141 peccasse
471 1085 478 1137 ;
492 1067 582 1123 istum
596 1082 682 1139 aque
696 1081 751 1139 per
768 1064 957 1121 damnumst
1010 1071 1085 1125 Avito
1100 1069 1204 1126 omnia
1217 1073 1318 1127 autem
1333 1071 1449 1144 pietatis
1474 1075 1503 1128 et
1520 1071 1731 1128 misericordia
1754 1069 1839 1128 omni

12 1187 34 1202 »
127 1155 329 1215 venerabilem
344 1155 512 1227 iibbonem,
529 1155 761 1214 floriacensium
775 1170 794 1211 a
809 1157 868 1211 lieo
880 1169 956 1227 prae·
1008 1157 1099 1216 laude
1112 1159 1281 1218 extollenda
1295 1158 1433 1231 insignia.
1450 1160 1586 1227 Quodam
1609 1176 1741 1234 namque
1768 1165 1841 1216 tem

31 1251 39 1265 ⁸
128 1245 255 1304 electum
281 1243 433 1312 abbatem,
457 1260 548 1315 nunc,
579 1243 687 1302 Christi
713 1244 831 1301 favente
851 1239 956 1314 gratia
1010 1263 1083 1323 pore
1099 1252 1240 1305 sanctum
1260 1247 1341 1306 diem
1368 1251 1489 1306 Pascboe
1514 1250 1545 1306 in
1573 1249 1687 1306 civitate
1711 1247 1840 1306 Parisios

28 1340 37 1377 '-
129 1333 280 1393 musonis
294 1347 463 1402 coruscum,
479 1337 579 1408 11111111
594 1333 697 1391 mortis
711 1331 870 1390 formidine
883 1329 957 1388 111111
1010 1337 1183 1395 solemniter
1197 1338 1361 1410 celebrans,
1381 1340 1515 1397 secunda
1529 1337 1651 1397 sabbati
1664 1339 1703 1396 ed
1713 1339 1840 1396 domum

36 1443 46 1469 2
128 1417 315 1500 increpatum
331 1411 470 1498 privatim
485 1429 514 1480 et
527 1418 656 1498 publice.
673 1417 764 1496 Cujus
786 1419 881 1478 sancti
901 1409 957 1477 viti
1011 1437 1100 1485 suam
1115 1427 1199 1502 apud
1214 1430 1356 1486 Sanctum
1373 1428 1547 1502 dionysium
1573 1427 1658 1485 laetus
1685 1441 1840 1499 regressus

34 1549 38 1555 -
128 1514 292 1588 increpatio
306 1517 367 1571 tam
383 1511 435 1568 din
449 1511 575 1587 perstitit
587 1512 684 1569 donea
707 1527 759 1568 rex
778 1509 955 1567 mitissimus
1010 1521 1064 1589 est,
1077 1517 1179 1593 ibique
1195 1517 1344 1575 solemnes
1358 1517 1455 1590 exegit
1466 1511 1538 1575 dies.
1547 1517 1642 1576 Tertia
1654 1521 1754 1574 autem
1771 1511 1842 1574 Sub

37 1621 44 1646 '·
128 1607 346 1660 1111111181111111
362 1605 697 1676 ³8⁰⁰⁵0010i0itl¹¹³ffl
716 1599 795 1657 mele
824 1598 880 1656 Sibi
904 1615 955 1656 ⁰0·
1009 1606 1072 1664 bati
1099 1606 1274 1664 adveniente
1302 1607 1387 1676 hors,
1412 1624 1474 1681 qua
1496 1606 1638 1665 leudibus
1665 1605 1842 1663 laudaretur

29 1729 46 1736 -
128 1692 284 1766 putaverat
293 1691 449 1749 mulierem
460 1707 583 1764 prorsus
597 1690 824 1764 derelinqueret,
844 1692 873 1746 et
886 1703 956 1764 pee-
971 1707 992 1762 Β
1010 1712 1064 1771 per
1075 1695 1178 1754 omnia
1190 1703 1300 1753 meula
1313 1695 1403 1768 Deus,
1417 1696 1511 1767 surgit
1529 1712 1547 1753 a
1561 1696 1638 1752 tecto
1652 1697 1681 1752 et
1696 1693 1736 1752 ad
1749 1692 1841 1751 eccle·

26 1791 30 1796 '
128 1781 185 1839 eati
210 1781 363 1840 maculam
388 1785 472 1852 gnata
502 1783 560 1837 ileo
588 1779 790 1838 satisfactione
820 1777 954 1835 diluerat·
1011 1784 1140 1842 siamire
1155 1784 1306 1858 desponit.
1322 1785 1477 1859 aspiciens
1505 1801 1577 1858 ergo
1605 1783 1686 1840 videt
1708 1782 1785 1840 duos
1805 1795 1842 1840 ex

22 1883 27 1885 ·
128 1873 257 1966 titerque
271 1871 360 1943 igitur
369 1885 421 1927 rex
434 1873 494 1927 lieo
508 1874 658 1956 acceptus,
674 1875 775 1944 utpote
790 1870 830 1956 ab
843 1868 894 1925 illo
908 1883 957 1924 00·
1010 1875 1137 1932 adverso
1146 1875 1280 1947 jacento
1294 1874 1326 1932 in
1340 1873 1463 1945 engvrlo,
1478 1873 1563 1948 operi
1572 1873 1742 1930 insistentes
1759 1870 1841 1928 neta-

18 1975 20 1983 ·
127 1951 263 2018 renatus.
280 1963 360 2028 Quos
375 1945 474 2016 nudos
488 1959 602 2034 peperit
616 1963 723 2018 neuma
738 1957 864 2029 mundo,
890 1967 957 2015 san-
1010 1952 1064 2021 rio.
1082 1951 1196 2020 iioiu'm
1209 1963 1359 2035 fragilitati
1373 1957 1547 2031 condolens,
1560 1964 1771 2020 omementum
1782 1958 1843 2034 pel·

17 2067 40 2103 .'.
128 2053 178 2106 cta
191 2048 385 2122 dispositione
400 2047 446 2104 sui
459 2047 606 2119 gloriosos
625 2047 736 2105 bebere
750 2047 844 2106 voluit
858 2052 887 2105 et
909 2045 956 2102 in·
1009 2052 1083 2109 lium
1098 2051 1182 2126 quod
1200 2056 1264 2110 erat
1285 2045 1545 2126 pretiosissimum,
1572 2047 1646 2108 tollit
1673 2065 1691 2107 e
1711 2047 1788 2107 collo
1812 2052 1842 2105 et

127 2135 224 2210 clytos
239 2136 358 2194 saeculo.
374 2139 408 2193 Et
419 2136 501 2209 quia,
524 2141 557 2193 ut
570 2136 612 2194 eit
626 2135 786 2210 Scriptura,
813 2133 957 2209 permittit
1010 2158 1101 2215 super
1112 2141 1410 2216 peccatoresprojioit
1423 2140 1512 2198 corde
1523 2135 1665 2212 benigno.
1675 2141 1740 2206 Quo
1750 2138 1839 2204 facto,

14 2265 18 2272 .
126 2225 205 2281 Deus
218 2223 282 2281 fieri
296 2225 453 2300 quodnon
467 2224 542 2296 vult,
553 2225 688 2298 permisit
696 2224 828 2296 benigna
838 2223 957 2298 dispen·
1010 2229 1168 2289 ecclesiam
1183 2234 1355 2288 sanctorum
1377 2230 1613 2304 omnipotentem
1640 2230 1734 2284 Deum
1755 2239 1842 2296 roga·

22 2369 34 2376 .
125 2311 202 2370 satio
217 2313 260 2371 sia
273 2329 325 2371 sos
334 2313 513 2372 occumbere
526 2319 662 2387 peecato,
677 2317 710 2371 ut
722 2330 755 2371 se
770 2314 956 2371 humanitate
1009 2324 1106 2388 turus,
1121 2320 1252 2391 intravit,
1268 2318 1321 2375 ubi
1336 2333 1392 2391 pro
1403 2317 1477 2391 ipsis
1490 2315 1699 2391 peccatoribus
1714 2330 1752 2371 ne
1767 2308 1843 2388 peri·

124 2399 890 2488 311181θῦ111111901191100811011116111,811111111111111
912 2397 956 2458 Vi·
1010 2407 1192 2466 rentoravit.
1209 2407 1387 2480 prolongata
1409 2422 1482 2462 vero
1506 2405 1639 2462 oratione
1666 2409 1695 2461 et
1716 2417 1841 2478 sperans

123 2486 163 2548 iae
181 2493 300 2566 templis
315 2490 423 2563 vigillis
437 2493 465 2550 et
478 2483 664 2551 orationibus
679 2492 854 2550 inhaerendo
879 2495 957 2547 ban*
1012 2498 1073 2568 jam
1089 2497 1199 2554 abiisse
1223 2500 1359 2553 mortuos
1383 2496 1567 2569 peccamus,
1591 2493 1645 2566 qui
1669 2491 1842 2564 poenitgntig

125 2582 268 2654 Βῑδθῑθῦἳ,
284 2581 383 2640 variat
396 2599 556 2657 corporum
583 2577 742 2657 passiones
766 2577 955 2652 sustinerent,
1010 2573 1144 2642 viverent
1158 2587 1228 2652 lieo,
1244 2586 1349 2640 evocat
1362 2582 1408 2638 sui
1422 2575 1556 2655 corperis
1577 2577 1745 2648 custodem,
1768 2584 1797 2635 et
1810 2583 1844 2636 ut

124 2669 390 2746 utademplerctur
404 2672 434 2728 in
459 2672 501 2729 eis
525 2688 618 2729 sacra
643 2671 801 2746 Scriptura
824 2669 956 2726 testimo-
1011 2672 1092 2732 abud
1108 2663 1166 2731 sibi
1190 2664 1327 2746 eiusdem
1345 2671 1462 2744 generis
1489 2669 1603 2728 deierat
1628 2671 1842 2724 ornamentum

122 2761 304 2834 11111111111111
319 2762 382 2819 ait:
399 2763 533 2833 0011111ἰὶ
546 2764 626 2820 Deus
636 2777 721 2834 quan
735 2759 957 2832 diltuit,ltauel
1010 2762 1187 2821 humillimis
1203 2761 1301 2820 verbis
1324 2762 1462 2836 imperat,
1491 2758 1641 2817 mandans
1669 2755 1726 2814 boc
1753 2751 1843 2812 minis

126 2852 172 2908 lot
189 2856 287 2934 eutem
302 2866 417 2909 omacio
431 2853 528 2934 titium
543 2867 630 2924 quem
644 2847 750 2922 recipit
779 2849 879 2922 (chr.
905 2864 955 2916 1111.
1010 2852 1228 2926 imperialibus,
1250 2856 1283 2909 ut
1306 2866 1405 2925 neque
1428 2845 1549 2922 conjugi
1569 2845 1717 2920 gloriosse,
1744 2856 1843 2917 neque

123 2935 164 3014 ⁶)-
183 2937 309 3014 [larque
322 2935 467 3015 immi»
482 2941 565 3015 quo'd
581 2931 677 3026 Sillim
687 2951 790 3011 118681
805 2938 858 2995 Sed
868 2953 887 2994 11
897 2941 957 2994 ὓθθ
1011 2942 1100 3001 aliem
1114 2941 1193 2999 istud
1208 2955 1346 3014 unquam
1358 2939 1608 2998 manifestaretur.
1637 2938 1763 3009 uquam
1777 2947 1845 3007 per·

121 3031 234 3088 visitati
248 3031 461 3105 poenituerunt,
477 3029 863 3101 fleveruntingemueriuit,
873 3019 956 3102 quod
971 3059 993 3118 c
1011 3027 1116 3092 iectus,
1127 3029 1180 3104 qui
1194 3029 1235 3086 sic
1248 3045 1303 3086 suo
1316 3033 1489 3103 peccatores
1503 3025 1631 3101 protexit
1643 3017 1841 3080 vestimentol

121 3130 189 3179 non
203 3121 299 3206 solent
311 3129 406 3194 reges.
424 3121 578 3195 Siquidem
590 3119 729 3195 exemplo
747 3118 826 3177 beati
851 3116 955 3188 David,
1011 3132 1107 3194 quain
1130 3123 1251 3176 sanctus
1270 3117 1431 3176 sacerdos!
1458 3132 1551 3190 quam
1574 3114 1643 3190 plus
1667 3111 1764 3169 abbas
1778 3105 1844 3166 reli-

121 3201 258 3268 domnus
283 3209 339 3268 iste
363 3215 465 3268 noster
490 3206 648 3268 lietbertus
663 3209 819 3267 confessus
836 3210 881 3265 cst
894 3206 956 3264 culi
1012 3209 1176 3283 giosusque
1190 3206 1377 3265 monachus!
1392 3221 1485 3280 quam
1500 3203 1666 3260 rectissima
1678 3198 1793 3256 virtutis
1816 3201 1846 3253 et

122 3317 210 3376 pam,
235 3298 404 3358 obsecravit
422 3297 652 3371 indulgentiam,
669 3297 837 3372 deploravit
851 3311 959 3353 aerum·
1012 3297 1203 3374 perfectionis
1218 3311 1337 3370 norme,
1351 3296 1399 3354 cui
1414 3293 1499 3351 inniti
1513 3295 1611 3366 potest
1630 3287 1751 3362 justine
1776 3301 1845 3344 con-

121 3405 211 3476 nam,
238 3390 394 3462 ieiunavit,
421 3389 518 3446 oravit
542 3393 571 3446 et
596 3387 791 3446 confessionis
824 3402 886 3443 sues
914 3383 956 3442 te·
1013 3389 1171 3463 cupiscens
1185 3387 1307 3443 semitas
1321 3385 1328 3441 i
1344 3383 1531 3457 latiquippe
1546 3374 1847 3436 mandatmonaoho-

123 3479 303 3536 iitimo'nlum
329 3479 361 3562 in
386 3484 530 3553 perpetua
558 3478 669 3536 sacoma
700 3477 822 3548 vulgato
854 3475 958 3532 dolore
1012 3495 1081 3536 rum
1095 3481 1180 3551 pater
1193 3475 1295 3534 etdux
1311 3472 1446 3531 confiteri
1460 3473 1593 3546 peccata,
1613 3466 1666 3542 qui
1681 3464 1769 3522 sciret
1789 3478 1845 3520 sua

120 3569 298 3628 transmisit.
329 3551 416 3636 Quod
444 3569 505 3626 ridn
535 3568 715 3626 erubescunt
737 3566 834 3624 lacere
850 3563 958 3638 privati
1013 3572 1042 3625 et
1055 3566 1153 3624 mena
1166 3581 1271 3623 curare
1285 3562 1420 3634 vulnere,
1448 3576 1510 3619 non
1535 3562 1636 3616 arvum
1659 3555 1796 3626 detegere
1815 3556 1846 3610 et

121 3677 180 3718 rex
204 3675 267 3718 11011
292 3658 412 3716 erubuit
443 3657 586 3716 confiteri·
626 3657 681 3722 Qui
716 3659 853 3713 urentur
889 3652 959 3724 lagi-
1012 3656 1176 3733 publicare.
1198 3654 1299 3714 Olelix
1314 3649 1543 3728 participatione
1567 3647 1617 3705 lici
1631 3646 1727 3720 pietas
1751 3646 1780 3700 et
1793 3641 1849 3698 mi-

122 3751 186 3808 bue
212 3747 326 3806 audent
354 3765 443 3806 suum
470 3762 581 3821 negare
601 3749 771 3820 peccatum,
793 3743 960 3815 dedignari·
1014 3743 1185 3814 sericordia,
1200 3762 1269 3818 quoe
1285 3744 1327 3802 sic
1341 3740 1546 3800 florueruntin
1560 3741 1645 3795 tanto
1655 3733 1748 3793 ettali
1763 3731 1845 3788 virol

123 3843 176 3896 tur
211 3852 318 3909 rogare
355 3835 573 3907 indulgentiam
614 3849 708 3909 quam
747 3831 867 3905 petebat
907 3830 961 3904 qui
1013 3853 1092 3911 quas
1107 3835 1213 3908 etipse
1237 3832 1394 3891 lietbertus
1423 3835 1525 3887 noster
1546 3827 1633 3900 quast
1659 3819 1849 3882 hereditario

123 3925 345 3996 nulllsleglbus
359 3925 517 3982 tenebatur
530 3921 682 3981 humanis.
711 3919 798 3988 Quod
827 3917 962 3994 peccavit
1013 3926 1080 3997 juro
1096 3939 1114 3979 a
1129 3926 1213 3995 patre
1226 3921 1343 3979 relictas
1356 3916 1499 3992 possedit.

124 4013 308 4073 conditionis
321 4018 365 4071 est
379 4031 386 4083 ;
401 4010 484 4088 quod
501 4011 681 4087 supplicavit
696 4007 887 4067 correctionis
908 4009 961 4063 Le·
1050 4016 1123 4083 ingo
1135 4026 1263 4067 summas
1276 4005 1468 4079 ingenuitatis
1492 3999 1538 4060 vir
1552 4007 1581 4059 et
1594 3999 1723 4069 benetie,
1751 3995 1848 4054 abbas

124 4111 203 4180 psus
217 4104 400 4175 communis,
420 4103 473 4160 sed
486 4099 635 4160 consessio
660 4097 807 4173 specialis.
834 4095 960 4168 Culpam
1017 4099 1116 4158 sancti
1131 4097 1269 4155 Germani
1288 4093 1416 4152 Parisios
1431 4091 1547 4148 civitate
1575 4085 1726 4146 constituti
1741 4100 1848 4142 mona-

125 4196 230 4269 itaque
242 4187 385 4252 incidisse
400 4193 514 4251 naturae
529 4196 583 4262 est,
608 4189 730 4247 diluisse
758 4186 886 4244 virtutis.
916 4183 961 4242 Ob
1016 4186 1106 4260 sterii,
1120 4185 1255 4244 adhunc
1271 4183 1321 4243 liei
1335 4181 1485 4239 famulum
1506 4195 1562 4255 pro
1591 4193 1646 4234 sua
1669 4179 1698 4234 et
1720 4175 1850 4232 tranum

126 4284 187 4343 hoc
214 4280 356 4341 nimbum
382 4283 439 4340 iste
459 4281 556 4339 tacere
586 4292 649 4336 non
688 4276 844 4350 despexit,
889 4272 962 4348 quia
1016 4276 1139 4334 utilitate
1170 4271 1337 4330 Aurelianis
1362 4270 1440 4328 duos
1466 4268 1539 4327 boni
1561 4265 1720 4326 testimonii
1742 4259 1852 4322 direxit

128 4372 245 4430 sciebat
271 4375 365 4430 Deum
388 4368 503 4446 pusillis
529 4373 558 4426 et
585 4365 704 4439 magnis
718 4366 779 4422 fore
793 4362 962 4420 timendum
1016 4365 1131 4423 tratres.
1147 4362 1203 4431 Qui
1217 4363 1257 4420 ab
1271 4359 1374 4418 eovisi
1388 4358 1471 4438 pacis
1486 4356 1625 4415 honorati
1638 4359 1709 4412 sunt
1733 4347 1848 4424 osculo,

128 4467 162 4520 et
185 4467 336 4536 potentem
363 4471 515 4535 quemque
556 4455 659 4516 divina
690 4453 848 4512 admoneri
886 4451 962 4509 Scri-
1017 4453 1102 4512 uteis
1116 4469 1184 4509 mos
1199 4455 1271 4520 erat,
1284 4447 1517 4522 interrogatique
1536 4451 1605 4502 sunt
1633 4442 1850 4514 benignissime

129 4555 247 4625 ptura:
269 4551 387 4620 (leuato
412 4559 540 4621 mugnus
567 4559 608 4615 cs,
638 4541 766 4603 insititio
795 4547 823 4600 te
842 4543 871 4598 ivr
900 4556 962 4598 om·
1018 4558 1080 4616 qua
1096 4557 1188 4599 causa
1201 4539 1241 4598 ad
1256 4555 1326 4596 eum
1341 4539 1564 4612 properassent.
1590 4531 1780 4590 vocabantur
1797 4541 1850 4582 eu·

129 4639 220 4696 nilus
245 4645 271 4697 et
300 4655 401 4696 corum
426 4639 486 4696 Deo
510 4633 640 4694 iuvenies
661 4635 805 4706 oratiam.
837 4631 887 4686 liis
908 4627 963 4699 igi-
1018 4629 1219 4705 tempropriis
1233 4623 1581 4686 nominibuslicrbertus
1596 4615 1850 4684 unus,altervero

131 4734 182 4786 tur
204 4745 256 4785 rex
277 4727 409 4796 humilis,
434 4726 552 4798 legibus
578 4722 745 4792 absolutus,
773 4736 835 4777 suae
863 4723 965 4776 umen
1018 4719 1210 4790 deusdedus,
1235 4716 1318 4774 baud
1344 4713 1440 4771 infimi
1468 4708 1581 4767 ordinis
1605 4701 1763 4764 monastici
1781 4698 1849 4756 viri

131 4834 202 4876 reus
217 4817 273 4874 luit
285 4815 486 4875 conscientia.
503 4815 619 4882 Quibus
635 4811 761 4869 vinculis
776 4825 808 4867 se
822 4807 964 4866 edomare
1019 4807 1133 4876 Quibus
1160 4807 1211 4880 pio
1237 4805 1374 4862 demere
1397 4800 1525 4872 imperat
1552 4800 1585 4852 ut
1599 4797 1668 4868 post
1687 4787 1851 4848 matutinos

14 4921 17 4928 ’
132 4907 322 4976 desiderans,
335 4905 473 4963 divinum
489 4903 546 4961 sibi
559 4906 698 4976 precatur
709 4899 866 4968 auxilium,
881 4901 912 4952 ut
925 4893 965 4952 ab
1018 4899 1150 4971 bymnos
1166 4911 1221 4951 sua
1236 4891 1395 4966 praesentia
1422 4887 1596 4944 assisterent
1621 4885 1650 4938 et
1675 4879 1712 4936 de
1738 4873 1851 4949 quibus

132 4995 218 5053 omni
232 4993 366 5051 criminis
379 4992 448 5050 labe
463 4991 635 5050 mundetur.
653 4991 687 5046 Et
699 5003 812 5057 revera,
830 5002 900 5044 oum
910 4983 965 5041 mi·
1020 4985 1129 5042 vellent
1142 4981 1327 5041 audientiam
1340 4976 1495 5035 haberent.
1521 4970 1635 5038 Quibus
1650 4968 1736 5039 jussa
1750 4963 1854 5021 obser-

134 5085 171 5142 tis
185 5089 215 5142 ct
227 5083 317 5141 corde
334 5087 511 5140 mansuetus
535 5079 656 5152 egregia
685 5093 804 5152 semper
828 5072 967 5132 babuerit
1020 5075 1159 5132 vantibus
1172 5069 1296 5140 contigit
1308 5072 1340 5124 ut
1354 5066 1385 5123 in
1397 5066 1463 5138 ipsa
1475 5059 1610 5128 eeclesia,
1625 5057 1656 5114 in
1670 5070 1733 5129 que
1746 5067 1853 5110 conse-

16 5166 20 5200 ³
134 5179 260 5232 sanctus
274 5189 328 5230 rex
341 5188 403 5229 suae
426 5167 669 5228 mansuetudinis
695 5170 725 5222 et
750 5165 869 5240 pietatis
898 5163 967 5220 insi·
1021 5163 1137 5229 derant,
1166 5161 1213 5216 bis
1242 5153 1441 5219 cernentibus,
1466 5147 1592 5207 candela
1620 5143 1853 5215 extingueretur.

134 5263 217 5336 gnia,
233 5263 275 5320 ite
290 5266 322 5319 ut
334 5259 514 5320 adversariis
538 5258 600 5316 suis
628 5255 797 5329 frequenter
820 5253 968 5326 ignoverit
1023 5255 1087 5320 oue
1100 5249 1256 5314 exstincte,
1271 5244 1445 5315 religiosum
1455 5239 1563 5306 virum,
1577 5236 1749 5294 laudonem
1771 5229 1855 5289 cleri-

135 5357 227 5428 atque
242 5354 281 5411 ab
293 5366 399 5409 eorum
413 5365 487 5409 nece
501 5346 717 5406 abstinendum
729 5343 888 5418 putaverit,
906 5358 967 5399 non
1022 5341 1118 5399 ricum
1131 5337 1304 5412 proximum
1320 5347 1410 5388 stium
1425 5345 1443 5386 a
1458 5327 1534 5385 lecto
1557 5330 1663 5384 evocat
1682 5322 1855 5382 candelam·

134 5447 180 5501 est
194 5442 307 5499 mirum
320 5439 404 5515 quod
419 5443 481 5496 tem
494 5439 624 5510 graviter
637 5433 738 5492 dolcat
761 5433 886 5489 noxium
912 5431 969 5489 sibi
1022 5446 1083 5505 que
1097 5427 1253 5502 porrigens
1268 5421 1309 5480 ad
1323 5417 1537 5493 requirendum
1550 5414 1655 5472 lumen
1673 5409 1855 5487 quantocius

134 5531 307 5606 obrepsisse
319 5535 488 5604 peccatum.
504 5531 537 5584 iit
554 5526 622 5583 ideo
647 5541 665 5582 a
687 5522 817 5596 peccatis
841 5519 971 5578 mortali-
1024 5519 1134 5591 dirigit.
1150 5519 1265 5572 interea
1279 5507 1491 5568 devotissimus
1516 5521 1568 5562 rex
1595 5503 1719 5578 psalmis
1743 5505 1771 5556 et
1789 5512 1856 5554 ora-

18 5616 19 5621 *
135 5625 196 5682 bus
223 5620 344 5683 liberari
370 5637 403 5677 se
426 5617 601 5694 postulavit,
638 5613 776 5684 laudavit
808 5611 970 5668 Dominum
1025 5608 1156 5671 tionibus
1171 5617 1293 5672 vacans,
1308 5599 1382 5655 dum
1395 5597 1448 5670 qui
1463 5596 1573 5652 missus
1587 5586 1854 5656 iueratrevertitur,

136 5715 235 5772 Deum
248 5727 349 5780 suum,
363 5709 509 5782 justinam
532 5707 647 5770 itomtnt
661 5691 843 5779 predicavit,
868 5703 897 5758 et
917 5717 969 5760 ex-
1025 5698 1105 5756 videt
1118 5696 1216 5783 virum
1232 5688 1349 5782 bomini
1363 5685 1521 5751 candelam
1540 5681 1694 5740 menum
1709 5683 1809 5736 unere
1824 5675 1856 5731 in
