3998 6182
211 178 262 232 839
682 171 710 226 S.
731 166 947 226 actitaturus
965 164 1081 222 ABBAS
1101 165 1129 221 S.
1150 166 1290 224 BENlGNl
1310 169 1443 226 bivios.
1869 180 1921 233 eto

211 315 265 373 per
304 301 409 355 cetera
437 292 628 366 monasteria,
658 309 725 366 quse
753 293 915 349 Willelmus
938 295 1039 348 noster
1058 291 1239 386 Amantiam
1254 291 1326 349 adiit
1339 297 1445 366 petens
1458 293 1616 368 quoddam
1630 297 1852 355 monasterium
1863 316 1922 358 nos

210 390 294 454 rexit,
310 385 552 461 praerogativam,
568 384 651 457 quod
662 383 701 440 ab
716 399 752 439 eo
767 383 797 439 in
812 400 873 439 suae
886 381 979 455 ipsius
988 398 1040 454 pa·
1094 379 1325 438 traauctoritate
1352 383 1549 456 corroborari,
1578 383 1667 440 situm
1688 384 1718 441 in
1733 385 1807 444 loco
1821 389 1923 462 quidi-

211 484 301 534 ternae
315 473 494 531 hereditatis
517 473 611 529 fundo
625 473 780 530 conditum
795 471 892 540 fuerit,
909 470 1040 544 indeque
1094 462 1169 518 citur
1183 465 1366 535 Fructuaria,
1395 484 1432 524 5¹
1459 467 1582 542 proptia
1602 469 1777 527 haeledltate
1804 471 1922 530 fratrum

209 564 374 639 plurimum
392 564 458 635 ejus
481 562 555 620 initii
570 562 672 620 notitia
694 561 850 636 protutura
870 559 907 616 sit
925 560 964 616 ad
977 558 1041 614 illu·
1093 552 1158 623 ejus
1186 553 1327 627 Gctiredi,
1356 555 1467 612 Nitardi
1489 562 1579 630 atque
1601 557 1727 628 Roberti,
1762 559 1922 619 inhonore

209 653 331 710 stranda
346 653 483 725 ejusdem
509 651 589 709 beati
603 651 658 708 viri
680 656 772 722 gesta.
797 650 891 708 Situm
906 653 951 706 est
964 649 1040 705 inter
1094 645 1204 698 sanctae
1216 643 1266 700 Dei
1279 644 1429 716 genitricis
1441 646 1536 704 Mariae
1550 647 1703 721 sanctique
1715 649 1923 722 Benignimar-

209 743 270 800 duo
285 741 411 800 llumina
422 745 531 800 Orcum
546 747 575 798 et
588 742 765 799 amalonem
784 739 815 796 in
827 739 921 796 Gallia
936 737 1041 797 Subal·
1092 730 1166 802 lyris
1195 736 1413 806 constructum,
1443 734 1523 791 velut
1548 735 1579 791 ln
1607 737 1710 793 ⁰l¹³l¹⁸
1732 738 1921 809 tuillffllust

208 831 290 905 pina,
303 831 381 888 intra
396 830 603 904 Eporediensis
624 829 762 887 diocesis
776 829 861 886 lines.
879 827 1038 885 conditum
1093 819 1267 880 Gontherdo
1282 822 1410 881 diacono
1425 824 1505 882 edita
1520 825 1696 882 continetur.
1727 827 1826 899 Cujus
1840 831 1922 902 preci·

208 920 307 993 primo
321 920 376 977 tuit
397 923 426 976 et
448 920 585 976 dotatum
609 919 784 976 liberalitate
811 917 936 974 fratrum
958 915 1039 973 beati
1092 908 1150 964 bus
1170 911 1315 985 susceptis
1342 912 1425 986 prius
1447 914 1541 986 regali
1566 920 1717 990 praecepto
1738 917 1922 975 confirmavi·

208 1008 355 1076 willelmi,
389 1009 577 1082 aliorumque
605 1009 699 1081 ipsius
732 1007 1037 1078 consanguineorum,
1091 1003 1261 1066 musiaco.
1289 1002 1454 1060 lateralios
1471 1004 1644 1061 monasterii
1660 1004 1872 1062 benefactores
1886 1024 1919 1062 re·

209 1104 273 1156 tum
287 1099 378 1157 variis
393 1098 522 1155 aliorum
547 1097 761 1155 donationibus
784 1101 917 1167 auctum,
942 1111 977 1152 ac
990 1095 1040 1152 de·
1091 1091 1192 1143 censet
1204 1088 1362 1146 otthonem
1384 1091 1573 1162 willelmum,
1589 1091 1683 1150 110⁸tll
1695 1093 1847 1151 Wlllelml
1860 1111 1918 1152 ⁰011·

207 1205 292 1244 mum
307 1187 479 1261 principum
493 1193 521 1244 et
537 1203 726 1244 summorum
745 1185 921 1261 pontificum
944 1183 1040 1258 diplo-
1091 1176 1301 1247 sanguineum,
1318 1184 1456 1254 utsupra
1471 1181 1612 1251 diximus,
1638 1183 1726 1254 cujus
1757 1184 1918 1256 complmes

208 1278 339 1336 malibus
354 1277 554 1352 etprivilggjjs
568 1278 721 1334 firmatum
737 1282 765 1334 gt
779 1276 940 1344 munitum,
964 1274 1039 1331 nulli
1091 1267 1334 1326 eXStdsstchttl'tae
1348 1269 1379 1326 in
1410 1271 1583 1343 Benigniani
1598 1271 1759 1328 sicutetin
1788 1276 1918 1330 Fluctua·

206 1368 267 1424 lere
281 1368 369 1425 totius
394 1367 482 1424 italie
508 1367 689 1424 monasterio
713 1371 777 1423 tum
796 1365 959 1435 nobilitate,
973 1369 1037 1420 tum
1090 1355 1195 1412 riensis
1207 1359 1381 1416 monasterii
1391 1359 1524 1418 levorem
1540 1361 1628 1418 datae.
1642 1383 1655 1410 α
1667 1360 1917 1420 Habeatetteneat

207 1457 379 1513 divitiarum
393 1456 555 1524 affluentia,
573 1457 670 1514 cessit.
699 1457 768 1527 Ejus
792 1455 904 1512 natalia
932 1452 1038 1528 paucis
1091 1445 1191 1518 quieto
1204 1445 1271 1517 jure
1286 1447 1442 1505 castellum
1457 1449 1731 1522 Longobardorum
1745 1467 1819 1508 cum
1833 1453 1916 1509 omni-

207 1546 346 1619 exprimit
360 1550 446 1602 vetus
461 1550 565 1602 auctor
580 1546 626 1600 his
649 1544 795 1615 versibus,
809 1560 886 1617 quos
906 1541 1037 1599 Francis·
1090 1533 1149 1590 bus
1164 1534 1227 1591 suis
1242 1535 1436 1609 pertinentiis,
1456 1543 1484 1596 et
1499 1539 1602 1596 omnia
1625 1538 1743 1611 praedia
1758 1539 1850 1598 illast
1863 1557 1915 1597 cor-

207 1651 260 1691 cus
275 1634 460 1706 Augustinus
473 1634 512 1690 ab
527 1633 662 1700 ccclesia,
674 1650 710 1689 ex
725 1631 848 1706 antiquo
863 1631 1037 1688 monasterii
1053 1677 1072 1732 B
1091 1623 1443 1699 les‚quasdedll0lll1⁰,
1471 1627 1524 1703 (iul
1549 1633 1578 1684 et
1603 1627 1789 1702 willelmus,
1817 1645 1913 1696 comet.

207 1726 353 1783 Chronico
368 1725 542 1798 descriptos,
560 1724 692 1781 Historia
719 1739 782 1780 suae
804 1721 1035 1779 Pedemontanae
1090 1710 1169 1768 filius
1183 1713 1348 1787 Adalberll,
1367 1730 1464 1789 nepos
1483 1716 1653 1789 Bercngerii
1672 1717 1768 1789 regis,
1783 1719 1848 1793 ipso
1860 1719 1913 1776 loco

205 1814 337 1871 inseruit,
1089 1801 1168 1858 inira
1181 1801 1257 1860 fines
1273 1804 1489 1875 longobardia
1515 1821 1551 1863 ex
1567 1807 1743 1864 haereditate
1770 1813 1911 1884 parentum

208 1905 316 1977 Siquis
331 1907 510 1961 Fructnariee
522 1902 969 1978 mevultpraenoscerequando
1090 1894 1119 1947 el
1137 1891 1378 1967 propinquorum
1405 1911 1539 1953 sucrum.
1564 1896 1730 1955 satuimus
1757 1899 1846 1956 etiam
1869 1913 1912 1972 pcr

242 1993 376 2051 Coenobii
388 1998 520 2066 coeptum
535 1992 588 2050 rite
603 1993 709 2049 luisset
727 2009 803 2068 opus
818 2010 824 2048 :
1089 1979 1168 2036 hanc
1182 1981 1276 2038 nostri
1290 1984 1430 2058 praecepti
1447 1983 1620 2042 firmitatem
1637 1986 1668 2042 in
1682 1991 1861 2062 perpetuum
1869 1987 1910 2044 ha·

205 2081 373 2140 Millesimus
385 2081 521 2138 sublimis
536 2086 599 2140 erat
612 2086 684 2138 tunc
699 2081 802 2138 tertius
821 2096 919 2138 annus
1089 2069 1206 2126 lendes
1221 2087 1328 2131 omnes
1339 2077 1432 2132 terras
1446 2073 1522 2144 illae,
1538 2091 1615 2149 quas
1628 2075 1746 2134 habere
1761 2077 1847 2136 dehet
1856 2077 1908 2149 jem

241 2175 345 2228 pasius
360 2169 482 2240 virginei
497 2170 641 2244 principis
654 2170 783 2226 ffiihsrsi,
1090 2175 1169 2232 saepe
1190 2161 1381 2219 nominatum
1399 2164 1617 2222 monasterium
1632 2181 1668 2222 cx
1682 2166 1854 2223 haereditate
1866 2169 1907 2222 lto

207 2261 300 2318 Martii
315 2264 457 2333 septenae,
472 2276 526 2316 seu
537 2258 660 2316 indictio
674 2259 772 2332 prima
786 2257 938 2328 Kalendas,
1088 2247 1174 2318 helil,
1190 2250 1347 2323 quondam
1361 2252 1416 2308 illl
1430 2253 1620 2322 nobilissimi,
1648 2255 1701 2328 qui
1731 2255 1789 2312 lull
1811 2255 1906 2327 ssessll⁰l

240 2353 369 2422 Tempus
383 2348 430 2406 vel
440 2365 562 2405 cursum
572 2348 664 2405 ambo
680 2364 769 2404 suunt
781 2350 938 2421 peragunt.
1085 2336 1151 2408 tam
1164 2338 1357 2397 dlssllssbbfllls
1373 2341 1552 2400 Wlllelffll····
1570 2343 1905 2402 Confirmamusomnem

205 2441 265 2495 Rex
279 2436 428 2494 Aidoinus
444 2436 552 2510 sceptri
563 2436 769 2494 moderamine
784 2436 874 2493 fissus
897 2459 899 2464 ·
1088 2425 1171 2484 illam
1183 2428 1389 2488 hereditatem
1403 2436 1432 2489 et
1445 2431 1664 2506 possessiones,
1672 2449 1790 2506 quseex
1801 2439 1904 2509 paterno

241 2531 333 2599 hegat
346 2528 377 2584 in
390 2527 542 2601 Hesperia,
554 2527 648 2584 tendit
662 2526 692 2584 in
706 2525 882 2584 Ausoniam,
1088 2520 1117 2572 et
1130 2522 1268 2576 materno
1278 2519 1346 2591 jure
1361 2521 1551 2578 debebantur
1564 2523 1695 2594 otberto,
1710 2525 1768 2598 qui
1779 2525 1831 2582 init
1840 2523 1904 2580 iilius

204 2615 512 2690 adjuvetipselocum
526 2615 681 2684 Dominus,
697 2631 789 2690 quem
804 2630 928 2672 munere
940 2612 1032 2683 dotat,
1088 2607 1219 2681 Gerardi,
1235 2613 1372 2684 atnepos
1402 2611 1514 2669 Otberti
1531 2613 1660 2682 comitis,
1675 2614 1731 2687 qui
1752 2614 1902 2672 lecithaere·

239 2706 340 2763 Rebus
353 2704 502 2762 consuluit
514 2704 655 2761 fratribus
669 2703 808 2761 assiduis,
1087 2695 1157 2752 dem
1181 2712 1269 2754 suam
1297 2704 1433 2758 sanctam
1457 2699 1614 2758 ecclesiam
1653 2703 1901 2770 Fructumiensem,

202 2795 312 2851 Praesul
325 2794 502 2852 Ottobienus
516 2793 599 2865 quod
607 2794 674 2864 jure
688 2792 818 2849 dicendo
833 2792 970 2862 sacravit,
1087 2785 1212 2858 quando
1226 2791 1311 2860 pater
1335 2789 1401 2860 ejus
1424 2794 1453 2847 et
1477 2789 1542 2864 ipse
1561 2790 1749 2866 reliquerunt
1760 2792 1900 2858 mundum,

238 2883 340 2940 Abbss
354 2881 515 2938 Wiiisimus
529 2881 673 2937 construit
683 2882 742 2937 hoc
757 2881 893 2938 pomino,
1086 2873 1192 2931 dantes
1208 2891 1240 2931 se
1253 2880 1281 2933 et
1303 2877 1407 2934 omnia
1421 2895 1477 2936 sua
1500 2882 1570 2950 Deo,
1592 2878 1678 2937 lactis
1701 2883 1899 2939 monacbis...»

238 2977 265 3026 2.
281 2970 338 3029 Sed
352 2985 443 3027 nemo
457 2968 564 3026 melius
589 2970 762 3027 monasterii
781 2971 827 3026 sui
855 2969 967 3028 natalia
984 2987 1033 3027 ex·
1086 2964 1147 3020 Sub
1161 2963 1528 3036 finemenumerfltoellfl⁸‚
1544 2969 1768 3044 seuptlfflfllust
1791 2971 1898 3046 (lullim

202 3058 288 3132 ponit
302 3075 396 3133 quam
410 3058 474 3132 ipse
490 3057 673 3129 Guillelmus,
687 3059 773 3132 cujus
787 3058 854 3116 ideo
869 3060 1003 3118 chartam
1015 3031 1067 3117 aC
1087 3058 1157 3112 tunc
1172 3057 1386 3115 amonastario
1401 3058 1452 3116 illo
1463 3059 1637 3133 pendebant
1653 3079 1660 3130 ;
1677 3061 1788 3120 scilicet
1808 3061 1898 3118 cellam

202 3148 326 3206 laudato
341 3153 462 3206 auctore
472 3164 509 3205 ex
523 3149 741 3206 Fructuariensi
755 3149 886 3208 archivio
906 3149 1032 3208 relatam
1087 3147 1390 3217 «Aslesssemdellam
1400 3149 1609 3220 Navlssesssem.
1625 3151 1771 3210 certamin
1785 3153 1897 3216 Queren-

202 3240 400 3298 describimus
410 3239 496 3298 inira.
1086 3239 1127 3306 ta,
1142 3235 1248 3293 cellam
1263 3237 1294 3292 in
1310 3237 1487 3308 cavalliaca,
1504 3239 1610 3296 cellam
1622 3240 1655 3297 in
1669 3241 1809 3310 Pedemo,
1822 3263 1835 3290 n
1848 3244 1893 3294 etc.

238 3337 264 3390 3.
277 3334 341 3396 Quo
353 3345 434 3388 anno
444 3329 678 3386 instrumentum
693 3330 774 3387 istud
788 3330 957 3388 coniectum
972 3330 1033 3387 ine·
1121 3329 1149 3383 4.
1159 3331 1246 3384 Anno
1260 3327 1365 3385 Christi
1382 3332 1460 3398 tote,
1478 3328 1561 3386 aliud
1574 3331 1647 3387 item
1672 3331 1848 3405 privilegium
1861 3327 1894 3384 ab

200 3420 239 3478 rit
247 3420 394 3478 incertum
408 3418 482 3475 mihi
500 3423 554 3486 est,
585 3435 654 3476 cum
675 3419 705 3475 id
721 3424 774 3476 aut
785 3434 846 3476 non
857 3420 1033 3493 expresserit
1086 3415 1193 3472 eodem
1218 3417 1399 3490 imperatore
1426 3416 1555 3476 obtinuit
1580 3418 1748 3490 Willelmus,
1763 3434 1818 3491 quo
1838 3431 1894 3472 mc

200 3510 265 3583 ipse
279 3509 594 3575 willelmus,autcerte
607 3508 711 3566 datam
725 3509 916 3583 omiseritqui
930 3509 1031 3583 ipsum
1085 3506 1250 3563 nasterium
1280 3506 1515 3588 Fructuariense,
1543 3531 1558 3558 a
1572 3515 1704 3582 proutm
1718 3503 1892 3575 chertaiudi·

201 3615 238 3655 ex
253 3597 441 3670 autographo
454 3597 621 3671 descripsit,
636 3599 688 3672 qui
702 3599 793 3656 etiam
812 3603 864 3656 aut
878 3598 917 3655 ob
932 3598 1030 3670 legen·
1084 3599 1168 3652 catus
1183 3611 1201 3653 a
1215 3596 1391 3653 Gunthardo
1405 3597 1533 3654 diacono
1543 3597 1624 3656 edita
1639 3597 1796 3663 continetur,
1808 3616 1820 3643 r
1834 3591 1885 3647 sub

201 3685 232 3744 di
244 3686 434 3760 imperitiam,
449 3692 501 3744 aut
514 3686 615 3744 nescio
629 3702 691 3760 que
710 3685 768 3744 elia
787 3685 824 3742 de
848 3700 952 3756 causa,
967 3700 1032 3740 mo-
1084 3684 1206 3758 speciali
1224 3702 1279 3742 sua
1306 3685 1479 3743 defensione
1502 3688 1635 3761 suscipit,
1669 3705 1703 3745 ac
1720 3681 1884 3761 privilegium

201 3781 381 3833 numentum
397 3775 477 3834 istud
498 3777 574 3832 adeo
596 3775 761 3849 pretiosum
788 3774 889 3830 multis
912 3773 1030 3830 mendis
1083 3775 1232 3834 Benedicti
1244 3777 1303 3832 Vlll
1318 3777 1486 3835 confirmet.
1514 3799 1529 3828 κ
1544 3779 1665 3852 Dehinc,
1681 3777 1780 3852 inquit,
1796 3777 1826 3830 ut
1841 3777 1889 3828 sta·

199 3865 317 3924 videtur
328 3864 513 3940 respersisse.
531 3867 675 3922 Caeterum
691 3880 727 3920 ex
739 3863 830 3920 variis
843 3862 1030 3936 chartisque
1082 3864 1172 3922 bilius
1184 3869 1361 3938 permaneat
1374 3866 1524 3940 imperiali
1539 3869 1714 3925 auctoritate
1740 3863 1890 3924 corrobore-

200 3958 428 4015 aGuichenone
452 3955 483 4013 in
509 3953 688 4012 Bibliotheca
724 3953 899 4022 sebusiana,
929 3956 957 4010 et
989 3953 1029 4010 ab
1082 3970 1161 4028 mus,
1175 3955 1346 4012 subnostra
1360 3956 1534 4014 defensione
1562 3973 1597 4016 ea
1612 3957 1728 4015 ratione
1741 3954 1890 4029 recipimus.

201 4047 332 4118 Ughello,
346 4051 430 4103 tomo
442 4047 476 4100 lv
486 4044 575 4102 ltaliae
591 4047 687 4102 Sacrae
701 4043 733 4100 in
755 4043 903 4118 episcopis
919 4046 1029 4116 Epore-
1082 4048 1115 4100 ut
1128 4043 1229 4100 nullus
1241 4043 1313 4116 dux,
1330 4045 1475 4114 marchio,
1491 4049 1545 4103 etc.
1564 4047 1728 4105 satuimus
1743 4041 1892 4121 quoquest

199 4133 543 4203 diensihusreleruntur,
555 4137 636 4208 patet
649 4133 751 4190 nihila
766 4132 1028 4191 Willelmoabbate
1081 4133 1133 4190 Dei
1143 4139 1307 4208 nostraque
1336 4135 1509 4193 auctoritate
1537 4137 1767 4209 confirmamus,
1785 4132 1890 4192 utidem

199 4223 345 4279 omissum
363 4223 454 4280 luisse
479 4227 511 4280 ut
537 4223 771 4280 Fructuariensis
797 4223 970 4280 monasterii
995 4223 1028 4280 li·
1080 4223 1164 4281 locus
1179 4241 1271 4298 supra
1285 4229 1485 4283 memoratam
1496 4225 1707 4284 libertatemin
1729 4225 1836 4286 cunctis
1851 4219 1890 4276 ob

198 4311 355 4381 hertatem,
370 4317 433 4370 tum
447 4313 478 4368 in
491 4311 718 4387 temporalibus,
747 4317 812 4370 tum
826 4312 856 4369 in
872 4313 1028 4388 spirituali-
1082 4315 1182 4384 lineat,
1196 4319 1225 4372 et
1239 4332 1426 4390 quaecunque
1436 4315 1548 4389 deeius
1560 4317 1695 4376 libertate
1706 4323 1736 4375 et
1745 4313 1889 4376 stabilate,

197 4395 265 4466 bus,
283 4397 359 4454 adeo
373 4395 497 4454 firmiter
524 4396 667 4455 stabiliret
681 4401 713 4455 ut
732 4398 858 4473 posteris
884 4398 1027 4472 tempori·
1042 4387 1064 4444 D
1080 4403 1117 4460 de
1133 4402 1251 4461 abbatis
1280 4403 1422 4461 electione
1448 4409 1477 4462 et
1502 4407 1727 4465 consecratione
1757 4423 1775 4464 a
1799 4405 1892 4461 domno

196 4487 266 4562 bus,
279 4487 364 4545 lecile
379 4503 441 4544 non
455 4487 680 4545 convelleretur.
696 4489 828 4545 Primum
848 4488 887 4546 eb
902 4490 1026 4547 ilenrico
1080 4493 1244 4566 apostolico
1263 4494 1420 4552 Benedicta
1434 4495 1597 4570 multisque
1611 4497 1762 4570 episcopis
1783 4487 1892 4567 inprivi·

196 4579 375 4653 imperatore
386 4579 558 4636 confirmari
571 4579 626 4636 sibi
642 4579 757 4636 curavit
771 4596 960 4655 quacunque
975 4584 1028 4637 aut
1079 4583 1164 4655 legiis
1180 4588 1209 4640 et
1237 4584 1437 4657 synodalibus
1464 4586 1591 4644 decretis
1619 4590 1730 4645 statuta
1754 4589 1828 4654 sunt,
1842 4583 1892 4638 retr

197 4686 215 4727 a
228 4669 289 4726 suis
303 4667 482 4743 propinquis
497 4672 548 4726 aut
561 4669 600 4726 ab
624 4669 688 4726 aliis
701 4670 758 4744 piis
773 4669 844 4727 viris
873 4675 1025 4728 monaste·
1079 4673 1308 4746 omnitempore
1323 4679 1351 4731 et
1360 4674 1541 4734 inconcussa
1552 4676 1690 4733 firmitate
1704 4676 1892 4734 subninacon·

195 4759 239 4817 rio
252 4759 361 4818 tradita
373 4758 499 4818 fuerant.
512 4760 614 4817 Exstat
627 4776 664 4818 ea
678 4760 715 4816 de
729 4775 761 4816 re
774 4760 909 4832 ejusdem
922 4761 1025 4818 Henri-
1080 4766 1274 4819 serventur.»
1302 4762 1446 4820 Observat
1460 4767 1544 4836 llugo
1568 4764 1665 4822 abhas
1680 4756 1892 4823 Flavinieccnsls

195 4848 222 4906 ci
236 4848 381 4924 diploma,
397 4848 503 4906 datum
517 4865 598 4906 enno
615 4853 693 4918 tort,
719 4865 756 4906 ex
768 4865 829 4922 quo
842 4864 904 4905 non
926 4849 1025 4906 solum
1077 4850 1110 4907 in
1123 4851 1268 4909 Chronico
1282 4850 1458 4908 Virdunensi
1469 4852 1648 4911 Willelmum
1661 4857 1809 4924 nostrum,
1816 4859 1892 4923 quen

194 4938 290 4995 multa
305 4939 341 4996 de
356 4937 447 4996 variis
461 4937 704 5011 possessionibus
715 4953 792 5011 quas
804 4937 869 5008 jam
878 4941 948 4994 tunc
957 4955 1026 5012 pos·
1079 4945 1259 4998 «rectorem
1288 4945 1442 4998 strenuum
1475 4946 1504 4999 ct
1528 4942 1669 5016 religione
1703 4933 1893 5016 praestantissi·

195 5027 312 5086 sidebat
326 5027 498 5086 coenobium
513 5027 738 5084 Fructuariense
761 5030 913 5099 comperta
938 5025 1025 5098 fiunt,
1079 5047 1165 5087 mum
1180 5053 1194 5083 i
1217 5029 1357 5103 appellat,
1384 5030 1473 5089 beato
1503 5033 1628 5090 ilenrico
1666 5030 1891 5108 acceptissimum

193 5133 299 5174 verum
324 5117 414 5174 etiam
438 5117 544 5174 exinde
570 5116 768 5185 innotescunt,
793 5119 857 5172 tum
878 5114 1026 5172 nobilissi·
1079 5119 1181 5176 luisse.
1198 5121 1232 5176 Et
1245 5119 1471 5194 pauloinicrius
1486 5121 1628 5179 eumdem
1639 5121 1818 5179 Wiiislmum
1832 5129 1892 5170 esu·
1953 5187 1954 5190 Ἴ

194 5221 279 5262 mum
295 5205 430 5262 willelmi
443 5206 537 5264 nostri
551 5223 657 5279 genus,
670 5209 734 5263 tum
750 5204 799 5262 elii
812 5204 949 5262 nonnulli
970 5204 1026 5262 viri
1078 5224 1134 5283 pra
1147 5207 1407 5278 regulamdictum
1422 5208 1514 5266 luisse
1528 5210 1570 5268 ait
1584 5210 1709 5283 arigore
1723 5201 1891 5268 ferventioris
1953 5191 1954 5220 l

193 5294 332 5363 illustres,
360 5294 412 5366 qui
446 5297 622 5369 postpositis
645 5295 752 5353 mundi
780 5295 926 5352 illecebris
953 5299 1024 5352 tunc
1078 5294 1265 5370 propositi.»

192 5383 336 5459 temporis
350 5399 386 5440 eo
399 5382 429 5438 in
451 5382 517 5442 loeo
532 5387 732 5444 monasticam
744 5386 837 5442 vitam
849 5384 1001 5442 ducebant
1016 5401 1023 5452 ;
1113 5387 1139 5441 5.
1156 5386 1223 5442 Post
1249 5383 1365 5442 Henriei
1388 5385 1513 5456 Augusti
1536 5385 1652 5443 obitum
1672 5384 1824 5444 eanredus
1837 5379 1890 5450 ejus

192 5475 265 5549 quin
280 5479 308 5532 et
329 5472 499 5530 Gontltcrdi
520 5477 689 5546 judicatus,
717 5491 808 5549 supra
832 5474 863 5530 in
889 5471 1025 5529 willelmi
1078 5489 1243 5544 successor,
1259 5472 1379 5532 abeato
1392 5474 1538 5532 Willelmo
1552 5479 1686 5547 rogatus,
1698 5475 1805 5532 iisdem
1827 5479 1889 5544 pene

192 5564 389 5623 instrumento
417 5561 567 5636 laudatus,
589 5566 628 5622 ab
655 5566 779 5622 ilenrico
817 5562 1020 5620 confirmatur.
1076 5563 1371 5622 verbisacHemicus
1386 5564 1558 5622 monasterii
1572 5563 1804 5622 Fructueriensis
1817 5559 1889 5616 iiber·

192 5679 206 5706 «
227 5658 371 5726 Domnus,
393 5652 612 5730 inquitatem
634 5655 796 5714 Willelmus
811 5657 947 5714 nostram
961 5653 1020 5712 ole-
1077 5653 1529 5726 tatemsuapariterauotoritate
1542 5653 1704 5723 roboravit,
1720 5657 1797 5712 utex
1809 5646 1888 5722 ipsius
