<?xml version="1.0" encoding="UTF-8"?>
<!DOCTYPE html PUBLIC "-//W3C//DTD XHTML 1.0 Transitional//EN"
    "http://www.w3.org/TR/xhtml1/DTD/xhtml1-transitional.dtd">
<html xmlns="http://www.w3.org/1999/xhtml" xml:lang="en" lang="en">
 <head>
  <title>
</title>
<meta http-equiv="Content-Type" content="text/html;charset=utf-8" />
  <meta name='ocr-system' content='tesseract 3.04.00' />
  <meta name='ocr-capabilities' content='ocr_page ocr_carea ocr_par ocr_line ocrx_word'/>
</head>
<body>
  <div class='ocr_page' id='page_1' title='image "./patrologiaecurs127unkngoog/patrologiaecurs127unkngoog_0141.png"; bbox 0 0 3998 6176; ppageno 0'>
   <div class='ocr_carea' id='block_1_1' title="bbox 138 140 1857 226">
    <p class='ocr_par' dir='ltr' id='par_1_1' title="bbox 138 140 1857 226">
     <span class='ocr_line' id='line_1_1' title="bbox 138 140 1857 226; baseline 0.009 -16"><span class='ocrx_word' id='word_1_1' title='bbox 138 156 195 210; x_wconf 81' lang='lat' dir='ltr'><strong>ars</strong></span> <span class='ocrx_word' id='word_1_2' title='bbox 467 140 469 144; x_wconf 82' lang='grc'><strong>’</strong></span> <span class='ocrx_word' id='word_1_3' title='bbox 805 145 810 152; x_wconf 85' lang='grc'>’</span> <span class='ocrx_word' id='word_1_4' title='bbox 908 155 1094 214; x_wconf 64' lang='lat' dir='ltr'><strong>nussum.</strong></span> <span class='ocrx_word' id='word_1_5' title='bbox 1803 169 1857 226; x_wconf 78' lang='lat' dir='ltr'><strong>ru·</strong></span> 
     </span>
    </p>
   </div>
   <div class='ocr_carea' id='block_1_2' title="bbox 101 275 1965 5538">
    <p class='ocr_par' dir='ltr' id='par_1_2' title="bbox 101 275 1965 5538">
     <span class='ocr_line' id='line_1_2' title="bbox 140 275 1856 363; baseline 0.007 -28"><span class='ocrx_word' id='word_1_6' title='bbox 140 277 216 335; x_wconf 89' lang='lat' dir='ltr'><strong>mihi</strong></span> <span class='ocrx_word' id='word_1_7' title='bbox 227 275 335 336; x_wconf 89' lang='lat' dir='ltr'><strong>exinde</strong></span> <span class='ocrx_word' id='word_1_8' title='bbox 350 281 534 352; x_wconf 87' lang='lat' dir='ltr'><strong>proventura</strong></span> <span class='ocrx_word' id='word_1_9' title='bbox 547 293 651 336; x_wconf 87' lang='lat' dir='ltr'><strong>coram</strong></span> <span class='ocrx_word' id='word_1_10' title='bbox 664 281 724 338; x_wconf 84' lang='lat' dir='ltr'><strong>ileo</strong></span> <span class='ocrx_word' id='word_1_11' title='bbox 745 283 775 339; x_wconf 94' lang='lat' dir='ltr'><strong>et</strong></span> <span class='ocrx_word' id='word_1_12' title='bbox 794 277 971 338; x_wconf 90' lang='lat' dir='ltr'><strong>hominibus</strong></span> <span class='ocrx_word' id='word_1_13' title='bbox 1027 279 1225 352; x_wconf 71' lang='lat' dir='ltr'><strong>caligantibus</strong></span> <span class='ocrx_word' id='word_1_14' title='bbox 1239 285 1334 342; x_wconf 85' lang='lat' dir='ltr'><strong>ocrrlis</strong></span> <span class='ocrx_word' id='word_1_15' title='bbox 1346 286 1543 361; x_wconf 90' lang='lat' dir='ltr'><strong>prophetans,</strong></span> <span class='ocrx_word' id='word_1_16' title='bbox 1557 287 1589 344; x_wconf 89' lang='lat' dir='ltr'><strong>iu</strong></span> <span class='ocrx_word' id='word_1_17' title='bbox 1603 288 1802 363; x_wconf 82' lang='lat' dir='ltr'><strong>praesentique</strong></span> <span class='ocrx_word' id='word_1_18' title='bbox 1820 290 1856 346; x_wconf 93' lang='lat' dir='ltr'><strong>ti-</strong></span> 
     </span>
     <span class='ocr_line' id='line_1_3' title="bbox 139 365 1855 452; baseline 0.007 -28"><span class='ocrx_word' id='word_1_19' title='bbox 139 365 257 439; x_wconf 84' lang='lat' dir='ltr'><strong>gratial</strong></span> <span class='ocrx_word' id='word_1_20' title='bbox 284 367 371 440; x_wconf 77' lang='lat' dir='ltr'><strong>cuius</strong></span> <span class='ocrx_word' id='word_1_21' title='bbox 399 383 453 442; x_wconf 90' lang='lat' dir='ltr'><strong>spe</strong></span> <span class='ocrx_word' id='word_1_22' title='bbox 481 368 673 425; x_wconf 82' lang='lat' dir='ltr'><strong>vehementer</strong></span> <span class='ocrx_word' id='word_1_23' title='bbox 690 373 796 444; x_wconf 89' lang='lat' dir='ltr'><strong>captus</strong></span> <span class='ocrx_word' id='word_1_24' title='bbox 816 367 927 426; x_wconf 91' lang='lat' dir='ltr'><strong>mirum</strong></span> <span class='ocrx_word' id='word_1_25' title='bbox 940 367 973 425; x_wconf 89' lang='lat' dir='ltr'><strong>in</strong></span> <span class='ocrx_word' id='word_1_26' title='bbox 1026 368 1102 428; x_wconf 91' lang='lat' dir='ltr'><strong>lium</strong></span> <span class='ocrx_word' id='word_1_27' title='bbox 1127 386 1189 428; x_wconf 91' lang='lat' dir='ltr'><strong>nou</strong></span> <span class='ocrx_word' id='word_1_28' title='bbox 1215 373 1329 444; x_wconf 86' lang='lat' dir='ltr'><strong>videns,</strong></span> <span class='ocrx_word' id='word_1_29' title='bbox 1346 375 1441 432; x_wconf 89' lang='lat' dir='ltr'><strong>muita</strong></span> <span class='ocrx_word' id='word_1_30' title='bbox 1454 375 1622 434; x_wconf 90' lang='lat' dir='ltr'><strong>mihibona</strong></span> <span class='ocrx_word' id='word_1_31' title='bbox 1648 377 1855 452; x_wconf 86' lang='lat' dir='ltr'><strong>inposterum</strong></span> 
     </span>
     <span class='ocr_line' id='line_1_4' title="bbox 145 455 1856 538; baseline 0.006 -24"><span class='ocrx_word' id='word_1_32' title='bbox 145 457 271 526; x_wconf 64' lang='lat' dir='ltr'><strong>Rodum</strong></span> <span class='ocrx_word' id='word_1_33' title='bbox 285 455 451 515; x_wconf 88' lang='lat' dir='ltr'><strong>aelienteia</strong></span> <span class='ocrx_word' id='word_1_34' title='bbox 460 460 511 515; x_wconf 92' lang='lat' dir='ltr'><strong>tua</strong></span> <span class='ocrx_word' id='word_1_35' title='bbox 524 457 632 518; x_wconf 86' lang='lat' dir='ltr'><strong>tandiu</strong></span> <span class='ocrx_word' id='word_1_36' title='bbox 646 457 752 517; x_wconf 89' lang='lat' dir='ltr'><strong>ahessc</strong></span> <span class='ocrx_word' id='word_1_37' title='bbox 773 461 803 517; x_wconf 90' lang='lat' dir='ltr'><strong>et</strong></span> <span class='ocrx_word' id='word_1_38' title='bbox 826 473 845 516; x_wconf 93' lang='lat' dir='ltr'><strong>a</strong></span> <span class='ocrx_word' id='word_1_39' title='bbox 869 473 975 532; x_wconf 91' lang='lat' dir='ltr'><strong>supra·</strong></span> <span class='ocrx_word' id='word_1_40' title='bbox 1026 459 1196 532; x_wconf 81' lang='lat' dir='ltr'><strong>provideas.</strong></span> <span class='ocrx_word' id='word_1_41' title='bbox 1213 462 1295 521; x_wconf 69' lang='lat' dir='ltr'><strong>lieris</strong></span> <span class='ocrx_word' id='word_1_42' title='bbox 1309 463 1443 522; x_wconf 90' lang='lat' dir='ltr'><strong>secunda</strong></span> <span class='ocrx_word' id='word_1_43' title='bbox 1455 469 1525 538; x_wconf 90' lang='lat' dir='ltr'><strong>post</strong></span> <span class='ocrx_word' id='word_1_44' title='bbox 1536 469 1659 524; x_wconf 85' lang='lat' dir='ltr'><strong>octavas</strong></span> <span class='ocrx_word' id='word_1_45' title='bbox 1670 469 1856 528; x_wconf 84' lang='lat' dir='ltr'><strong>Pentecostes</strong></span> 
     </span>
     <span class='ocr_line' id='line_1_5' title="bbox 101 543 1856 628; baseline 0.006 -26"><span class='ocrx_word' id='word_1_46' title='bbox 101 589 114 602; x_wconf 94' lang='lat'>.</span> <span class='ocrx_word' id='word_1_47' title='bbox 137 543 227 602; x_wconf 78' lang='lat' dir='ltr'><strong>dictae</strong></span> <span class='ocrx_word' id='word_1_48' title='bbox 242 544 374 603; x_wconf 80' lang='lat' dir='ltr'><strong>domines</strong></span> <span class='ocrx_word' id='word_1_49' title='bbox 397 545 514 604; x_wconf 88' lang='lat' dir='ltr'><strong>servitio</strong></span> <span class='ocrx_word' id='word_1_50' title='bbox 537 546 627 620; x_wconf 89' lang='lat' dir='ltr'><strong>quasi</strong></span> <span class='ocrx_word' id='word_1_51' title='bbox 647 545 832 622; x_wconf 86' lang='lat' dir='ltr'><strong>emancipari</strong></span> <span class='ocrx_word' id='word_1_52' title='bbox 845 544 974 621; x_wconf 87' lang='lat' dir='ltr'><strong>pertule-</strong></span> <span class='ocrx_word' id='word_1_53' title='bbox 1025 547 1201 621; x_wconf 79' lang='lat' dir='ltr'><strong>proficiscar</strong></span> <span class='ocrx_word' id='word_1_54' title='bbox 1223 553 1263 609; x_wconf 85' lang='lat' dir='ltr'><strong>ad</strong></span> <span class='ocrx_word' id='word_1_55' title='bbox 1282 557 1320 624; x_wconf 89' lang='lat' dir='ltr'><strong>te,</strong></span> <span class='ocrx_word' id='word_1_56' title='bbox 1335 552 1486 628; x_wconf 89' lang='lat' dir='ltr'><strong>sipotero,</strong></span> <span class='ocrx_word' id='word_1_57' title='bbox 1514 553 1674 612; x_wconf 74' lang='lat' dir='ltr'><strong>resciturus</strong></span> <span class='ocrx_word' id='word_1_58' title='bbox 1688 559 1790 612; x_wconf 88' lang='lat' dir='ltr'><strong>utrum</strong></span> <span class='ocrx_word' id='word_1_59' title='bbox 1803 571 1856 612; x_wconf 87' lang='lat' dir='ltr'><strong>ve-</strong></span> 
     </span>
     <span class='ocr_line' id='line_1_6' title="bbox 137 634 1800 711; baseline 0.005 -19"><span class='ocrx_word' id='word_1_60' title='bbox 137 635 196 692; x_wconf 87' lang='lat' dir='ltr'><strong>rim</strong></span> <span class='ocrx_word' id='word_1_61' title='bbox 212 653 220 692; x_wconf 90' lang='lat'>:</span> <span class='ocrx_word' id='word_1_62' title='bbox 237 634 311 693; x_wconf 87' lang='lat' dir='ltr'><strong>tanti</strong></span> <span class='ocrx_word' id='word_1_63' title='bbox 331 638 410 692; x_wconf 88' lang='lat' dir='ltr'><strong>esset</strong></span> <span class='ocrx_word' id='word_1_64' title='bbox 437 635 511 693; x_wconf 94' lang='lat' dir='ltr'><strong>mihi</strong></span> <span class='ocrx_word' id='word_1_65' title='bbox 532 639 677 710; x_wconf 80' lang='lat' dir='ltr'><strong>praterea</strong></span> <span class='ocrx_word' id='word_1_66' title='bbox 695 637 863 711; x_wconf 84' lang='lat' dir='ltr'><strong>quamdam</strong></span> <span class='ocrx_word' id='word_1_67' title='bbox 882 634 972 692; x_wconf 80' lang='lat' dir='ltr'><strong>fama</strong></span> <span class='ocrx_word' id='word_1_68' title='bbox 1025 635 1092 693; x_wconf 90' lang='lat' dir='ltr'><strong>nias</strong></span> <span class='ocrx_word' id='word_1_69' title='bbox 1107 637 1146 695; x_wconf 90' lang='lat' dir='ltr'><strong>ad</strong></span> <span class='ocrx_word' id='word_1_70' title='bbox 1161 639 1300 698; x_wconf 89' lang='lat' dir='ltr'><strong>comitem</strong></span> <span class='ocrx_word' id='word_1_71' title='bbox 1313 641 1346 698; x_wconf 94' lang='lat' dir='ltr'><strong>in</strong></span> <span class='ocrx_word' id='word_1_72' title='bbox 1359 641 1452 699; x_wconf 87' lang='lat' dir='ltr'><strong>natali</strong></span> <span class='ocrx_word' id='word_1_73' title='bbox 1466 641 1563 700; x_wconf 88' lang='lat' dir='ltr'><strong>sancti</strong></span> <span class='ocrx_word' id='word_1_74' title='bbox 1575 642 1707 700; x_wconf 88' lang='lat' dir='ltr'><strong>loannis.</strong></span> <span class='ocrx_word' id='word_1_75' title='bbox 1720 642 1800 701; x_wconf 90' lang='lat' dir='ltr'><strong>llsle.</strong></span> 
     </span>
     <span class='ocr_line' id='line_1_7' title="bbox 138 723 1697 803; baseline 0.004 -23"><span class='ocrx_word' id='word_1_76' title='bbox 138 727 198 781; x_wconf 78' lang='lat' dir='ltr'><strong>tua</strong></span> <span class='ocrx_word' id='word_1_77' title='bbox 211 723 445 782; x_wconf 80' lang='lat' dir='ltr'><strong>minorationem</strong></span> <span class='ocrx_word' id='word_1_78' title='bbox 467 723 571 797; x_wconf 89' lang='lat' dir='ltr'><strong>abigi!</strong></span> <span class='ocrx_word' id='word_1_79' title='bbox 598 739 693 798; x_wconf 88' lang='lat' dir='ltr'><strong>quam</strong></span> <span class='ocrx_word' id='word_1_80' title='bbox 715 725 905 797; x_wconf 74' lang='lat' dir='ltr'><strong>ingruentem</strong></span> <span class='ocrx_word' id='word_1_81' title='bbox 929 723 972 782; x_wconf 82' lang='lat' dir='ltr'><strong>vi·</strong></span> <span class='ocrx_word' id='word_1_82' title='bbox 1181 730 1348 787; x_wconf 79' lang='lat' dir='ltr'><strong>EPlSTOLh</strong></span> <span class='ocrx_word' id='word_1_83' title='bbox 1367 733 1476 788; x_wconf 82' lang='lat' dir='ltr'><strong>cxxxv</strong></span> <span class='ocrx_word' id='word_1_84' title='bbox 1491 731 1573 803; x_wconf 80' lang='lat' dir='ltr'><strong>[olim</strong></span> <span class='ocrx_word' id='word_1_85' title='bbox 1589 732 1697 803; x_wconf 76' lang='lat' dir='ltr'><strong>clllllll.</strong></span> 
     </span>
     <span class='ocr_line' id='line_1_8' title="bbox 136 812 1856 891; baseline 0.005 -21"><span class='ocrx_word' id='word_1_86' title='bbox 136 812 206 883; x_wconf 88' lang='lat' dir='ltr'><strong>deo,</strong></span> <span class='ocrx_word' id='word_1_87' title='bbox 228 813 288 870; x_wconf 90' lang='lat' dir='ltr'><strong>nisi</strong></span> <span class='ocrx_word' id='word_1_88' title='bbox 314 813 398 888; x_wconf 89' lang='lat' dir='ltr'><strong>quod</strong></span> <span class='ocrx_word' id='word_1_89' title='bbox 423 812 539 888; x_wconf 91' lang='lat' dir='ltr'><strong>tuipse</strong></span> <span class='ocrx_word' id='word_1_90' title='bbox 561 813 629 872; x_wconf 91' lang='lat' dir='ltr'><strong>loco</strong></span> <span class='ocrx_word' id='word_1_91' title='bbox 651 818 790 889; x_wconf 90' lang='lat' dir='ltr'><strong>suscepto</strong></span> <span class='ocrx_word' id='word_1_92' title='bbox 805 812 969 889; x_wconf 77' lang='lat' dir='ltr'><strong>proeiueris.</strong></span> <span class='ocrx_word' id='word_1_93' title='bbox 1024 816 1150 873; x_wconf 75' lang='lat' dir='ltr'><strong>Dornim</strong></span> <span class='ocrx_word' id='word_1_94' title='bbox 1161 819 1194 874; x_wconf 86' lang='lat' dir='ltr'><strong>ll.</strong></span> <span class='ocrx_word' id='word_1_95' title='bbox 1205 819 1375 876; x_wconf 66' lang='lat' dir='ltr'><strong>renuendo</strong></span> <span class='ocrx_word' id='word_1_96' title='bbox 1387 825 1477 891; x_wconf 82' lang='lat' dir='ltr'><strong>utque</strong></span> <span class='ocrx_word' id='word_1_97' title='bbox 1489 819 1617 878; x_wconf 78' lang='lat' dir='ltr'><strong>emoliti</strong></span> <span class='ocrx_word' id='word_1_98' title='bbox 1626 819 1739 877; x_wconf 59' lang='lat' dir='ltr'><strong>decan</strong></span> <span class='ocrx_word' id='word_1_99' title='bbox 1750 819 1856 878; x_wconf 82' lang='lat' dir='ltr'><strong>Sancti</strong></span> 
     </span>
     <span class='ocr_line' id='line_1_9' title="bbox 136 899 1675 976; baseline 0.004 -18"><span class='ocrx_word' id='word_1_100' title='bbox 136 899 196 958; x_wconf 87' lang='lat' dir='ltr'><strong>sed</strong></span> <span class='ocrx_word' id='word_1_101' title='bbox 207 917 280 958; x_wconf 87' lang='lat' dir='ltr'><strong>eum</strong></span> <span class='ocrx_word' id='word_1_102' title='bbox 294 903 322 959; x_wconf 88' lang='lat' dir='ltr'><strong>te</strong></span> <span class='ocrx_word' id='word_1_103' title='bbox 336 901 406 976; x_wconf 92' lang='lat' dir='ltr'><strong>plus</strong></span> <span class='ocrx_word' id='word_1_104' title='bbox 421 901 543 959; x_wconf 90' lang='lat' dir='ltr'><strong>biennio</strong></span> <span class='ocrx_word' id='word_1_105' title='bbox 552 901 712 959; x_wconf 88' lang='lat' dir='ltr'><strong>detinuerit</strong></span> <span class='ocrx_word' id='word_1_106' title='bbox 720 901 791 960; x_wconf 90' lang='lat' dir='ltr'><strong>hine</strong></span> <span class='ocrx_word' id='word_1_107' title='bbox 801 901 970 960; x_wconf 88' lang='lat' dir='ltr'><strong>sollicitudo</strong></span> <span class='ocrx_word' id='word_1_108' title='bbox 1204 907 1320 966; x_wconf 77' lang='lat' dir='ltr'><strong>Hilarii</strong></span> <span class='ocrx_word' id='word_1_109' title='bbox 1333 910 1367 966; x_wconf 87' lang='lat' dir='ltr'><strong>ll.</strong></span> <span class='ocrx_word' id='word_1_110' title='bbox 1384 914 1526 967; x_wconf 64' lang='lat' dir='ltr'><strong>utonem</strong></span> <span class='ocrx_word' id='word_1_111' title='bbox 1537 909 1675 967; x_wconf 85' lang='lat' dir='ltr'><strong>sulutem.</strong></span> 
     </span>
     <span class='ocr_line' id='line_1_10' title="bbox 134 990 1854 1072; baseline 0.005 -24"><span class='ocrx_word' id='word_1_112' title='bbox 134 990 308 1066; x_wconf 86' lang='lat' dir='ltr'><strong>pastoralis,</strong></span> <span class='ocrx_word' id='word_1_113' title='bbox 347 990 419 1048; x_wconf 91' lang='lat' dir='ltr'><strong>hinc</strong></span> <span class='ocrx_word' id='word_1_114' title='bbox 444 991 615 1066; x_wconf 77' lang='lat' dir='ltr'><strong>principum</strong></span> <span class='ocrx_word' id='word_1_115' title='bbox 643 991 806 1063; x_wconf 84' lang='lat' dir='ltr'><strong>discordia,</strong></span> <span class='ocrx_word' id='word_1_116' title='bbox 830 1007 886 1050; x_wconf 87' lang='lat' dir='ltr'><strong>nec</strong></span> <span class='ocrx_word' id='word_1_117' title='bbox 907 991 970 1049; x_wconf 88' lang='lat' dir='ltr'><strong>scio</strong></span> <span class='ocrx_word' id='word_1_118' title='bbox 1059 993 1153 1052; x_wconf 76' lang='lat' dir='ltr'><strong>Multae</strong></span> <span class='ocrx_word' id='word_1_119' title='bbox 1168 993 1253 1052; x_wconf 87' lang='lat' dir='ltr'><strong>vobis</strong></span> <span class='ocrx_word' id='word_1_120' title='bbox 1267 997 1370 1066; x_wconf 59' lang='lat' dir='ltr'><strong>matisc</strong></span> <span class='ocrx_word' id='word_1_121' title='bbox 1388 997 1555 1056; x_wconf 81' lang='lat' dir='ltr'><strong>reserantur</strong></span> <span class='ocrx_word' id='word_1_122' title='bbox 1580 1013 1616 1054; x_wconf 86' lang='lat' dir='ltr'><strong>ex</strong></span> <span class='ocrx_word' id='word_1_123' title='bbox 1637 1002 1722 1072; x_wconf 88' lang='lat' dir='ltr'><strong>parte</strong></span> <span class='ocrx_word' id='word_1_124' title='bbox 1747 998 1797 1056; x_wconf 85' lang='lat' dir='ltr'><strong>Dei</strong></span> <span class='ocrx_word' id='word_1_125' title='bbox 1825 1001 1854 1056; x_wconf 91' lang='lat' dir='ltr'><strong>et</strong></span> 
     </span>
     <span class='ocr_line' id='line_1_11' title="bbox 133 1079 1851 1160; baseline 0.005 -25"><span class='ocrx_word' id='word_1_126' title='bbox 133 1079 263 1154; x_wconf 87' lang='lat' dir='ltr'><strong>quando</strong></span> <span class='ocrx_word' id='word_1_127' title='bbox 277 1079 337 1137; x_wconf 92' lang='lat' dir='ltr'><strong>nisi</strong></span> <span class='ocrx_word' id='word_1_128' title='bbox 350 1079 407 1138; x_wconf 90' lang='lat' dir='ltr'><strong>iliis</strong></span> <span class='ocrx_word' id='word_1_129' title='bbox 422 1079 604 1138; x_wconf 89' lang='lat' dir='ltr'><strong>obeuntibus</strong></span> <span class='ocrx_word' id='word_1_130' title='bbox 614 1080 839 1156; x_wconf 88' lang='lat' dir='ltr'><strong>componenda,</strong></span> <span class='ocrx_word' id='word_1_131' title='bbox 860 1079 969 1139; x_wconf 87' lang='lat' dir='ltr'><strong>orturis</strong></span> <span class='ocrx_word' id='word_1_132' title='bbox 1022 1081 1138 1140; x_wconf 93' lang='lat' dir='ltr'><strong>domini</strong></span> <span class='ocrx_word' id='word_1_133' title='bbox 1152 1084 1212 1142; x_wconf 90' lang='lat' dir='ltr'><strong>mei</strong></span> <span class='ocrx_word' id='word_1_134' title='bbox 1226 1084 1370 1159; x_wconf 82' lang='lat' dir='ltr'><strong>episcopi,</strong></span> <span class='ocrx_word' id='word_1_135' title='bbox 1392 1088 1422 1143; x_wconf 92' lang='lat' dir='ltr'><strong>et</strong></span> <span class='ocrx_word' id='word_1_136' title='bbox 1442 1101 1520 1154; x_wconf 92' lang='lat' dir='ltr'><strong>mea,</strong></span> <span class='ocrx_word' id='word_1_137' title='bbox 1536 1086 1629 1160; x_wconf 90' lang='lat' dir='ltr'><strong>quod,</strong></span> <span class='ocrx_word' id='word_1_138' title='bbox 1657 1086 1733 1144; x_wconf 85' lang='lat' dir='ltr'><strong>sicut</strong></span> <span class='ocrx_word' id='word_1_139' title='bbox 1745 1085 1851 1156; x_wconf 89' lang='lat' dir='ltr'><strong>dicitis,</strong></span> 
     </span>
     <span class='ocr_line' id='line_1_12' title="bbox 132 1167 1853 1248; baseline 0.005 -22"><span class='ocrx_word' id='word_1_140' title='bbox 132 1168 262 1226; x_wconf 76' lang='lat' dir='ltr'><strong>forsitan</strong></span> <span class='ocrx_word' id='word_1_141' title='bbox 275 1168 341 1226; x_wconf 88' lang='lat' dir='ltr'><strong>aliis</strong></span> <span class='ocrx_word' id='word_1_142' title='bbox 354 1167 492 1244; x_wconf 84' lang='lat' dir='ltr'><strong>pluribus</strong></span> <span class='ocrx_word' id='word_1_143' title='bbox 509 1168 611 1228; x_wconf 89' lang='lat' dir='ltr'><strong>causis</strong></span> <span class='ocrx_word' id='word_1_144' title='bbox 627 1173 654 1226; x_wconf 90' lang='lat' dir='ltr'><strong>te</strong></span> <span class='ocrx_word' id='word_1_145' title='bbox 680 1169 782 1226; x_wconf 86' lang='lat' dir='ltr'><strong>itidem</strong></span> <span class='ocrx_word' id='word_1_146' title='bbox 801 1173 969 1227; x_wconf 89' lang='lat' dir='ltr'><strong>remoratu·</strong></span> <span class='ocrx_word' id='word_1_147' title='bbox 1021 1173 1196 1230; x_wconf 83' lang='lat' dir='ltr'><strong>reisach</strong></span> <span class='ocrx_word' id='word_1_148' title='bbox 1213 1172 1311 1232; x_wconf 88' lang='lat' dir='ltr'><strong>llilarii</strong></span> <span class='ocrx_word' id='word_1_149' title='bbox 1333 1173 1411 1232; x_wconf 89' lang='lat' dir='ltr'><strong>bene</strong></span> <span class='ocrx_word' id='word_1_150' title='bbox 1435 1174 1616 1232; x_wconf 88' lang='lat' dir='ltr'><strong>custodistis.</strong></span> <span class='ocrx_word' id='word_1_151' title='bbox 1633 1175 1705 1233; x_wconf 86' lang='lat' dir='ltr'><strong>lliuc</strong></span> <span class='ocrx_word' id='word_1_152' title='bbox 1718 1175 1853 1248; x_wconf 85' lang='lat' dir='ltr'><strong>proiecto</strong></span> 
     </span>
     <span class='ocr_line' id='line_1_13' title="bbox 131 1257 1853 1338; baseline 0.003 -22"><span class='ocrx_word' id='word_1_153' title='bbox 131 1258 187 1327; x_wconf 88' lang='lat' dir='ltr'><strong>ris,</strong></span> <span class='ocrx_word' id='word_1_154' title='bbox 216 1257 268 1315; x_wconf 82' lang='lat' dir='ltr'><strong>vix</strong></span> <span class='ocrx_word' id='word_1_155' title='bbox 297 1258 395 1316; x_wconf 89' lang='lat' dir='ltr'><strong>ausim</strong></span> <span class='ocrx_word' id='word_1_156' title='bbox 421 1273 541 1332; x_wconf 87' lang='lat' dir='ltr'><strong>sperare</strong></span> <span class='ocrx_word' id='word_1_157' title='bbox 561 1263 589 1316; x_wconf 90' lang='lat' dir='ltr'><strong>te</strong></span> <span class='ocrx_word' id='word_1_158' title='bbox 610 1257 659 1317; x_wconf 81' lang='lat' dir='ltr'><strong>vel</strong></span> <span class='ocrx_word' id='word_1_159' title='bbox 674 1259 768 1316; x_wconf 90' lang='lat' dir='ltr'><strong>semel</strong></span> <span class='ocrx_word' id='word_1_160' title='bbox 781 1259 968 1317; x_wconf 83' lang='lat' dir='ltr'><strong>Pietevorum</strong></span> <span class='ocrx_word' id='word_1_161' title='bbox 1020 1277 1074 1319; x_wconf 81' lang='lat' dir='ltr'><strong>ros</strong></span> <span class='ocrx_word' id='word_1_162' title='bbox 1086 1262 1151 1335; x_wconf 85' lang='lat' dir='ltr'><strong>ejus</strong></span> <span class='ocrx_word' id='word_1_163' title='bbox 1160 1261 1281 1320; x_wconf 89' lang='lat' dir='ltr'><strong>fidelem</strong></span> <span class='ocrx_word' id='word_1_164' title='bbox 1293 1279 1359 1320; x_wconf 89' lang='lat' dir='ltr'><strong>esse</strong></span> <span class='ocrx_word' id='word_1_165' title='bbox 1374 1263 1506 1322; x_wconf 89' lang='lat' dir='ltr'><strong>amicum</strong></span> <span class='ocrx_word' id='word_1_166' title='bbox 1520 1268 1550 1322; x_wconf 92' lang='lat' dir='ltr'><strong>et</strong></span> <span class='ocrx_word' id='word_1_167' title='bbox 1562 1269 1709 1332; x_wconf 78' lang='lat' dir='ltr'><strong>noshum,</strong></span> <span class='ocrx_word' id='word_1_168' title='bbox 1720 1281 1853 1338; x_wconf 87' lang='lat' dir='ltr'><strong>quorum</strong></span> 
     </span>
     <span class='ocr_line' id='line_1_14' title="bbox 131 1348 1850 1428; baseline 0.003 -23"><span class='ocrx_word' id='word_1_169' title='bbox 131 1349 211 1405; x_wconf 82' lang='lat' dir='ltr'><strong>lines</strong></span> <span class='ocrx_word' id='word_1_170' title='bbox 225 1348 368 1416; x_wconf 83' lang='lat' dir='ltr'><strong>revisere,</strong></span> <span class='ocrx_word' id='word_1_171' title='bbox 391 1352 429 1416; x_wconf 89' lang='lat' dir='ltr'><strong>et,</strong></span> <span class='ocrx_word' id='word_1_172' title='bbox 453 1352 545 1423; x_wconf 92' lang='lat' dir='ltr'><strong>prout</strong></span> <span class='ocrx_word' id='word_1_173' title='bbox 562 1349 641 1420; x_wconf 89' lang='lat' dir='ltr'><strong>geris</strong></span> <span class='ocrx_word' id='word_1_174' title='bbox 655 1349 768 1418; x_wconf 86' lang='lat' dir='ltr'><strong>anime,</strong></span> <span class='ocrx_word' id='word_1_175' title='bbox 792 1348 835 1406; x_wconf 90' lang='lat' dir='ltr'><strong>ilii</strong></span> <span class='ocrx_word' id='word_1_176' title='bbox 848 1348 969 1422; x_wconf 86' lang='lat' dir='ltr'><strong>egregio</strong></span> <span class='ocrx_word' id='word_1_177' title='bbox 1020 1350 1118 1408; x_wconf 84' lang='lat' dir='ltr'><strong>vicem</strong></span> <span class='ocrx_word' id='word_1_178' title='bbox 1147 1352 1270 1426; x_wconf 82' lang='lat' dir='ltr'><strong>exsequi</strong></span> <span class='ocrx_word' id='word_1_179' title='bbox 1293 1352 1475 1424; x_wconf 84' lang='lat' dir='ltr'><strong>studueritis,</strong></span> <span class='ocrx_word' id='word_1_180' title='bbox 1508 1353 1672 1412; x_wconf 86' lang='lat' dir='ltr'><strong>certissime</strong></span> <span class='ocrx_word' id='word_1_181' title='bbox 1704 1353 1850 1428; x_wconf 87' lang='lat' dir='ltr'><strong>probatis.</strong></span> 
     </span>
     <span class='ocr_line' id='line_1_15' title="bbox 131 1435 1851 1520; baseline 0.002 -26"><span class='ocrx_word' id='word_1_182' title='bbox 131 1436 299 1495; x_wconf 78' lang='lat' dir='ltr'><strong>confessori</strong></span> <span class='ocrx_word' id='word_1_183' title='bbox 315 1435 421 1495; x_wconf 76' lang='lat' dir='ltr'><strong>christi</strong></span> <span class='ocrx_word' id='word_1_184' title='bbox 430 1435 590 1494; x_wconf 84' lang='lat' dir='ltr'><strong>deservire.</strong></span> <span class='ocrx_word' id='word_1_185' title='bbox 607 1437 741 1512; x_wconf 82' lang='lat' dir='ltr'><strong>sperabo</strong></span> <span class='ocrx_word' id='word_1_186' title='bbox 751 1441 853 1520; x_wconf 84' lang='lat' dir='ltr'><strong>tamen</strong></span> <span class='ocrx_word' id='word_1_187' title='bbox 865 1436 967 1509; x_wconf 77' lang='lat' dir='ltr'><strong>eham,</strong></span> <span class='ocrx_word' id='word_1_188' title='bbox 1022 1440 1098 1508; x_wconf 82' lang='lat' dir='ltr'><strong>Quia</strong></span> <span class='ocrx_word' id='word_1_189' title='bbox 1111 1456 1184 1498; x_wconf 83' lang='lat' dir='ltr'><strong>vero</strong></span> <span class='ocrx_word' id='word_1_190' title='bbox 1198 1440 1286 1497; x_wconf 91' lang='lat' dir='ltr'><strong>nohis</strong></span> <span class='ocrx_word' id='word_1_191' title='bbox 1298 1441 1329 1498; x_wconf 91' lang='lat' dir='ltr'><strong>in</strong></span> <span class='ocrx_word' id='word_1_192' title='bbox 1344 1441 1483 1514; x_wconf 74' lang='lat' dir='ltr'><strong>praesenti</strong></span> <span class='ocrx_word' id='word_1_193' title='bbox 1496 1457 1551 1499; x_wconf 88' lang='lat' dir='ltr'><strong>vos</strong></span> <span class='ocrx_word' id='word_1_194' title='bbox 1564 1441 1669 1498; x_wconf 89' lang='lat' dir='ltr'><strong>audire</strong></span> <span class='ocrx_word' id='word_1_195' title='bbox 1688 1457 1749 1498; x_wconf 90' lang='lat' dir='ltr'><strong>non</strong></span> <span class='ocrx_word' id='word_1_196' title='bbox 1773 1442 1851 1512; x_wconf 87' lang='lat' dir='ltr'><strong>licet,</strong></span> 
     </span>
     <span class='ocr_line' id='line_1_16' title="bbox 130 1525 1850 1604; baseline 0.001 -20"><span class='ocrx_word' id='word_1_197' title='bbox 130 1526 247 1599; x_wconf 87' lang='lat' dir='ltr'><strong>adhue,</strong></span> <span class='ocrx_word' id='word_1_198' title='bbox 261 1526 338 1583; x_wconf 88' lang='lat' dir='ltr'><strong>sicut</strong></span> <span class='ocrx_word' id='word_1_199' title='bbox 349 1525 507 1599; x_wconf 90' lang='lat' dir='ltr'><strong>promittis,</strong></span> <span class='ocrx_word' id='word_1_200' title='bbox 521 1525 586 1584; x_wconf 83' lang='lat' dir='ltr'><strong>vice</strong></span> <span class='ocrx_word' id='word_1_201' title='bbox 606 1530 657 1584; x_wconf 91' lang='lat' dir='ltr'><strong>lua</strong></span> <span class='ocrx_word' id='word_1_202' title='bbox 677 1525 762 1601; x_wconf 86' lang='lat' dir='ltr'><strong>quod</strong></span> <span class='ocrx_word' id='word_1_203' title='bbox 786 1532 891 1602; x_wconf 90' lang='lat' dir='ltr'><strong>potero</strong></span> <span class='ocrx_word' id='word_1_204' title='bbox 906 1541 967 1583; x_wconf 85' lang='lat' dir='ltr'><strong>ser·</strong></span> <span class='ocrx_word' id='word_1_205' title='bbox 1022 1528 1186 1604; x_wconf 81' lang='lat' dir='ltr'><strong>dequibus</strong></span> <span class='ocrx_word' id='word_1_206' title='bbox 1200 1529 1850 1602; x_wconf 85' lang='lat' dir='ltr'><strong>nosinterrogastis,signiiicarecurarimus,</strong></span> 
     </span>
     <span class='ocr_line' id='line_1_17' title="bbox 129 1614 1851 1696; baseline 0.002 -24"><span class='ocrx_word' id='word_1_207' title='bbox 129 1615 218 1673; x_wconf 77' lang='lat' dir='ltr'><strong>siens</strong></span> <span class='ocrx_word' id='word_1_208' title='bbox 231 1614 361 1684; x_wconf 87' lang='lat' dir='ltr'><strong>interim,</strong></span> <span class='ocrx_word' id='word_1_209' title='bbox 371 1614 473 1672; x_wconf 73' lang='lat' dir='ltr'><strong>letum</strong></span> <span class='ocrx_word' id='word_1_210' title='bbox 482 1614 524 1673; x_wconf 89' lang='lat' dir='ltr'><strong>rei</strong></span> <span class='ocrx_word' id='word_1_211' title='bbox 539 1615 653 1672; x_wconf 89' lang='lat' dir='ltr'><strong>exitum</strong></span> <span class='ocrx_word' id='word_1_212' title='bbox 676 1615 750 1672; x_wconf 92' lang='lat' dir='ltr'><strong>mihi</strong></span> <span class='ocrx_word' id='word_1_213' title='bbox 776 1615 889 1691; x_wconf 89' lang='lat' dir='ltr'><strong>tibique</strong></span> <span class='ocrx_word' id='word_1_214' title='bbox 910 1630 965 1672; x_wconf 93' lang='lat' dir='ltr'><strong>au-</strong></span> <span class='ocrx_word' id='word_1_215' title='bbox 987 1621 1055 1696; x_wconf 70' lang='lat'><strong>8¹¹²</strong></span> <span class='ocrx_word' id='word_1_216' title='bbox 1069 1617 1187 1689; x_wconf 86' lang='lat' dir='ltr'><strong>triginta</strong></span> <span class='ocrx_word' id='word_1_217' title='bbox 1200 1618 1334 1692; x_wconf 90' lang='lat' dir='ltr'><strong>quinque</strong></span> <span class='ocrx_word' id='word_1_218' title='bbox 1348 1618 1451 1691; x_wconf 89' lang='lat' dir='ltr'><strong>libres,</strong></span> <span class='ocrx_word' id='word_1_219' title='bbox 1466 1623 1496 1676; x_wconf 89' lang='lat' dir='ltr'><strong>et</strong></span> <span class='ocrx_word' id='word_1_220' title='bbox 1515 1617 1590 1676; x_wconf 83' lang='lat' dir='ltr'><strong>alias</strong></span> <span class='ocrx_word' id='word_1_221' title='bbox 1605 1633 1682 1692; x_wconf 85' lang='lat' dir='ltr'><strong>quas</strong></span> <span class='ocrx_word' id='word_1_222' title='bbox 1703 1619 1789 1676; x_wconf 85' lang='lat' dir='ltr'><strong>robis</strong></span> <span class='ocrx_word' id='word_1_223' title='bbox 1808 1619 1851 1676; x_wconf 89' lang='lat' dir='ltr'><strong>di·</strong></span> 
     </span>
     <span class='ocr_line' id='line_1_18' title="bbox 129 1701 1851 1781; baseline 0.002 -21"><span class='ocrx_word' id='word_1_224' title='bbox 129 1719 227 1761; x_wconf 86' lang='lat' dir='ltr'><strong>nuerc</strong></span> <span class='ocrx_word' id='word_1_225' title='bbox 241 1703 403 1762; x_wconf 83' lang='lat' dir='ltr'><strong>bominum</strong></span> <span class='ocrx_word' id='word_1_226' title='bbox 417 1702 546 1761; x_wconf 81' lang='lat' dir='ltr'><strong>assiduis</strong></span> <span class='ocrx_word' id='word_1_227' title='bbox 557 1703 685 1762; x_wconf 82' lang='lat' dir='ltr'><strong>vocibus</strong></span> <span class='ocrx_word' id='word_1_228' title='bbox 694 1708 724 1762; x_wconf 86' lang='lat' dir='ltr'><strong>et</strong></span> <span class='ocrx_word' id='word_1_229' title='bbox 744 1701 859 1761; x_wconf 86' lang='lat' dir='ltr'><strong>anhelis</strong></span> <span class='ocrx_word' id='word_1_230' title='bbox 873 1702 967 1777; x_wconf 90' lang='lat' dir='ltr'><strong>preci·</strong></span> <span class='ocrx_word' id='word_1_231' title='bbox 1022 1705 1100 1779; x_wconf 88' lang='lat' dir='ltr'><strong>misi,</strong></span> <span class='ocrx_word' id='word_1_232' title='bbox 1112 1706 1143 1764; x_wconf 93' lang='lat' dir='ltr'><strong>in</strong></span> <span class='ocrx_word' id='word_1_233' title='bbox 1155 1722 1233 1781; x_wconf 88' lang='lat' dir='ltr'><strong>opus</strong></span> <span class='ocrx_word' id='word_1_234' title='bbox 1249 1707 1349 1765; x_wconf 90' lang='lat' dir='ltr'><strong>Sancti</strong></span> <span class='ocrx_word' id='word_1_235' title='bbox 1363 1707 1462 1766; x_wconf 88' lang='lat' dir='ltr'><strong>llilerii</strong></span> <span class='ocrx_word' id='word_1_236' title='bbox 1474 1722 1529 1781; x_wconf 90' lang='lat' dir='ltr'><strong>per</strong></span> <span class='ocrx_word' id='word_1_237' title='bbox 1543 1707 1703 1765; x_wconf 88' lang='lat' dir='ltr'><strong>consilium</strong></span> <span class='ocrx_word' id='word_1_238' title='bbox 1712 1707 1786 1765; x_wconf 90' lang='lat' dir='ltr'><strong>boui</strong></span> <span class='ocrx_word' id='word_1_239' title='bbox 1795 1707 1851 1764; x_wconf 93' lang='lat' dir='ltr'><strong>du-</strong></span> 
     </span>
     <span class='ocr_line' id='line_1_19' title="bbox 128 1792 1850 1872; baseline 0.002 -21"><span class='ocrx_word' id='word_1_240' title='bbox 128 1793 191 1851; x_wconf 87' lang='lat' dir='ltr'><strong>bus</strong></span> <span class='ocrx_word' id='word_1_241' title='bbox 205 1809 309 1852; x_wconf 88' lang='lat' dir='ltr'><strong>orans.</strong></span> <span class='ocrx_word' id='word_1_242' title='bbox 326 1793 387 1860; x_wconf 88' lang='lat' dir='ltr'><strong>llio,</strong></span> <span class='ocrx_word' id='word_1_243' title='bbox 405 1809 520 1868; x_wconf 79' lang='lat' dir='ltr'><strong>quaeso,</strong></span> <span class='ocrx_word' id='word_1_244' title='bbox 535 1795 630 1864; x_wconf 82' lang='lat' dir='ltr'><strong>Pater,</strong></span> <span class='ocrx_word' id='word_1_245' title='bbox 657 1793 726 1867; x_wconf 88' lang='lat' dir='ltr'><strong>quis</strong></span> <span class='ocrx_word' id='word_1_246' title='bbox 752 1808 889 1868; x_wconf 87' lang='lat' dir='ltr'><strong>unquam</strong></span> <span class='ocrx_word' id='word_1_247' title='bbox 910 1792 966 1850; x_wconf 91' lang='lat' dir='ltr'><strong>tiro</strong></span> <span class='ocrx_word' id='word_1_248' title='bbox 1021 1796 1064 1853; x_wconf 90' lang='lat' dir='ltr'><strong>cis</strong></span> <span class='ocrx_word' id='word_1_249' title='bbox 1079 1796 1226 1856; x_wconf 85' lang='lat' dir='ltr'><strong>Guillehni</strong></span> <span class='ocrx_word' id='word_1_250' title='bbox 1240 1796 1426 1872; x_wconf 84' lang='lat' dir='ltr'><strong>expendatis,</strong></span> <span class='ocrx_word' id='word_1_251' title='bbox 1440 1796 1556 1854; x_wconf 92' lang='lat' dir='ltr'><strong>nullam</strong></span> <span class='ocrx_word' id='word_1_252' title='bbox 1579 1796 1654 1854; x_wconf 89' lang='lat' dir='ltr'><strong>mihi</strong></span> <span class='ocrx_word' id='word_1_253' title='bbox 1676 1801 1793 1869; x_wconf 84' lang='lat' dir='ltr'><strong>partem</strong></span> <span class='ocrx_word' id='word_1_254' title='bbox 1806 1813 1850 1854; x_wconf 87' lang='lat' dir='ltr'><strong>re-</strong></span> 
     </span>
     <span class='ocr_line' id='line_1_20' title="bbox 131 1882 1850 1961; baseline 0.001 -21"><span class='ocrx_word' id='word_1_255' title='bbox 131 1883 200 1940; x_wconf 89' lang='lat' dir='ltr'><strong>sine</strong></span> <span class='ocrx_word' id='word_1_256' title='bbox 227 1882 302 1940; x_wconf 89' lang='lat' dir='ltr'><strong>duce</strong></span> <span class='ocrx_word' id='word_1_257' title='bbox 324 1882 483 1942; x_wconf 80' lang='lat' dir='ltr'><strong>militavit?</strong></span> <span class='ocrx_word' id='word_1_258' title='bbox 510 1884 581 1952; x_wconf 83' lang='lat' dir='ltr'><strong>Quis</strong></span> <span class='ocrx_word' id='word_1_259' title='bbox 601 1883 662 1941; x_wconf 85' lang='lat' dir='ltr'><strong>ello</strong></span> <span class='ocrx_word' id='word_1_260' title='bbox 683 1882 760 1941; x_wconf 89' lang='lat' dir='ltr'><strong>mari</strong></span> <span class='ocrx_word' id='word_1_261' title='bbox 775 1883 838 1940; x_wconf 88' lang='lat' dir='ltr'><strong>sine</strong></span> <span class='ocrx_word' id='word_1_262' title='bbox 852 1882 965 1954; x_wconf 84' lang='lat' dir='ltr'><strong>remige</strong></span> <span class='ocrx_word' id='word_1_263' title='bbox 1020 1891 1182 1944; x_wconf 85' lang='lat' dir='ltr'><strong>servantes.</strong></span> <span class='ocrx_word' id='word_1_264' title='bbox 1198 1889 1262 1946; x_wconf 83' lang='lat' dir='ltr'><strong>lton</strong></span> <span class='ocrx_word' id='word_1_265' title='bbox 1276 1885 1358 1944; x_wconf 89' lang='lat' dir='ltr'><strong>enim</strong></span> <span class='ocrx_word' id='word_1_266' title='bbox 1371 1901 1497 1961; x_wconf 86' lang='lat' dir='ltr'><strong>possum</strong></span> <span class='ocrx_word' id='word_1_267' title='bbox 1512 1901 1560 1943; x_wconf 91' lang='lat' dir='ltr'><strong>me</strong></span> <span class='ocrx_word' id='word_1_268' title='bbox 1574 1885 1769 1942; x_wconf 84' lang='lat' dir='ltr'><strong>intromittere</strong></span> <span class='ocrx_word' id='word_1_269' title='bbox 1784 1900 1850 1942; x_wconf 90' lang='lat' dir='ltr'><strong>em-</strong></span> 
     </span>
     <span class='ocr_line' id='line_1_21' title="bbox 134 1971 1850 2051; baseline 0.001 -21"><span class='ocrx_word' id='word_1_270' title='bbox 134 1971 254 2030; x_wconf 76' lang='lat' dir='ltr'><strong>credere</strong></span> <span class='ocrx_word' id='word_1_271' title='bbox 269 1987 300 2030; x_wconf 91' lang='lat' dir='ltr'><strong>se</strong></span> <span class='ocrx_word' id='word_1_272' title='bbox 313 1971 432 2030; x_wconf 79' lang='lat' dir='ltr'><strong>voluit?</strong></span> <span class='ocrx_word' id='word_1_273' title='bbox 453 1972 627 2030; x_wconf 86' lang='lat' dir='ltr'><strong>Guillelmus</strong></span> <span class='ocrx_word' id='word_1_274' title='bbox 650 1989 752 2030; x_wconf 88' lang='lat' dir='ltr'><strong>eomes</strong></span> <span class='ocrx_word' id='word_1_275' title='bbox 766 1971 882 2030; x_wconf 88' lang='lat' dir='ltr'><strong>amicus</strong></span> <span class='ocrx_word' id='word_1_276' title='bbox 897 1975 965 2028; x_wconf 87' lang='lat' dir='ltr'><strong>tuus</strong></span> <span class='ocrx_word' id='word_1_277' title='bbox 1019 1975 1098 2051; x_wconf 89' lang='lat' dir='ltr'><strong>plius</strong></span> <span class='ocrx_word' id='word_1_278' title='bbox 1126 1974 1164 2033; x_wconf 92' lang='lat' dir='ltr'><strong>de</strong></span> <span class='ocrx_word' id='word_1_279' title='bbox 1190 1973 1289 2034; x_wconf 86' lang='lat' dir='ltr'><strong>efficio</strong></span> <span class='ocrx_word' id='word_1_280' title='bbox 1318 1975 1417 2034; x_wconf 90' lang='lat' dir='ltr'><strong>Sancti</strong></span> <span class='ocrx_word' id='word_1_281' title='bbox 1436 1973 1547 2042; x_wconf 87' lang='lat' dir='ltr'><strong>llilerii,</strong></span> <span class='ocrx_word' id='word_1_282' title='bbox 1561 1991 1632 2032; x_wconf 91' lang='lat' dir='ltr'><strong>cum</strong></span> <span class='ocrx_word' id='word_1_283' title='bbox 1649 1973 1741 2031; x_wconf 87' lang='lat' dir='ltr'><strong>etiam</strong></span> <span class='ocrx_word' id='word_1_284' title='bbox 1752 1973 1850 2031; x_wconf 86' lang='lat' dir='ltr'><strong>viasit</strong></span> 
     </span>
     <span class='ocr_line' id='line_1_22' title="bbox 130 2059 1851 2138; baseline 0 -20"><span class='ocrx_word' id='word_1_285' title='bbox 130 2067 161 2118; x_wconf 93' lang='lat' dir='ltr'><strong>et</strong></span> <span class='ocrx_word' id='word_1_286' title='bbox 187 2060 326 2120; x_wconf 88' lang='lat' dir='ltr'><strong>canonici</strong></span> <span class='ocrx_word' id='word_1_287' title='bbox 352 2062 447 2120; x_wconf 88' lang='lat' dir='ltr'><strong>nostri</strong></span> <span class='ocrx_word' id='word_1_288' title='bbox 470 2066 498 2120; x_wconf 91' lang='lat' dir='ltr'><strong>te</strong></span> <span class='ocrx_word' id='word_1_289' title='bbox 525 2063 690 2120; x_wconf 81' lang='lat' dir='ltr'><strong>resalutant</strong></span> <span class='ocrx_word' id='word_1_290' title='bbox 706 2061 807 2120; x_wconf 91' lang='lat' dir='ltr'><strong>adhuc</strong></span> <span class='ocrx_word' id='word_1_291' title='bbox 828 2059 963 2118; x_wconf 84' lang='lat' dir='ltr'><strong>fideliter.</strong></span> <span class='ocrx_word' id='word_1_292' title='bbox 1019 2063 1093 2121; x_wconf 92' lang='lat' dir='ltr'><strong>mibi</strong></span> <span class='ocrx_word' id='word_1_293' title='bbox 1114 2067 1144 2122; x_wconf 93' lang='lat' dir='ltr'><strong>et</strong></span> <span class='ocrx_word' id='word_1_294' title='bbox 1164 2063 1289 2122; x_wconf 91' lang='lat' dir='ltr'><strong>domino</strong></span> <span class='ocrx_word' id='word_1_295' title='bbox 1314 2080 1383 2121; x_wconf 89' lang='lat' dir='ltr'><strong>meo</strong></span> <span class='ocrx_word' id='word_1_296' title='bbox 1409 2063 1553 2138; x_wconf 89' lang='lat' dir='ltr'><strong>episcopo</strong></span> <span class='ocrx_word' id='word_1_297' title='bbox 1574 2061 1701 2120; x_wconf 87' lang='lat' dir='ltr'><strong>difficilis</strong></span> <span class='ocrx_word' id='word_1_298' title='bbox 1728 2067 1851 2137; x_wconf 88' lang='lat' dir='ltr'><strong>propter</strong></span> 
     </span>
     <span class='ocr_line' id='line_1_23' title="bbox 126 2147 1850 2227; baseline 0.001 -21"><span class='ocrx_word' id='word_1_299' title='bbox 126 2149 281 2207; x_wconf 86' lang='lat' dir='ltr'><strong>lordanus</strong></span> <span class='ocrx_word' id='word_1_300' title='bbox 293 2149 383 2208; x_wconf 88' lang='lat' dir='ltr'><strong>etiem</strong></span> <span class='ocrx_word' id='word_1_301' title='bbox 397 2150 616 2208; x_wconf 79' lang='lat' dir='ltr'><strong>lemovicensis</strong></span> <span class='ocrx_word' id='word_1_302' title='bbox 629 2150 800 2226; x_wconf 91' lang='lat' dir='ltr'><strong>episcopus,</strong></span> <span class='ocrx_word' id='word_1_303' title='bbox 821 2149 870 2208; x_wconf 90' lang='lat' dir='ltr'><strong>cui</strong></span> <span class='ocrx_word' id='word_1_304' title='bbox 892 2147 965 2207; x_wconf 91' lang='lat' dir='ltr'><strong>olim</strong></span> <span class='ocrx_word' id='word_1_305' title='bbox 1021 2154 1122 2211; x_wconf 78' lang='lat' dir='ltr'><strong>saeculi</strong></span> <span class='ocrx_word' id='word_1_306' title='bbox 1132 2153 1279 2212; x_wconf 88' lang='lat' dir='ltr'><strong>maiitiam</strong></span> <span class='ocrx_word' id='word_1_307' title='bbox 1293 2170 1388 2227; x_wconf 89' lang='lat' dir='ltr'><strong>quam</strong></span> <span class='ocrx_word' id='word_1_308' title='bbox 1406 2153 1512 2220; x_wconf 90' lang='lat' dir='ltr'><strong>nostis,</strong></span> <span class='ocrx_word' id='word_1_309' title='bbox 1528 2157 1558 2210; x_wconf 90' lang='lat' dir='ltr'><strong>et</strong></span> <span class='ocrx_word' id='word_1_310' title='bbox 1568 2153 1610 2210; x_wconf 88' lang='lat' dir='ltr'><strong>ita</strong></span> <span class='ocrx_word' id='word_1_311' title='bbox 1625 2153 1739 2210; x_wconf 85' lang='lat' dir='ltr'><strong>Sanctoe</strong></span> <span class='ocrx_word' id='word_1_312' title='bbox 1754 2151 1850 2210; x_wconf 80' lang='lat' dir='ltr'><strong>llarise</strong></span> 
     </span>
     <span class='ocr_line' id='line_1_24' title="bbox 127 2235 1851 2314; baseline -0.001 -19"><span class='ocrx_word' id='word_1_313' title='bbox 127 2237 312 2311; x_wconf 65' lang='lat' dir='ltr'><strong>suffragium</strong></span> <span class='ocrx_word' id='word_1_314' title='bbox 327 2239 487 2313; x_wconf 80' lang='lat' dir='ltr'><strong>praestitisti</strong></span> <span class='ocrx_word' id='word_1_315' title='bbox 498 2239 582 2314; x_wconf 90' lang='lat' dir='ltr'><strong>apud</strong></span> <span class='ocrx_word' id='word_1_316' title='bbox 606 2239 867 2314; x_wconf 84' lang='lat' dir='ltr'><strong>archiepiscopum</strong></span> <span class='ocrx_word' id='word_1_317' title='bbox 887 2237 966 2296; x_wconf 87' lang='lat' dir='ltr'><strong>Bitu·</strong></span> <span class='ocrx_word' id='word_1_318' title='bbox 1020 2238 1138 2296; x_wconf 83' lang='lat' dir='ltr'><strong>sarvitio</strong></span> <span class='ocrx_word' id='word_1_319' title='bbox 1151 2242 1255 2296; x_wconf 87' lang='lat' dir='ltr'><strong>tenear</strong></span> <span class='ocrx_word' id='word_1_320' title='bbox 1268 2237 1415 2310; x_wconf 85' lang='lat' dir='ltr'><strong>astrictus,</strong></span> <span class='ocrx_word' id='word_1_321' title='bbox 1429 2243 1462 2295; x_wconf 94' lang='lat' dir='ltr'><strong>ut</strong></span> <span class='ocrx_word' id='word_1_322' title='bbox 1472 2237 1512 2296; x_wconf 89' lang='lat' dir='ltr'><strong>ab</strong></span> <span class='ocrx_word' id='word_1_323' title='bbox 1522 2237 1580 2296; x_wconf 89' lang='lat' dir='ltr'><strong>hoc</strong></span> <span class='ocrx_word' id='word_1_324' title='bbox 1595 2237 1661 2295; x_wconf 90' lang='lat' dir='ltr'><strong>sine</strong></span> <span class='ocrx_word' id='word_1_325' title='bbox 1673 2235 1788 2293; x_wconf 89' lang='lat' dir='ltr'><strong>damno</strong></span> <span class='ocrx_word' id='word_1_326' title='bbox 1802 2235 1851 2294; x_wconf 86' lang='lat' dir='ltr'><strong>vel</strong></span> 
     </span>
     <span class='ocr_line' id='line_1_25' title="bbox 126 2324 1850 2403; baseline -0.002 -19"><span class='ocrx_word' id='word_1_327' title='bbox 126 2327 292 2396; x_wconf 77' lang='lat' dir='ltr'><strong>nicensem,</strong></span> <span class='ocrx_word' id='word_1_328' title='bbox 304 2326 434 2402; x_wconf 91' lang='lat' dir='ltr'><strong>plurima</strong></span> <span class='ocrx_word' id='word_1_329' title='bbox 448 2332 476 2386; x_wconf 91' lang='lat' dir='ltr'><strong>te</strong></span> <span class='ocrx_word' id='word_1_330' title='bbox 490 2328 585 2387; x_wconf 86' lang='lat' dir='ltr'><strong>salute</strong></span> <span class='ocrx_word' id='word_1_331' title='bbox 601 2329 774 2403; x_wconf 86' lang='lat' dir='ltr'><strong>impertiens</strong></span> <span class='ocrx_word' id='word_1_332' title='bbox 793 2332 880 2400; x_wconf 89' lang='lat' dir='ltr'><strong>rogat</strong></span> <span class='ocrx_word' id='word_1_333' title='bbox 891 2343 963 2402; x_wconf 90' lang='lat' dir='ltr'><strong>sup-</strong></span> <span class='ocrx_word' id='word_1_334' title='bbox 1019 2327 1109 2403; x_wconf 91' lang='lat' dir='ltr'><strong>culpa</strong></span> <span class='ocrx_word' id='word_1_335' title='bbox 1121 2326 1268 2386; x_wconf 86' lang='lat' dir='ltr'><strong>dimoveri</strong></span> <span class='ocrx_word' id='word_1_336' title='bbox 1279 2343 1439 2402; x_wconf 86' lang='lat' dir='ltr'><strong>nequeam.</strong></span> <span class='ocrx_word' id='word_1_337' title='bbox 1466 2327 1523 2386; x_wconf 84' lang='lat' dir='ltr'><strong>Sed</strong></span> <span class='ocrx_word' id='word_1_338' title='bbox 1543 2331 1572 2385; x_wconf 89' lang='lat' dir='ltr'><strong>et</strong></span> <span class='ocrx_word' id='word_1_339' title='bbox 1584 2326 1681 2400; x_wconf 91' lang='lat' dir='ltr'><strong>ipsius</strong></span> <span class='ocrx_word' id='word_1_340' title='bbox 1699 2324 1750 2384; x_wconf 82' lang='lat' dir='ltr'><strong>Ilei</strong></span> <span class='ocrx_word' id='word_1_341' title='bbox 1763 2324 1850 2382; x_wconf 87' lang='lat' dir='ltr'><strong>Geni-</strong></span> 
     </span>
     <span class='ocr_line' id='line_1_26' title="bbox 126 2414 1850 2492; baseline -0.001 -19"><span class='ocrx_word' id='word_1_342' title='bbox 126 2416 247 2490; x_wconf 86' lang='lat' dir='ltr'><strong>plieiter</strong></span> <span class='ocrx_word' id='word_1_343' title='bbox 260 2421 295 2475; x_wconf 89' lang='lat' dir='ltr'><strong>ut</strong></span> <span class='ocrx_word' id='word_1_344' title='bbox 302 2417 403 2474; x_wconf 88' lang='lat' dir='ltr'><strong>mittas</strong></span> <span class='ocrx_word' id='word_1_345' title='bbox 416 2416 444 2474; x_wconf 90' lang='lat' dir='ltr'><strong>ei</strong></span> <span class='ocrx_word' id='word_1_346' title='bbox 458 2417 554 2474; x_wconf 90' lang='lat' dir='ltr'><strong>Vitam</strong></span> <span class='ocrx_word' id='word_1_347' title='bbox 569 2418 664 2476; x_wconf 90' lang='lat' dir='ltr'><strong>sancti</strong></span> <span class='ocrx_word' id='word_1_348' title='bbox 678 2417 834 2489; x_wconf 87' lang='lat' dir='ltr'><strong>Leonardi,</strong></span> <span class='ocrx_word' id='word_1_349' title='bbox 854 2417 885 2474; x_wconf 90' lang='lat' dir='ltr'><strong>in</strong></span> <span class='ocrx_word' id='word_1_350' title='bbox 899 2416 963 2491; x_wconf 89' lang='lat' dir='ltr'><strong>epi·</strong></span> <span class='ocrx_word' id='word_1_351' title='bbox 1017 2417 1074 2475; x_wconf 85' lang='lat' dir='ltr'><strong>trix</strong></span> <span class='ocrx_word' id='word_1_352' title='bbox 1085 2417 1280 2476; x_wconf 82' lang='lat' dir='ltr'><strong>eminentiam</strong></span> <span class='ocrx_word' id='word_1_353' title='bbox 1295 2417 1377 2492; x_wconf 88' lang='lat' dir='ltr'><strong>apud</strong></span> <span class='ocrx_word' id='word_1_354' title='bbox 1394 2419 1537 2475; x_wconf 86' lang='lat' dir='ltr'><strong>Sanctum</strong></span> <span class='ocrx_word' id='word_1_355' title='bbox 1566 2415 1718 2482; x_wconf 90' lang='lat' dir='ltr'><strong>llilarium,</strong></span> <span class='ocrx_word' id='word_1_356' title='bbox 1740 2414 1765 2471; x_wconf 90' lang='lat' dir='ltr'><strong>si</strong></span> <span class='ocrx_word' id='word_1_357' title='bbox 1787 2428 1850 2488; x_wconf 86' lang='lat' dir='ltr'><strong>qna</strong></span> 
     </span>
     <span class='ocr_line' id='line_1_27' title="bbox 126 2503 1850 2580; baseline -0.002 -17"><span class='ocrx_word' id='word_1_358' title='bbox 126 2509 257 2580; x_wconf 83' lang='lat' dir='ltr'><strong>scopato</strong></span> <span class='ocrx_word' id='word_1_359' title='bbox 271 2506 563 2580; x_wconf 87' lang='lat' dir='ltr'><strong>suoquiescentis,ut</strong></span> <span class='ocrx_word' id='word_1_360' title='bbox 577 2507 747 2580; x_wconf 77' lang='lat' dir='ltr'><strong>aiunt(52);</strong></span> <span class='ocrx_word' id='word_1_361' title='bbox 762 2507 804 2564; x_wconf 88' lang='lat' dir='ltr'><strong>sio</strong></span> <span class='ocrx_word' id='word_1_362' title='bbox 817 2506 962 2580; x_wconf 86' lang='lat' dir='ltr'><strong>ubirepe-</strong></span> <span class='ocrx_word' id='word_1_363' title='bbox 1017 2524 1055 2564; x_wconf 89' lang='lat' dir='ltr'><strong>ex</strong></span> <span class='ocrx_word' id='word_1_364' title='bbox 1068 2511 1186 2580; x_wconf 87' lang='lat' dir='ltr'><strong>meast,</strong></span> <span class='ocrx_word' id='word_1_365' title='bbox 1201 2507 1293 2580; x_wconf 83' lang='lat' dir='ltr'><strong>hujus</strong></span> <span class='ocrx_word' id='word_1_366' title='bbox 1313 2505 1356 2564; x_wconf 92' lang='lat' dir='ltr'><strong>rei</strong></span> <span class='ocrx_word' id='word_1_367' title='bbox 1379 2505 1535 2580; x_wconf 88' lang='lat' dir='ltr'><strong>deprecari</strong></span> <span class='ocrx_word' id='word_1_368' title='bbox 1553 2519 1643 2580; x_wconf 87' lang='lat' dir='ltr'><strong>posse</strong></span> <span class='ocrx_word' id='word_1_369' title='bbox 1670 2519 1738 2562; x_wconf 90' lang='lat' dir='ltr'><strong>reor</strong></span> <span class='ocrx_word' id='word_1_370' title='bbox 1756 2503 1850 2562; x_wconf 83' lang='lat' dir='ltr'><strong>offen·</strong></span> 
     </span>
     <span class='ocr_line' id='line_1_28' title="bbox 125 2591 1849 2670; baseline -0.003 -17"><span class='ocrx_word' id='word_1_371' title='bbox 125 2595 184 2653; x_wconf 85' lang='lat' dir='ltr'><strong>rire</strong></span> <span class='ocrx_word' id='word_1_372' title='bbox 199 2595 324 2670; x_wconf 87' lang='lat' dir='ltr'><strong>poteris,</strong></span> <span class='ocrx_word' id='word_1_373' title='bbox 339 2597 463 2670; x_wconf 90' lang='lat' dir='ltr'><strong>pulchre</strong></span> <span class='ocrx_word' id='word_1_374' title='bbox 478 2595 561 2654; x_wconf 91' lang='lat' dir='ltr'><strong>dicas</strong></span> <span class='ocrx_word' id='word_1_375' title='bbox 574 2598 632 2654; x_wconf 88' lang='lat' dir='ltr'><strong>hoo</strong></span> <span class='ocrx_word' id='word_1_376' title='bbox 647 2596 813 2654; x_wconf 79' lang='lat' dir='ltr'><strong>laceratum</strong></span> <span class='ocrx_word' id='word_1_377' title='bbox 832 2612 907 2653; x_wconf 90' lang='lat' dir='ltr'><strong>esse.</strong></span> <span class='ocrx_word' id='word_1_378' title='bbox 922 2599 964 2654; x_wconf 78' lang='lat' dir='ltr'><strong>lix</strong></span> <span class='ocrx_word' id='word_1_379' title='bbox 1018 2611 1084 2654; x_wconf 90' lang='lat' dir='ltr'><strong>sam</strong></span> <span class='ocrx_word' id='word_1_380' title='bbox 1100 2614 1106 2654; x_wconf 92' lang='lat'><strong>:</strong></span> <span class='ocrx_word' id='word_1_381' title='bbox 1123 2611 1179 2654; x_wconf 89' lang='lat' dir='ltr'><strong>nec</strong></span> <span class='ocrx_word' id='word_1_382' title='bbox 1188 2595 1269 2654; x_wconf 88' lang='lat' dir='ltr'><strong>enim</strong></span> <span class='ocrx_word' id='word_1_383' title='bbox 1278 2595 1363 2652; x_wconf 93' lang='lat' dir='ltr'><strong>illum</strong></span> <span class='ocrx_word' id='word_1_384' title='bbox 1376 2594 1524 2652; x_wconf 89' lang='lat' dir='ltr'><strong>honorem</strong></span> <span class='ocrx_word' id='word_1_385' title='bbox 1537 2591 1659 2650; x_wconf 88' lang='lat' dir='ltr'><strong>cuilibet</strong></span> <span class='ocrx_word' id='word_1_386' title='bbox 1672 2591 1849 2650; x_wconf 79' lang='lat' dir='ltr'><strong>interiorum</strong></span> 
     </span>
     <span class='ocr_line' id='line_1_29' title="bbox 125 2679 1847 2761; baseline -0.003 -19"><span class='ocrx_word' id='word_1_387' title='bbox 125 2701 199 2744; x_wconf 86' lang='lat' dir='ltr'><strong>mea</strong></span> <span class='ocrx_word' id='word_1_388' title='bbox 213 2700 339 2760; x_wconf 81' lang='lat' dir='ltr'><strong>quoque</strong></span> <span class='ocrx_word' id='word_1_389' title='bbox 352 2691 437 2760; x_wconf 85' lang='lat' dir='ltr'><strong>parte</strong></span> <span class='ocrx_word' id='word_1_390' title='bbox 449 2701 512 2744; x_wconf 92' lang='lat' dir='ltr'><strong>non</strong></span> <span class='ocrx_word' id='word_1_391' title='bbox 525 2701 580 2743; x_wconf 86' lang='lat' dir='ltr'><strong>vos</strong></span> <span class='ocrx_word' id='word_1_392' title='bbox 596 2686 749 2760; x_wconf 87' lang='lat' dir='ltr'><strong>poeniteat,</strong></span> <span class='ocrx_word' id='word_1_393' title='bbox 773 2690 801 2744; x_wconf 91' lang='lat' dir='ltr'><strong>te</strong></span> <span class='ocrx_word' id='word_1_394' title='bbox 827 2685 895 2744; x_wconf 91' lang='lat' dir='ltr'><strong>dico</strong></span> <span class='ocrx_word' id='word_1_395' title='bbox 909 2685 964 2742; x_wconf 92' lang='lat' dir='ltr'><strong>do·</strong></span> <span class='ocrx_word' id='word_1_396' title='bbox 1016 2686 1252 2761; x_wconf 90' lang='lat' dir='ltr'><strong>postposuerim,</strong></span> <span class='ocrx_word' id='word_1_397' title='bbox 1280 2683 1333 2742; x_wconf 87' lang='lat' dir='ltr'><strong>scd</strong></span> <span class='ocrx_word' id='word_1_398' title='bbox 1357 2683 1405 2757; x_wconf 87' lang='lat' dir='ltr'><strong>[si]</strong></span> <span class='ocrx_word' id='word_1_399' title='bbox 1433 2683 1576 2740; x_wconf 85' lang='lat' dir='ltr'><strong>clientelae</strong></span> <span class='ocrx_word' id='word_1_400' title='bbox 1599 2680 1698 2740; x_wconf 83' lang='lat' dir='ltr'><strong>ilatris</strong></span> <span class='ocrx_word' id='word_1_401' title='bbox 1719 2679 1847 2750; x_wconf 84' lang='lat' dir='ltr'><strong>Domini,</strong></span> 
     </span>
     <span class='ocr_line' id='line_1_30' title="bbox 123 2769 1848 2850; baseline -0.004 -17"><span class='ocrx_word' id='word_1_402' title='bbox 123 2775 249 2833; x_wconf 88' lang='lat' dir='ltr'><strong>minum</strong></span> <span class='ocrx_word' id='word_1_403' title='bbox 262 2789 377 2845; x_wconf 87' lang='lat' dir='ltr'><strong>meum,</strong></span> <span class='ocrx_word' id='word_1_404' title='bbox 400 2771 613 2834; x_wconf 90' lang='lat' dir='ltr'><strong>charissimum</strong></span> <span class='ocrx_word' id='word_1_405' title='bbox 637 2780 723 2834; x_wconf 91' lang='lat' dir='ltr'><strong>tuum</strong></span> <span class='ocrx_word' id='word_1_406' title='bbox 743 2791 866 2850; x_wconf 85' lang='lat' dir='ltr'><strong>quoque</strong></span> <span class='ocrx_word' id='word_1_407' title='bbox 882 2775 965 2848; x_wconf 90' lang='lat' dir='ltr'><strong>Sigo·</strong></span> <span class='ocrx_word' id='word_1_408' title='bbox 1016 2791 1085 2850; x_wconf 84' lang='lat' dir='ltr'><strong>qua</strong></span> <span class='ocrx_word' id='word_1_409' title='bbox 1099 2775 1191 2834; x_wconf 90' lang='lat' dir='ltr'><strong>etiam</strong></span> <span class='ocrx_word' id='word_1_410' title='bbox 1200 2772 1452 2845; x_wconf 72' lang='lat' dir='ltr'><strong>archangelorum</strong></span> <span class='ocrx_word' id='word_1_411' title='bbox 1465 2772 1601 2832; x_wconf 87' lang='lat' dir='ltr'><strong>omnium</strong></span> <span class='ocrx_word' id='word_1_412' title='bbox 1623 2769 1761 2842; x_wconf 89' lang='lat' dir='ltr'><strong>dignitati</strong></span> <span class='ocrx_word' id='word_1_413' title='bbox 1771 2784 1848 2843; x_wconf 81' lang='lat' dir='ltr'><strong>prae·</strong></span> 
     </span>
     <span class='ocr_line' id='line_1_31' title="bbox 123 2857 1848 2939; baseline -0.005 -17"><span class='ocrx_word' id='word_1_414' title='bbox 123 2881 210 2935; x_wconf 89' lang='lat' dir='ltr'><strong>nem,</strong></span> <span class='ocrx_word' id='word_1_415' title='bbox 223 2864 328 2939; x_wconf 90' lang='lat' dir='ltr'><strong>probis</strong></span> <span class='ocrx_word' id='word_1_416' title='bbox 342 2862 478 2922; x_wconf 88' lang='lat' dir='ltr'><strong>moribus</strong></span> <span class='ocrx_word' id='word_1_417' title='bbox 492 2869 521 2923; x_wconf 90' lang='lat' dir='ltr'><strong>et</strong></span> <span class='ocrx_word' id='word_1_418' title='bbox 542 2865 656 2923; x_wconf 89' lang='lat' dir='ltr'><strong>artibus</strong></span> <span class='ocrx_word' id='word_1_419' title='bbox 680 2879 838 2936; x_wconf 89' lang='lat' dir='ltr'><strong>magnum,</strong></span> <span class='ocrx_word' id='word_1_420' title='bbox 866 2869 962 2922; x_wconf 89' lang='lat' dir='ltr'><strong>cente·</strong></span> <span class='ocrx_word' id='word_1_421' title='bbox 1015 2864 1078 2922; x_wconf 89' lang='lat' dir='ltr'><strong>lata</strong></span> <span class='ocrx_word' id='word_1_422' title='bbox 1091 2869 1147 2938; x_wconf 87' lang='lat' dir='ltr'><strong>est,</strong></span> <span class='ocrx_word' id='word_1_423' title='bbox 1160 2863 1238 2937; x_wconf 86' lang='lat' dir='ltr'><strong>jure,</strong></span> <span class='ocrx_word' id='word_1_424' title='bbox 1253 2866 1287 2920; x_wconf 92' lang='lat' dir='ltr'><strong>ut</strong></span> <span class='ocrx_word' id='word_1_425' title='bbox 1300 2867 1373 2938; x_wconf 91' lang='lat' dir='ltr'><strong>puta</strong></span> <span class='ocrx_word' id='word_1_426' title='bbox 1383 2863 1448 2935; x_wconf 73' lang='lat' dir='ltr'><strong>eius</strong></span> <span class='ocrx_word' id='word_1_427' title='bbox 1460 2861 1601 2922; x_wconf 72' lang='lat' dir='ltr'><strong>alumnus</strong></span> <span class='ocrx_word' id='word_1_428' title='bbox 1610 2857 1848 2936; x_wconf 83' lang='lat' dir='ltr'><strong>quantuluscun-</strong></span> 
     </span>
     <span class='ocr_line' id='line_1_32' title="bbox 122 2943 1965 3056; baseline -0.005 -45"><span class='ocrx_word' id='word_1_429' title='bbox 122 2969 181 3011; x_wconf 91' lang='lat' dir='ltr'><strong>nas</strong></span> <span class='ocrx_word' id='word_1_430' title='bbox 192 2952 333 3011; x_wconf 85' lang='lat' dir='ltr'><strong>millenas</strong></span> <span class='ocrx_word' id='word_1_431' title='bbox 348 2954 484 3029; x_wconf 83' lang='lat' dir='ltr'><strong>excipere</strong></span> <span class='ocrx_word' id='word_1_432' title='bbox 495 2954 614 3014; x_wconf 69' lang='lat' dir='ltr'><strong>euntes.</strong></span> <span class='ocrx_word' id='word_1_433' title='bbox 631 2958 672 3012; x_wconf 88' lang='lat' dir='ltr'><strong>Ne</strong></span> <span class='ocrx_word' id='word_1_434' title='bbox 686 2959 725 3028; x_wconf 89' lang='lat' dir='ltr'><strong>te,</strong></span> <span class='ocrx_word' id='word_1_435' title='bbox 737 2953 960 3028; x_wconf 82' lang='lat' dir='ltr'><strong>quareo,scripti</strong></span> <span class='ocrx_word' id='word_1_436' title='bbox 980 2969 1086 3056; x_wconf 79' lang='lat' dir='ltr'><strong>cque,</strong></span> <span class='ocrx_word' id='word_1_437' title='bbox 1101 2970 1150 3011; x_wconf 94' lang='lat' dir='ltr'><strong>me</strong></span> <span class='ocrx_word' id='word_1_438' title='bbox 1164 2952 1356 3012; x_wconf 89' lang='lat' dir='ltr'><strong>reddiderim.</strong></span> <span class='ocrx_word' id='word_1_439' title='bbox 1383 2951 1488 3010; x_wconf 85' lang='lat' dir='ltr'><strong>Dicetis</strong></span> <span class='ocrx_word' id='word_1_440' title='bbox 1513 2967 1586 3023; x_wconf 90' lang='lat' dir='ltr'><strong>ergo</strong></span> <span class='ocrx_word' id='word_1_441' title='bbox 1612 2949 1654 3008; x_wconf 92' lang='lat' dir='ltr'><strong>illi</strong></span> <span class='ocrx_word' id='word_1_442' title='bbox 1678 2946 1847 3024; x_wconf 78' lang='lat' dir='ltr'><strong>prudentis·</strong></span> <span class='ocrx_word' id='word_1_443' title='bbox 1952 2943 1965 2956; x_wconf 77' lang='grc'><em>”</em></span> 
     </span>
     <span class='ocr_line' id='line_1_33' title="bbox 122 3035 1847 3120; baseline -0.004 -19"><span class='ocrx_word' id='word_1_444' title='bbox 122 3043 185 3101; x_wconf 88' lang='lat' dir='ltr'><strong>mei</strong></span> <span class='ocrx_word' id='word_1_445' title='bbox 196 3042 309 3101; x_wconf 76' lang='lat' dir='ltr'><strong>taedeat</strong></span> <span class='ocrx_word' id='word_1_446' title='bbox 317 3047 346 3101; x_wconf 91' lang='lat' dir='ltr'><strong>et</strong></span> <span class='ocrx_word' id='word_1_447' title='bbox 354 3044 545 3120; x_wconf 89' lang='lat' dir='ltr'><strong>ineptiarum.</strong></span> <span class='ocrx_word' id='word_1_448' title='bbox 566 3043 712 3112; x_wconf 83' lang='lat' dir='ltr'><strong>Quaedam</strong></span> <span class='ocrx_word' id='word_1_449' title='bbox 733 3042 838 3114; x_wconf 88' lang='lat' dir='ltr'><strong>legatis</strong></span> <span class='ocrx_word' id='word_1_450' title='bbox 861 3042 959 3101; x_wconf 90' lang='lat' dir='ltr'><strong>dicere</strong></span> <span class='ocrx_word' id='word_1_451' title='bbox 1016 3044 1092 3102; x_wconf 90' lang='lat' dir='ltr'><strong>simo</strong></span> <span class='ocrx_word' id='word_1_452' title='bbox 1105 3042 1185 3101; x_wconf 91' lang='lat' dir='ltr'><strong>dulci</strong></span> <span class='ocrx_word' id='word_1_453' title='bbox 1197 3059 1234 3100; x_wconf 90' lang='lat' dir='ltr'><strong>ex</strong></span> <span class='ocrx_word' id='word_1_454' title='bbox 1254 3046 1339 3118; x_wconf 88' lang='lat' dir='ltr'><strong>parte</strong></span> <span class='ocrx_word' id='word_1_455' title='bbox 1362 3041 1478 3099; x_wconf 91' lang='lat' dir='ltr'><strong>domini</strong></span> <span class='ocrx_word' id='word_1_456' title='bbox 1503 3040 1563 3100; x_wconf 92' lang='lat' dir='ltr'><strong>mei</strong></span> <span class='ocrx_word' id='word_1_457' title='bbox 1583 3038 1727 3114; x_wconf 87' lang='lat' dir='ltr'><strong>episcopi,</strong></span> <span class='ocrx_word' id='word_1_458' title='bbox 1751 3041 1784 3095; x_wconf 91' lang='lat' dir='ltr'><strong>ut</strong></span> <span class='ocrx_word' id='word_1_459' title='bbox 1796 3035 1847 3094; x_wconf 89' lang='lat' dir='ltr'><strong>tali</strong></span> 
     </span>
     <span class='ocr_line' id='line_1_34' title="bbox 119 3127 1846 3209; baseline -0.005 -20"><span class='ocrx_word' id='word_1_460' title='bbox 119 3132 203 3204; x_wconf 87' lang='lat' dir='ltr'><strong>jnssi</strong></span> <span class='ocrx_word' id='word_1_461' title='bbox 216 3147 287 3208; x_wconf 81' lang='lat' dir='ltr'><strong>quar</strong></span> <span class='ocrx_word' id='word_1_462' title='bbox 302 3131 407 3190; x_wconf 89' lang='lat' dir='ltr'><strong>audire</strong></span> <span class='ocrx_word' id='word_1_463' title='bbox 418 3133 529 3209; x_wconf 88' lang='lat' dir='ltr'><strong>poteris</strong></span> <span class='ocrx_word' id='word_1_464' title='bbox 545 3149 615 3191; x_wconf 88' lang='lat' dir='ltr'><strong>eum</strong></span> <span class='ocrx_word' id='word_1_465' title='bbox 627 3131 768 3191; x_wconf 82' lang='lat' dir='ltr'><strong>volucris.</strong></span> <span class='ocrx_word' id='word_1_466' title='bbox 789 3131 870 3205; x_wconf 80' lang='lat' dir='ltr'><strong>Vale,</strong></span> <span class='ocrx_word' id='word_1_467' title='bbox 892 3133 960 3191; x_wconf 92' lang='lat' dir='ltr'><strong>cha·</strong></span> <span class='ocrx_word' id='word_1_468' title='bbox 1015 3132 1120 3191; x_wconf 89' lang='lat' dir='ltr'><strong>rectori</strong></span> <span class='ocrx_word' id='word_1_469' title='bbox 1133 3130 1300 3189; x_wconf 87' lang='lat' dir='ltr'><strong>committet</strong></span> <span class='ocrx_word' id='word_1_470' title='bbox 1313 3129 1416 3188; x_wconf 87' lang='lat' dir='ltr'><strong>locum</strong></span> <span class='ocrx_word' id='word_1_471' title='bbox 1428 3128 1528 3188; x_wconf 88' lang='lat' dir='ltr'><strong>Sancti</strong></span> <span class='ocrx_word' id='word_1_472' title='bbox 1542 3127 1650 3196; x_wconf 91' lang='lat' dir='ltr'><strong>llilarii,</strong></span> <span class='ocrx_word' id='word_1_473' title='bbox 1674 3141 1766 3202; x_wconf 87' lang='lat' dir='ltr'><strong>quem</strong></span> <span class='ocrx_word' id='word_1_474' title='bbox 1789 3139 1846 3182; x_wconf 90' lang='lat' dir='ltr'><strong>nac</strong></span> 
     </span>
     <span class='ocr_line' id='line_1_35' title="bbox 123 3213 1844 3292; baseline -0.006 -13"><span class='ocrx_word' id='word_1_475' title='bbox 123 3222 355 3281; x_wconf 80' lang='lat' dir='ltr'><strong>sissimePater.</strong></span> <span class='ocrx_word' id='word_1_476' title='bbox 1013 3220 1174 3279; x_wconf 81' lang='lat' dir='ltr'><strong>difficultas</strong></span> <span class='ocrx_word' id='word_1_477' title='bbox 1187 3219 1310 3288; x_wconf 89' lang='lat' dir='ltr'><strong>itineris,</strong></span> <span class='ocrx_word' id='word_1_478' title='bbox 1325 3235 1382 3276; x_wconf 87' lang='lat' dir='ltr'><strong>nec</strong></span> <span class='ocrx_word' id='word_1_479' title='bbox 1393 3218 1543 3292; x_wconf 84' lang='lat' dir='ltr'><strong>imperitia</strong></span> <span class='ocrx_word' id='word_1_480' title='bbox 1555 3215 1746 3275; x_wconf 85' lang='lat' dir='ltr'><strong>ecclesiastici</strong></span> <span class='ocrx_word' id='word_1_481' title='bbox 1763 3213 1844 3270; x_wconf 93' lang='lat' dir='ltr'><strong>ordi-</strong></span> 
     </span>
     <span class='ocr_line' id='line_1_36' title="bbox 254 3303 1845 3386; baseline -0.006 -18"><span class='ocrx_word' id='word_1_482' title='bbox 254 3312 423 3371; x_wconf 79' lang='lat' dir='ltr'><strong>erlsrolr</strong></span> <span class='ocrx_word' id='word_1_483' title='bbox 442 3315 563 3370; x_wconf 86' lang='lat' dir='ltr'><strong>Clllllllll</strong></span> <span class='ocrx_word' id='word_1_484' title='bbox 583 3313 666 3385; x_wconf 84' lang='lat' dir='ltr'><strong>[olim</strong></span> <span class='ocrx_word' id='word_1_485' title='bbox 687 3315 833 3386; x_wconf 77' lang='lat' dir='ltr'><strong>cxxvllll.</strong></span> <span class='ocrx_word' id='word_1_486' title='bbox 1014 3311 1061 3369; x_wconf 92' lang='lat' dir='ltr'><strong>nis</strong></span> <span class='ocrx_word' id='word_1_487' title='bbox 1074 3311 1114 3369; x_wconf 91' lang='lat' dir='ltr'><strong>ab</strong></span> <span class='ocrx_word' id='word_1_488' title='bbox 1128 3311 1195 3383; x_wconf 83' lang='lat' dir='ltr'><strong>ejus</strong></span> <span class='ocrx_word' id='word_1_489' title='bbox 1210 3308 1358 3384; x_wconf 89' lang='lat' dir='ltr'><strong>obsequio</strong></span> <span class='ocrx_word' id='word_1_490' title='bbox 1370 3306 1511 3366; x_wconf 89' lang='lat' dir='ltr'><strong>detineat.</strong></span> <span class='ocrx_word' id='word_1_491' title='bbox 1525 3309 1557 3364; x_wconf 82' lang='lat' dir='ltr'><strong>lit</strong></span> <span class='ocrx_word' id='word_1_492' title='bbox 1567 3306 1615 3364; x_wconf 78' lang='lat' dir='ltr'><strong>her</strong></span> <span class='ocrx_word' id='word_1_493' title='bbox 1631 3309 1702 3362; x_wconf 88' lang='lat' dir='ltr'><strong>sunt</strong></span> <span class='ocrx_word' id='word_1_494' title='bbox 1714 3303 1845 3362; x_wconf 88' lang='lat' dir='ltr'><strong>rationes</strong></span> 
     </span>
     <span class='ocr_line' id='line_1_37' title="bbox 180 3391 1845 3476; baseline -0.005 -19"><span class='ocrx_word' id='word_1_495' title='bbox 180 3400 341 3458; x_wconf 77' lang='lat' dir='ltr'><strong>Guillelmi</strong></span> <span class='ocrx_word' id='word_1_496' title='bbox 365 3399 450 3458; x_wconf 70' lang='lat' dir='ltr'><strong>duob</strong></span> <span class='ocrx_word' id='word_1_497' title='bbox 473 3401 649 3474; x_wconf 71' lang='lat' dir='ltr'><strong>Aquitanis</strong></span> <span class='ocrx_word' id='word_1_498' title='bbox 675 3403 716 3460; x_wconf 87' lang='lat' dir='ltr'><strong>ud</strong></span> <span class='ocrx_word' id='word_1_499' title='bbox 729 3403 906 3460; x_wconf 65' lang='lat' dir='ltr'><strong>dalbertum</strong></span> <span class='ocrx_word' id='word_1_500' title='bbox 1014 3402 1052 3459; x_wconf 90' lang='lat' dir='ltr'><strong>de</strong></span> <span class='ocrx_word' id='word_1_501' title='bbox 1065 3399 1178 3476; x_wconf 77' lang='lat' dir='ltr'><strong>qrubus</strong></span> <span class='ocrx_word' id='word_1_502' title='bbox 1188 3395 1370 3471; x_wconf 84' lang='lat' dir='ltr'><strong>Reginaidus</strong></span> <span class='ocrx_word' id='word_1_503' title='bbox 1384 3396 1449 3454; x_wconf 84' lang='lat' dir='ltr'><strong>vioe</strong></span> <span class='ocrx_word' id='word_1_504' title='bbox 1465 3395 1608 3454; x_wconf 91' lang='lat' dir='ltr'><strong>dominus</strong></span> <span class='ocrx_word' id='word_1_505' title='bbox 1634 3392 1674 3452; x_wconf 89' lang='lat' dir='ltr'><strong>ad</strong></span> <span class='ocrx_word' id='word_1_506' title='bbox 1694 3391 1845 3450; x_wconf 89' lang='lat' dir='ltr'><strong>seniorem</strong></span> 
     </span>
     <span class='ocr_line' id='line_1_38' title="bbox 336 3478 1844 3566; baseline -0.007 -20"><span class='ocrx_word' id='word_1_507' title='bbox 336 3489 420 3562; x_wconf 80' lang='lat' dir='ltr'><strong>(lide</strong></span> <span class='ocrx_word' id='word_1_508' title='bbox 431 3488 509 3547; x_wconf 82' lang='lat' dir='ltr'><strong>inira</strong></span> <span class='ocrx_word' id='word_1_509' title='bbox 520 3490 551 3547; x_wconf 87' lang='lat' dir='ltr'><strong>in</strong></span> <span class='ocrx_word' id='word_1_510' title='bbox 569 3493 749 3566; x_wconf 81' lang='lat' dir='ltr'><strong>Gnrnaeruo).</strong></span> <span class='ocrx_word' id='word_1_511' title='bbox 1014 3505 1118 3548; x_wconf 91' lang='lat' dir='ltr'><strong>meum</strong></span> <span class='ocrx_word' id='word_1_512' title='bbox 1132 3487 1310 3563; x_wconf 88' lang='lat' dir='ltr'><strong>episcopum</strong></span> <span class='ocrx_word' id='word_1_513' title='bbox 1324 3485 1442 3547; x_wconf 89' lang='lat' dir='ltr'><strong>locutus</strong></span> <span class='ocrx_word' id='word_1_514' title='bbox 1457 3489 1512 3556; x_wconf 87' lang='lat' dir='ltr'><strong>est,</strong></span> <span class='ocrx_word' id='word_1_515' title='bbox 1522 3487 1552 3542; x_wconf 89' lang='lat' dir='ltr'><strong>et</strong></span> <span class='ocrx_word' id='word_1_516' title='bbox 1562 3482 1643 3542; x_wconf 90' lang='lat' dir='ltr'><strong>unde</strong></span> <span class='ocrx_word' id='word_1_517' title='bbox 1652 3481 1743 3540; x_wconf 87' lang='lat' dir='ltr'><strong>talem</strong></span> <span class='ocrx_word' id='word_1_518' title='bbox 1756 3478 1844 3538; x_wconf 85' lang='lat' dir='ltr'><strong>vobis</strong></span> 
     </span>
     <span class='ocr_line' id='line_1_39' title="bbox 269 3571 1843 3654; baseline -0.008 -18"><span class='ocrx_word' id='word_1_519' title='bbox 269 3580 439 3638; x_wconf 72' lang='lat' dir='ltr'><strong>aristote</strong></span> <span class='ocrx_word' id='word_1_520' title='bbox 459 3581 579 3638; x_wconf 77' lang='lat' dir='ltr'><strong>cxxxiv</strong></span> <span class='ocrx_word' id='word_1_521' title='bbox 599 3581 682 3652; x_wconf 79' lang='lat' dir='ltr'><strong>[olim</strong></span> <span class='ocrx_word' id='word_1_522' title='bbox 698 3581 817 3654; x_wconf 76' lang='lat' dir='ltr'><strong>cxxlxl.</strong></span> <span class='ocrx_word' id='word_1_523' title='bbox 1013 3579 1107 3636; x_wconf 90' lang='lat' dir='ltr'><strong>flnem</strong></span> <span class='ocrx_word' id='word_1_524' title='bbox 1119 3577 1314 3636; x_wconf 84' lang='lat' dir='ltr'><strong>mandamus.</strong></span> <span class='ocrx_word' id='word_1_525' title='bbox 1331 3578 1415 3632; x_wconf 81' lang='lat' dir='ltr'><strong>Nunc</strong></span> <span class='ocrx_word' id='word_1_526' title='bbox 1425 3577 1558 3631; x_wconf 85' lang='lat' dir='ltr'><strong>vestram</strong></span> <span class='ocrx_word' id='word_1_527' title='bbox 1571 3571 1757 3638; x_wconf 87' lang='lat' dir='ltr'><strong>charitatem,</strong></span> <span class='ocrx_word' id='word_1_528' title='bbox 1774 3583 1843 3644; x_wconf 77' lang='lat' dir='ltr'><strong>qua</strong></span> 
     </span>
     <span class='ocr_line' id='line_1_40' title="bbox 122 3655 1843 3742; baseline -0.008 -15"><span class='ocrx_word' id='word_1_529' title='bbox 122 3669 318 3727; x_wconf 65' lang='lat' dir='ltr'><strong>malcomo</strong></span> <span class='ocrx_word' id='word_1_530' title='bbox 331 3671 475 3726; x_wconf 74' lang='lat' dir='ltr'><strong>lucrasse</strong></span> <span class='ocrx_word' id='word_1_531' title='bbox 491 3669 627 3740; x_wconf 70' lang='lat' dir='ltr'><strong>epbcopo</strong></span> <span class='ocrx_word' id='word_1_532' title='bbox 654 3672 841 3728; x_wconf 83' lang='lat' dir='ltr'><strong>lluuronnrus</strong></span> <span class='ocrx_word' id='word_1_533' title='bbox 859 3683 960 3728; x_wconf 70' lang='lat' dir='ltr'><strong>seruw</strong></span> <span class='ocrx_word' id='word_1_534' title='bbox 1015 3681 1133 3742; x_wconf 89' lang='lat' dir='ltr'><strong>semper</strong></span> <span class='ocrx_word' id='word_1_535' title='bbox 1154 3663 1228 3722; x_wconf 91' lang='lat' dir='ltr'><strong>mihi</strong></span> <span class='ocrx_word' id='word_1_536' title='bbox 1242 3663 1298 3722; x_wconf 86' lang='lat' dir='ltr'><strong>tuit</strong></span> <span class='ocrx_word' id='word_1_537' title='bbox 1311 3660 1554 3738; x_wconf 77' lang='lat' dir='ltr'><strong>praesentissima,</strong></span> <span class='ocrx_word' id='word_1_538' title='bbox 1577 3673 1663 3731; x_wconf 85' lang='lat' dir='ltr'><strong>rogo,</strong></span> <span class='ocrx_word' id='word_1_539' title='bbox 1687 3655 1843 3716; x_wconf 88' lang='lat' dir='ltr'><strong>dilectissi-</strong></span> 
     </span>
     <span class='ocr_line' id='line_1_41' title="bbox 253 3746 1843 3830; baseline -0.006 -16"><span class='ocrx_word' id='word_1_540' title='bbox 253 3758 301 3814; x_wconf 74' lang='grc' dir='ltr'><strong>ιω</strong></span> <span class='ocrx_word' id='word_1_541' title='bbox 315 3759 381 3829; x_wconf 76' lang='lat' dir='ltr'><strong>ejus</strong></span> <span class='ocrx_word' id='word_1_542' title='bbox 394 3757 539 3828; x_wconf 76' lang='lat' dir='ltr'><strong>pendium</strong></span> <span class='ocrx_word' id='word_1_543' title='bbox 551 3764 706 3830; x_wconf 76' lang='lat' dir='ltr'><strong>perpetua</strong></span> <span class='ocrx_word' id='word_1_544' title='bbox 720 3759 837 3817; x_wconf 83' lang='lat' dir='ltr'><strong>salutis.</strong></span> <span class='ocrx_word' id='word_1_545' title='bbox 1014 3773 1073 3828; x_wconf 92' lang='lat' dir='ltr'><strong>me,</strong></span> <span class='ocrx_word' id='word_1_546' title='bbox 1086 3760 1120 3814; x_wconf 90' lang='lat' dir='ltr'><strong>ut</strong></span> <span class='ocrx_word' id='word_1_547' title='bbox 1133 3771 1239 3813; x_wconf 88' lang='lat' dir='ltr'><strong>omnes</strong></span> <span class='ocrx_word' id='word_1_548' title='bbox 1253 3752 1376 3811; x_wconf 87' lang='lat' dir='ltr'><strong>ciericos</strong></span> <span class='ocrx_word' id='word_1_549' title='bbox 1390 3751 1509 3810; x_wconf 82' lang='lat' dir='ltr'><strong>Domini</strong></span> <span class='ocrx_word' id='word_1_550' title='bbox 1520 3749 1614 3808; x_wconf 89' lang='lat' dir='ltr'><strong>nostri</strong></span> <span class='ocrx_word' id='word_1_551' title='bbox 1627 3746 1794 3806; x_wconf 86' lang='lat' dir='ltr'><strong>dulcissimi</strong></span> <span class='ocrx_word' id='word_1_552' title='bbox 1808 3761 1843 3804; x_wconf 86' lang='lat' dir='ltr'><strong>eo</strong></span> 
     </span>
     <span class='ocr_line' id='line_1_42' title="bbox 161 3835 1845 3920; baseline -0.008 -16"><span class='ocrx_word' id='word_1_553' title='bbox 161 3846 313 3904; x_wconf 87' lang='lat' dir='ltr'><strong>lnlitteris</strong></span> <span class='ocrx_word' id='word_1_554' title='bbox 329 3845 419 3903; x_wconf 89' lang='lat' dir='ltr'><strong>amici</strong></span> <span class='ocrx_word' id='word_1_555' title='bbox 433 3845 475 3903; x_wconf 91' lang='lat' dir='ltr'><strong>tui</strong></span> <span class='ocrx_word' id='word_1_556' title='bbox 503 3847 535 3903; x_wconf 88' lang='lat' dir='ltr'><strong>G.</strong></span> <span class='ocrx_word' id='word_1_557' title='bbox 561 3846 677 3904; x_wconf 87' lang='lat' dir='ltr'><strong>comitis</strong></span> <span class='ocrx_word' id='word_1_558' title='bbox 701 3846 830 3904; x_wconf 89' lang='lat' dir='ltr'><strong>multam</strong></span> <span class='ocrx_word' id='word_1_559' title='bbox 855 3845 960 3920; x_wconf 86' lang='lat' dir='ltr'><strong>depre-</strong></span> <span class='ocrx_word' id='word_1_560' title='bbox 1013 3845 1180 3905; x_wconf 89' lang='lat' dir='ltr'><strong>beatissimi</strong></span> <span class='ocrx_word' id='word_1_561' title='bbox 1192 3845 1286 3902; x_wconf 88' lang='lat' dir='ltr'><strong>Patris</strong></span> <span class='ocrx_word' id='word_1_562' title='bbox 1302 3841 1412 3912; x_wconf 89' lang='lat' dir='ltr'><strong>llilarii,</strong></span> <span class='ocrx_word' id='word_1_563' title='bbox 1427 3857 1446 3897; x_wconf 92' lang='lat' dir='ltr'><strong>a</strong></span> <span class='ocrx_word' id='word_1_564' title='bbox 1459 3853 1553 3914; x_wconf 78' lang='lat' dir='ltr'><strong>parvo</strong></span> <span class='ocrx_word' id='word_1_565' title='bbox 1565 3853 1662 3910; x_wconf 88' lang='lat' dir='ltr'><strong>usque</strong></span> <span class='ocrx_word' id='word_1_566' title='bbox 1687 3835 1726 3892; x_wconf 90' lang='lat' dir='ltr'><strong>ad</strong></span> <span class='ocrx_word' id='word_1_567' title='bbox 1749 3835 1845 3906; x_wconf 85' lang='lat' dir='ltr'><strong>majo·</strong></span> 
     </span>
     <span class='ocr_line' id='line_1_43' title="bbox 125 3923 1843 4010; baseline -0.008 -18"><span class='ocrx_word' id='word_1_568' title='bbox 125 3935 260 3992; x_wconf 87' lang='lat' dir='ltr'><strong>bendere</strong></span> <span class='ocrx_word' id='word_1_569' title='bbox 272 3939 359 4010; x_wconf 87' lang='lat' dir='ltr'><strong>potes</strong></span> <span class='ocrx_word' id='word_1_570' title='bbox 374 3950 446 4006; x_wconf 87' lang='lat' dir='ltr'><strong>erge</strong></span> <span class='ocrx_word' id='word_1_571' title='bbox 464 3941 492 3994; x_wconf 88' lang='lat' dir='ltr'><strong>te</strong></span> <span class='ocrx_word' id='word_1_572' title='bbox 516 3935 750 4008; x_wconf 77' lang='lat' dir='ltr'><strong>benignitatem,</strong></span> <span class='ocrx_word' id='word_1_573' title='bbox 778 3935 961 3994; x_wconf 81' lang='lat' dir='ltr'><strong>familiarita-</strong></span> <span class='ocrx_word' id='word_1_574' title='bbox 1012 3951 1089 4005; x_wconf 89' lang='lat' dir='ltr'><strong>rcm,</strong></span> <span class='ocrx_word' id='word_1_575' title='bbox 1105 3951 1143 3992; x_wconf 89' lang='lat' dir='ltr'><strong>ex</strong></span> <span class='ocrx_word' id='word_1_576' title='bbox 1158 3949 1226 3992; x_wconf 91' lang='lat' dir='ltr'><strong>meo</strong></span> <span class='ocrx_word' id='word_1_577' title='bbox 1240 3931 1363 3990; x_wconf 88' lang='lat' dir='ltr'><strong>nomine</strong></span> <span class='ocrx_word' id='word_1_578' title='bbox 1387 3927 1531 3995; x_wconf 88' lang='lat' dir='ltr'><strong>salutetis,</strong></span> <span class='ocrx_word' id='word_1_579' title='bbox 1557 3931 1586 3984; x_wconf 89' lang='lat' dir='ltr'><strong>et</strong></span> <span class='ocrx_word' id='word_1_580' title='bbox 1607 3923 1749 3983; x_wconf 90' lang='lat' dir='ltr'><strong>omnibus</strong></span> <span class='ocrx_word' id='word_1_581' title='bbox 1774 3937 1843 3980; x_wconf 90' lang='lat' dir='ltr'><strong>ora·</strong></span> 
     </span>
     <span class='ocr_line' id='line_1_44' title="bbox 128 4013 1843 4101; baseline -0.008 -20"><span class='ocrx_word' id='word_1_582' title='bbox 128 4024 391 4095; x_wconf 69' lang='lat' dir='ltr'><strong>romanianum,</strong></span> <span class='ocrx_word' id='word_1_583' title='bbox 417 4023 626 4082; x_wconf 88' lang='lat' dir='ltr'><strong>sustinentiam</strong></span> <span class='ocrx_word' id='word_1_584' title='bbox 651 4041 720 4100; x_wconf 79' lang='lat' dir='ltr'><strong>quse</strong></span> <span class='ocrx_word' id='word_1_585' title='bbox 741 4041 803 4082; x_wconf 93' lang='lat' dir='ltr'><strong>non</strong></span> <span class='ocrx_word' id='word_1_586' title='bbox 825 4040 902 4101; x_wconf 90' lang='lat' dir='ltr'><strong>opus</strong></span> <span class='ocrx_word' id='word_1_587' title='bbox 916 4028 961 4082; x_wconf 90' lang='lat' dir='ltr'><strong>est</strong></span> <span class='ocrx_word' id='word_1_588' title='bbox 1013 4025 1130 4083; x_wconf 79' lang='lat' dir='ltr'><strong>donum</strong></span> <span class='ocrx_word' id='word_1_589' title='bbox 1144 4022 1245 4081; x_wconf 85' lang='lat' dir='ltr'><strong>tidelia</strong></span> <span class='ocrx_word' id='word_1_590' title='bbox 1258 4019 1373 4080; x_wconf 87' lang='lat' dir='ltr'><strong>dicatis.</strong></span> <span class='ocrx_word' id='word_1_591' title='bbox 1397 4017 1456 4092; x_wconf 90' lang='lat' dir='ltr'><strong>lpsi</strong></span> <span class='ocrx_word' id='word_1_592' title='bbox 1480 4017 1570 4075; x_wconf 87' lang='lat' dir='ltr'><strong>etiam</strong></span> <span class='ocrx_word' id='word_1_593' title='bbox 1588 4013 1689 4073; x_wconf 89' lang='lat' dir='ltr'><strong>comiti</strong></span> <span class='ocrx_word' id='word_1_594' title='bbox 1701 4016 1843 4070; x_wconf 89' lang='lat' dir='ltr'><strong>centenas</strong></span> 
     </span>
     <span class='ocr_line' id='line_1_45' title="bbox 124 4102 1843 4188; baseline -0.009 -16"><span class='ocrx_word' id='word_1_595' title='bbox 124 4113 363 4188; x_wconf 87' lang='lat' dir='ltr'><strong>mihiexponere</strong></span> <span class='ocrx_word' id='word_1_596' title='bbox 373 4113 428 4171; x_wconf 90' lang='lat' dir='ltr'><strong>tibi</strong></span> <span class='ocrx_word' id='word_1_597' title='bbox 441 4115 554 4188; x_wconf 88' lang='lat' dir='ltr'><strong>optime</strong></span> <span class='ocrx_word' id='word_1_598' title='bbox 568 4114 682 4173; x_wconf 86' lang='lat' dir='ltr'><strong>scienti.</strong></span> <span class='ocrx_word' id='word_1_599' title='bbox 706 4113 771 4173; x_wconf 85' lang='lat' dir='ltr'><strong>Vita</strong></span> <span class='ocrx_word' id='word_1_600' title='bbox 791 4117 901 4172; x_wconf 89' lang='lat' dir='ltr'><strong>tuaac</strong></span> <span class='ocrx_word' id='word_1_601' title='bbox 924 4113 960 4171; x_wconf 91' lang='lat' dir='ltr'><strong>il·</strong></span> <span class='ocrx_word' id='word_1_602' title='bbox 1013 4113 1151 4172; x_wconf 80' lang='lat' dir='ltr'><strong>mhlenas</strong></span> <span class='ocrx_word' id='word_1_603' title='bbox 1178 4111 1289 4170; x_wconf 86' lang='lat' dir='ltr'><strong>salutes</strong></span> <span class='ocrx_word' id='word_1_604' title='bbox 1309 4127 1346 4168; x_wconf 87' lang='lat' dir='ltr'><strong>ex</strong></span> <span class='ocrx_word' id='word_1_605' title='bbox 1359 4124 1437 4166; x_wconf 86' lang='lat' dir='ltr'><strong>mea</strong></span> <span class='ocrx_word' id='word_1_606' title='bbox 1459 4111 1544 4182; x_wconf 91' lang='lat' dir='ltr'><strong>parte</strong></span> <span class='ocrx_word' id='word_1_607' title='bbox 1567 4102 1736 4171; x_wconf 85' lang='lat' dir='ltr'><strong>conteratis,</strong></span> <span class='ocrx_word' id='word_1_608' title='bbox 1751 4115 1843 4174; x_wconf 87' lang='lat' dir='ltr'><strong>quem</strong></span> 
     </span>
     <span class='ocr_line' id='line_1_46' title="bbox 122 4190 1843 4282; baseline -0.009 -21"><span class='ocrx_word' id='word_1_609' title='bbox 122 4203 183 4261; x_wconf 89' lang='lat' dir='ltr'><strong>lius</strong></span> <span class='ocrx_word' id='word_1_610' title='bbox 196 4203 319 4276; x_wconf 67' lang='lat' dir='ltr'><strong>contib,</strong></span> <span class='ocrx_word' id='word_1_611' title='bbox 339 4219 402 4261; x_wconf 90' lang='lat' dir='ltr'><strong>non</strong></span> <span class='ocrx_word' id='word_1_612' title='bbox 415 4204 533 4262; x_wconf 89' lang='lat' dir='ltr'><strong>amittes</strong></span> <span class='ocrx_word' id='word_1_613' title='bbox 554 4209 728 4280; x_wconf 89' lang='lat' dir='ltr'><strong>susceptum</strong></span> <span class='ocrx_word' id='word_1_614' title='bbox 751 4203 908 4274; x_wconf 89' lang='lat' dir='ltr'><strong>honorem,</strong></span> <span class='ocrx_word' id='word_1_615' title='bbox 935 4203 961 4262; x_wconf 89' lang='lat' dir='ltr'><strong>si</strong></span> <span class='ocrx_word' id='word_1_616' title='bbox 1014 4221 1078 4282; x_wconf 73' lang='lat' dir='ltr'><strong>pra</strong></span> <span class='ocrx_word' id='word_1_617' title='bbox 1087 4202 1230 4262; x_wconf 86' lang='lat' dir='ltr'><strong>omnibus</strong></span> <span class='ocrx_word' id='word_1_618' title='bbox 1247 4199 1331 4260; x_wconf 87' lang='lat' dir='ltr'><strong>laicis</strong></span> <span class='ocrx_word' id='word_1_619' title='bbox 1344 4197 1447 4270; x_wconf 85' lang='lat' dir='ltr'><strong>diligo,</strong></span> <span class='ocrx_word' id='word_1_620' title='bbox 1461 4196 1640 4255; x_wconf 91' lang='lat' dir='ltr'><strong>memoriam</strong></span> <span class='ocrx_word' id='word_1_621' title='bbox 1655 4190 1763 4266; x_wconf 77' lang='lat' dir='ltr'><strong>sinsin</strong></span> <span class='ocrx_word' id='word_1_622' title='bbox 1775 4205 1843 4248; x_wconf 91' lang='lat' dir='ltr'><strong>ora·</strong></span> 
     </span>
     <span class='ocr_line' id='line_1_47' title="bbox 122 4281 1844 4366; baseline -0.008 -16"><span class='ocrx_word' id='word_1_623' title='bbox 122 4297 227 4350; x_wconf 85' lang='lat' dir='ltr'><strong>tenere</strong></span> <span class='ocrx_word' id='word_1_624' title='bbox 239 4291 382 4350; x_wconf 87' lang='lat' dir='ltr'><strong>volueris.</strong></span> <span class='ocrx_word' id='word_1_625' title='bbox 398 4293 516 4351; x_wconf 89' lang='lat' dir='ltr'><strong>Suadeo</strong></span> <span class='ocrx_word' id='word_1_626' title='bbox 531 4308 603 4366; x_wconf 89' lang='lat' dir='ltr'><strong>crgo</strong></span> <span class='ocrx_word' id='word_1_627' title='bbox 615 4309 653 4350; x_wconf 89' lang='lat' dir='ltr'><strong>ne</strong></span> <span class='ocrx_word' id='word_1_628' title='bbox 668 4293 761 4352; x_wconf 85' lang='lat' dir='ltr'><strong>iacias</strong></span> <span class='ocrx_word' id='word_1_629' title='bbox 784 4292 832 4351; x_wconf 86' lang='lat' dir='ltr'><strong>vel</strong></span> <span class='ocrx_word' id='word_1_630' title='bbox 846 4293 960 4350; x_wconf 87' lang='lat' dir='ltr'><strong>scribas</strong></span> <span class='ocrx_word' id='word_1_631' title='bbox 1014 4291 1146 4350; x_wconf 89' lang='lat' dir='ltr'><strong>tionibus</strong></span> <span class='ocrx_word' id='word_1_632' title='bbox 1161 4289 1236 4348; x_wconf 89' lang='lat' dir='ltr'><strong>meis</strong></span> <span class='ocrx_word' id='word_1_633' title='bbox 1248 4288 1288 4347; x_wconf 88' lang='lat' dir='ltr'><strong>ad</strong></span> <span class='ocrx_word' id='word_1_634' title='bbox 1300 4287 1463 4346; x_wconf 84' lang='lat' dir='ltr'><strong>Dominum</strong></span> <span class='ocrx_word' id='word_1_635' title='bbox 1475 4285 1598 4356; x_wconf 84' lang='lat' dir='ltr'><strong>iaciens,</strong></span> <span class='ocrx_word' id='word_1_636' title='bbox 1617 4281 1844 4357; x_wconf 83' lang='lat' dir='ltr'><strong>qualescunque</strong></span> 
     </span>
     <span class='ocr_line' id='line_1_48' title="bbox 121 4355 1842 4457; baseline -0.007 -17"><span class='ocrx_word' id='word_1_637' title='bbox 121 4383 150 4440; x_wconf 92' lang='lat' dir='ltr'><strong>ei</strong></span> <span class='ocrx_word' id='word_1_638' title='bbox 161 4379 339 4457; x_wconf 86' lang='lat' dir='ltr'><strong>repudium,</strong></span> <span class='ocrx_word' id='word_1_639' title='bbox 354 4381 380 4439; x_wconf 90' lang='lat' dir='ltr'><strong>si</strong></span> <span class='ocrx_word' id='word_1_640' title='bbox 389 4379 528 4453; x_wconf 87' lang='lat' dir='ltr'><strong>intelligis</strong></span> <span class='ocrx_word' id='word_1_641' title='bbox 538 4382 602 4441; x_wconf 80' lang='lat' dir='ltr'><strong>fore</strong></span> <span class='ocrx_word' id='word_1_642' title='bbox 615 4383 668 4442; x_wconf 90' lang='lat' dir='ltr'><strong>tibi</strong></span> <span class='ocrx_word' id='word_1_643' title='bbox 680 4383 752 4441; x_wconf 92' lang='lat' dir='ltr'><strong>utile</strong></span> <span class='ocrx_word' id='word_1_644' title='bbox 775 4388 805 4441; x_wconf 92' lang='lat' dir='ltr'><strong>et</strong></span> <span class='ocrx_word' id='word_1_645' title='bbox 826 4383 959 4442; x_wconf 80' lang='lat' dir='ltr'><strong>eeclesiae</strong></span> <span class='ocrx_word' id='word_1_646' title='bbox 976 4355 999 4411; x_wconf 67' lang='grc' dir='ltr'>ὓ</span> <span class='ocrx_word' id='word_1_647' title='bbox 1014 4381 1051 4450; x_wconf 92' lang='lat' dir='ltr'><strong>ei,</strong></span> <span class='ocrx_word' id='word_1_648' title='bbox 1068 4395 1124 4456; x_wconf 93' lang='lat' dir='ltr'><strong>pro</strong></span> <span class='ocrx_word' id='word_1_649' title='bbox 1137 4393 1241 4438; x_wconf 86' lang='lat' dir='ltr'><strong>amore</strong></span> <span class='ocrx_word' id='word_1_650' title='bbox 1254 4381 1284 4435; x_wconf 88' lang='lat' dir='ltr'><strong>ct</strong></span> <span class='ocrx_word' id='word_1_651' title='bbox 1296 4374 1451 4435; x_wconf 87' lang='lat' dir='ltr'><strong>beneficiis</strong></span> <span class='ocrx_word' id='word_1_652' title='bbox 1463 4391 1532 4448; x_wconf 82' lang='lat' dir='ltr'><strong>quse</strong></span> <span class='ocrx_word' id='word_1_653' title='bbox 1546 4371 1620 4432; x_wconf 90' lang='lat' dir='ltr'><strong>mihi</strong></span> <span class='ocrx_word' id='word_1_654' title='bbox 1633 4368 1778 4442; x_wconf 87' lang='lat' dir='ltr'><strong>exhibuit,</strong></span> <span class='ocrx_word' id='word_1_655' title='bbox 1797 4367 1842 4424; x_wconf 86' lang='lat' dir='ltr'><strong>iu·</strong></span> 
     </span>
     <span class='ocr_line' id='line_1_49' title="bbox 121 4457 1860 4542; baseline -0.009 -12"><span class='ocrx_word' id='word_1_656' title='bbox 121 4479 183 4530; x_wconf 79' lang='lat' dir='ltr'><strong>bare</strong></span> <span class='ocrx_word' id='word_1_657' title='bbox 197 4471 419 4542; x_wconf 87' lang='lat' dir='ltr'><strong>restaurationi,</strong></span> <span class='ocrx_word' id='word_1_658' title='bbox 434 4473 557 4531; x_wconf 85' lang='lat' dir='ltr'><strong>etsiest</strong></span> <span class='ocrx_word' id='word_1_659' title='bbox 571 4473 625 4530; x_wconf 91' lang='lat' dir='ltr'><strong>tibi</strong></span> <span class='ocrx_word' id='word_1_660' title='bbox 639 4473 760 4533; x_wconf 91' lang='lat' dir='ltr'><strong>animus</strong></span> <span class='ocrx_word' id='word_1_661' title='bbox 782 4479 810 4532; x_wconf 86' lang='lat' dir='ltr'><strong>et</strong></span> <span class='ocrx_word' id='word_1_662' title='bbox 831 4473 958 4532; x_wconf 83' lang='lat' dir='ltr'><strong>facultas</strong></span> <span class='ocrx_word' id='word_1_663' title='bbox 1014 4469 1186 4528; x_wconf 88' lang='lat' dir='ltr'><strong>desinenter</strong></span> <span class='ocrx_word' id='word_1_664' title='bbox 1199 4467 1310 4540; x_wconf 86' lang='lat' dir='ltr'><strong>gratias</strong></span> <span class='ocrx_word' id='word_1_665' title='bbox 1334 4480 1438 4537; x_wconf 89' lang='lat' dir='ltr'><strong>agens.</strong></span> <span class='ocrx_word' id='word_1_666' title='bbox 1459 4462 1596 4522; x_wconf 86' lang='lat' dir='ltr'><strong>Similiter</strong></span> <span class='ocrx_word' id='word_1_667' title='bbox 1621 4463 1723 4519; x_wconf 87' lang='lat' dir='ltr'><strong>autem</strong></span> <span class='ocrx_word' id='word_1_668' title='bbox 1745 4457 1860 4514; x_wconf 66' lang='lat' dir='ltr'><strong>domu.</strong></span> 
     </span>
     <span class='ocr_line' id='line_1_50' title="bbox 123 4543 1842 4638; baseline -0.005 -16"><span class='ocrx_word' id='word_1_669' title='bbox 123 4564 165 4622; x_wconf 91' lang='lat' dir='ltr'><strong>ad</strong></span> <span class='ocrx_word' id='word_1_670' title='bbox 179 4563 287 4638; x_wconf 88' lang='lat' dir='ltr'><strong>ipsum</strong></span> <span class='ocrx_word' id='word_1_671' title='bbox 301 4561 452 4632; x_wconf 83' lang='lat' dir='ltr'><strong>veniendi,</strong></span> <span class='ocrx_word' id='word_1_672' title='bbox 477 4566 511 4619; x_wconf 91' lang='lat' dir='ltr'><strong>ut</strong></span> <span class='ocrx_word' id='word_1_673' title='bbox 533 4568 630 4636; x_wconf 88' lang='lat' dir='ltr'><strong>rogat,</strong></span> <span class='ocrx_word' id='word_1_674' title='bbox 659 4567 688 4620; x_wconf 91' lang='lat' dir='ltr'><strong>et</strong></span> <span class='ocrx_word' id='word_1_675' title='bbox 714 4564 788 4622; x_wconf 91' lang='lat' dir='ltr'><strong>mihi</strong></span> <span class='ocrx_word' id='word_1_676' title='bbox 813 4563 960 4622; x_wconf 66' lang='lat' dir='ltr'><strong>meadum</strong></span> <span class='ocrx_word' id='word_1_677' title='bbox 1014 4576 1090 4618; x_wconf 91' lang='lat' dir='ltr'><strong>num</strong></span> <span class='ocrx_word' id='word_1_678' title='bbox 1103 4573 1207 4616; x_wconf 90' lang='lat' dir='ltr'><strong>meum</strong></span> <span class='ocrx_word' id='word_1_679' title='bbox 1220 4555 1416 4614; x_wconf 87' lang='lat' dir='ltr'><strong>isembertum</strong></span> <span class='ocrx_word' id='word_1_680' title='bbox 1430 4553 1606 4629; x_wconf 89' lang='lat' dir='ltr'><strong>episcopum</strong></span> <span class='ocrx_word' id='word_1_681' title='bbox 1629 4549 1765 4614; x_wconf 74' lang='lat' dir='ltr'><strong>sunau,</strong></span> <span class='ocrx_word' id='word_1_682' title='bbox 1789 4543 1842 4600; x_wconf 82' lang='lat' dir='ltr'><strong>0b·</strong></span> 
     </span>
     <span class='ocr_line' id='line_1_51' title="bbox 122 4637 1843 4734; baseline -0.008 -24"><span class='ocrx_word' id='word_1_683' title='bbox 122 4650 317 4725; x_wconf 86' lang='lat' dir='ltr'><strong>subrogandi</strong></span> <span class='ocrx_word' id='word_1_684' title='bbox 328 4650 375 4709; x_wconf 83' lang='lat' dir='ltr'><strong>rel</strong></span> <span class='ocrx_word' id='word_1_685' title='bbox 384 4651 500 4709; x_wconf 89' lang='lat' dir='ltr'><strong>socium</strong></span> <span class='ocrx_word' id='word_1_686' title='bbox 515 4651 656 4711; x_wconf 88' lang='lat' dir='ltr'><strong>addendi.</strong></span> <span class='ocrx_word' id='word_1_687' title='bbox 686 4653 858 4712; x_wconf 88' lang='lat' dir='ltr'><strong>Nullatenus</strong></span> <span class='ocrx_word' id='word_1_688' title='bbox 878 4652 959 4710; x_wconf 90' lang='lat' dir='ltr'><strong>enim</strong></span> <span class='ocrx_word' id='word_1_689' title='bbox 1015 4667 1109 4720; x_wconf 88' lang='lat' dir='ltr'><strong>seero,</strong></span> <span class='ocrx_word' id='word_1_690' title='bbox 1126 4649 1253 4724; x_wconf 85' lang='lat' dir='ltr'><strong>cujusin</strong></span> <span class='ocrx_word' id='word_1_691' title='bbox 1267 4663 1316 4704; x_wconf 88' lang='lat' dir='ltr'><strong>me</strong></span> <span class='ocrx_word' id='word_1_692' title='bbox 1330 4644 1521 4718; x_wconf 87' lang='lat' dir='ltr'><strong>benignitatis</strong></span> <span class='ocrx_word' id='word_1_693' title='bbox 1533 4659 1569 4700; x_wconf 88' lang='lat' dir='ltr'><strong>ac</strong></span> <span class='ocrx_word' id='word_1_694' title='bbox 1579 4637 1735 4698; x_wconf 82' lang='lat' dir='ltr'><strong>hilaritatis</strong></span> <span class='ocrx_word' id='word_1_695' title='bbox 1746 4649 1843 4734; x_wconf 50' lang='grc' dir='ltr'><strong>φιμ-</strong></span> 
     </span>
     <span class='ocr_line' id='line_1_52' title="bbox 123 4721 1843 4828; baseline -0.009 -28"><span class='ocrx_word' id='word_1_696' title='bbox 123 4743 202 4800; x_wconf 80' lang='lat' dir='ltr'><strong>terre</strong></span> <span class='ocrx_word' id='word_1_697' title='bbox 217 4756 358 4816; x_wconf 89' lang='lat' dir='ltr'><strong>possum,</strong></span> <span class='ocrx_word' id='word_1_698' title='bbox 372 4741 431 4798; x_wconf 91' lang='lat' dir='ltr'><strong>nisi</strong></span> <span class='ocrx_word' id='word_1_699' title='bbox 440 4741 576 4814; x_wconf 77' lang='lat' dir='ltr'><strong>iussione</strong></span> <span class='ocrx_word' id='word_1_700' title='bbox 585 4747 637 4800; x_wconf 87' lang='lat' dir='ltr'><strong>tua</strong></span> <span class='ocrx_word' id='word_1_701' title='bbox 646 4748 778 4817; x_wconf 89' lang='lat' dir='ltr'><strong>coactus,</strong></span> <span class='ocrx_word' id='word_1_702' title='bbox 792 4743 840 4802; x_wconf 87' lang='lat' dir='ltr'><strong>vel</strong></span> <span class='ocrx_word' id='word_1_703' title='bbox 850 4744 959 4801; x_wconf 70' lang='lat' dir='ltr'><strong>absen</strong></span> <span class='ocrx_word' id='word_1_704' title='bbox 1014 4743 1045 4798; x_wconf 91' lang='lat' dir='ltr'><strong>ta</strong></span> <span class='ocrx_word' id='word_1_705' title='bbox 1059 4738 1148 4797; x_wconf 81' lang='lat' dir='ltr'><strong>fuerit</strong></span> <span class='ocrx_word' id='word_1_706' title='bbox 1161 4737 1266 4809; x_wconf 90' lang='lat' dir='ltr'><strong>gratia,</strong></span> <span class='ocrx_word' id='word_1_707' title='bbox 1282 4735 1453 4793; x_wconf 83' lang='lat' dir='ltr'><strong>nudateuus</strong></span> <span class='ocrx_word' id='word_1_708' title='bbox 1467 4732 1566 4790; x_wconf 90' lang='lat' dir='ltr'><strong>dicere</strong></span> <span class='ocrx_word' id='word_1_709' title='bbox 1575 4743 1625 4786; x_wconf 90' lang='lat' dir='ltr'><strong>me</strong></span> <span class='ocrx_word' id='word_1_710' title='bbox 1635 4725 1705 4828; x_wconf 83' lang='lat' dir='ltr'><strong>sinit</strong></span> <span class='ocrx_word' id='word_1_711' title='bbox 1712 4721 1843 4823; x_wconf 57' lang='lat' dir='ltr'><strong>probite-</strong></span> 
     </span>
     <span class='ocr_line' id='line_1_53' title="bbox 120 4815 1843 4908; baseline -0.013 -18"><span class='ocrx_word' id='word_1_712' title='bbox 120 4833 180 4890; x_wconf 84' lang='lat' dir='ltr'><strong>tari</strong></span> <span class='ocrx_word' id='word_1_713' title='bbox 195 4831 317 4906; x_wconf 78' lang='lat' dir='ltr'><strong>penitru</strong></span> <span class='ocrx_word' id='word_1_714' title='bbox 332 4847 392 4901; x_wconf 89' lang='lat' dir='ltr'><strong>me,</strong></span> <span class='ocrx_word' id='word_1_715' title='bbox 402 4830 449 4889; x_wconf 82' lang='lat' dir='ltr'><strong>rel</strong></span> <span class='ocrx_word' id='word_1_716' title='bbox 460 4831 568 4890; x_wconf 88' lang='lat' dir='ltr'><strong>abesse</strong></span> <span class='ocrx_word' id='word_1_717' title='bbox 579 4831 693 4890; x_wconf 79' lang='lat' dir='ltr'><strong>diufius</strong></span> <span class='ocrx_word' id='word_1_718' title='bbox 706 4833 858 4908; x_wconf 89' lang='lat' dir='ltr'><strong>obsequiis</strong></span> <span class='ocrx_word' id='word_1_719' title='bbox 872 4833 960 4892; x_wconf 84' lang='lat' dir='ltr'><strong>almse</strong></span> <span class='ocrx_word' id='word_1_720' title='bbox 1013 4828 1051 4886; x_wconf 91' lang='lat' dir='ltr'><strong>tis</strong></span> <span class='ocrx_word' id='word_1_721' title='bbox 1064 4828 1130 4901; x_wconf 82' lang='lat' dir='ltr'><strong>ejus</strong></span> <span class='ocrx_word' id='word_1_722' title='bbox 1143 4827 1296 4884; x_wconf 89' lang='lat' dir='ltr'><strong>immensa</strong></span> <span class='ocrx_word' id='word_1_723' title='bbox 1306 4821 1494 4895; x_wconf 87' lang='lat' dir='ltr'><strong>magnitudo.</strong></span> <span class='ocrx_word' id='word_1_724' title='bbox 1507 4818 1565 4878; x_wconf 87' lang='lat' dir='ltr'><strong>sed</strong></span> <span class='ocrx_word' id='word_1_725' title='bbox 1578 4821 1608 4875; x_wconf 89' lang='lat' dir='ltr'><strong>et</strong></span> <span class='ocrx_word' id='word_1_726' title='bbox 1620 4815 1717 4874; x_wconf 89' lang='lat' dir='ltr'><strong>iihum</strong></span> <span class='ocrx_word' id='word_1_727' title='bbox 1726 4816 1843 4871; x_wconf 77' lang='lat' dir='ltr'><strong>comeus</strong></span> 
     </span>
     <span class='ocr_line' id='line_1_54' title="bbox 124 4904 1842 4988; baseline -0.002 -8"><span class='ocrx_word' id='word_1_728' title='bbox 124 4923 177 4980; x_wconf 84' lang='lat' dir='ltr'><strong>llei</strong></span> <span class='ocrx_word' id='word_1_729' title='bbox 190 4920 348 4979; x_wconf 87' lang='lat' dir='ltr'><strong>Genitricis</strong></span> <span class='ocrx_word' id='word_1_730' title='bbox 361 4925 390 4978; x_wconf 91' lang='lat' dir='ltr'><strong>et</strong></span> <span class='ocrx_word' id='word_1_731' title='bbox 403 4923 471 4988; x_wconf 88' lang='lat' dir='ltr'><strong>tuis,</strong></span> <span class='ocrx_word' id='word_1_732' title='bbox 486 4919 661 4980; x_wconf 88' lang='lat' dir='ltr'><strong>desiderans</strong></span> <span class='ocrx_word' id='word_1_733' title='bbox 676 4926 709 4981; x_wconf 92' lang='lat' dir='ltr'><strong>ut</strong></span> <span class='ocrx_word' id='word_1_734' title='bbox 722 4939 828 4982; x_wconf 86' lang='lat' dir='ltr'><strong>cervus</strong></span> <span class='ocrx_word' id='word_1_735' title='bbox 842 4923 881 4980; x_wconf 90' lang='lat' dir='ltr'><strong>ad</strong></span> <span class='ocrx_word' id='word_1_736' title='bbox 896 4921 962 4982; x_wconf 90' lang='lat' dir='ltr'><strong>iou·</strong></span> <span class='ocrx_word' id='word_1_737' title='bbox 1014 4921 1043 4976; x_wconf 90' lang='lat' dir='ltr'><strong>et</strong></span> <span class='ocrx_word' id='word_1_738' title='bbox 1056 4915 1213 4975; x_wconf 87' lang='lat' dir='ltr'><strong>dominam</strong></span> <span class='ocrx_word' id='word_1_739' title='bbox 1223 4913 1417 4981; x_wconf 81' lang='lat' dir='ltr'><strong>comitissam,</strong></span> <span class='ocrx_word' id='word_1_740' title='bbox 1431 4925 1487 4969; x_wconf 74' lang='lat'><strong>1¹00</strong></span> <span class='ocrx_word' id='word_1_741' title='bbox 1500 4924 1563 4967; x_wconf 84' lang='grc'><strong>11011</strong></span> <span class='ocrx_word' id='word_1_742' title='bbox 1576 4911 1606 4964; x_wconf 64' lang='lat' dir='ltr'><strong>Oi</strong></span> <span class='ocrx_word' id='word_1_743' title='bbox 1618 4904 1705 4974; x_wconf 62' lang='grc'><strong>111103,</strong></span> <span class='ocrx_word' id='word_1_744' title='bbox 1712 4917 1842 4977; x_wconf 67' lang='lat' dir='ltr'><strong>t1¹¹⁰¹&#39;¹¹¹¹¹</strong></span> 
     </span>
     <span class='ocr_line' id='line_1_55' title="bbox 123 4990 1843 5094; baseline -0.01 -25"><span class='ocrx_word' id='word_1_745' title='bbox 123 5017 169 5069; x_wconf 86' lang='lat' dir='ltr'><strong>tes</strong></span> <span class='ocrx_word' id='word_1_746' title='bbox 184 5025 339 5086; x_wconf 73' lang='lat' dir='ltr'><strong>aquam</strong></span> <span class='ocrx_word' id='word_1_747' title='bbox 353 5009 412 5068; x_wconf 91' lang='lat' dir='ltr'><strong>tuis</strong></span> <span class='ocrx_word' id='word_1_748' title='bbox 424 5010 543 5084; x_wconf 82' lang='lat' dir='ltr'><strong>plenius</strong></span> <span class='ocrx_word' id='word_1_749' title='bbox 554 5011 659 5069; x_wconf 87' lang='lat' dir='ltr'><strong>instrui</strong></span> <span class='ocrx_word' id='word_1_750' title='bbox 678 5011 877 5086; x_wconf 91' lang='lat' dir='ltr'><strong>documentis,</strong></span> <span class='ocrx_word' id='word_1_751' title='bbox 893 5029 959 5072; x_wconf 88' lang='lat' dir='ltr'><strong>om·</strong></span> <span class='ocrx_word' id='word_1_752' title='bbox 1013 5005 1223 5066; x_wconf 82' lang='lat' dir='ltr'><strong>benevolentia</strong></span> <span class='ocrx_word' id='word_1_753' title='bbox 1249 5003 1303 5062; x_wconf 80' lang='lat' dir='ltr'><strong>cui</strong></span> <span class='ocrx_word' id='word_1_754' title='bbox 1329 5000 1497 5060; x_wconf 89' lang='lat' dir='ltr'><strong>immeritus</strong></span> <span class='ocrx_word' id='word_1_755' title='bbox 1524 4994 1707 5094; x_wconf 79' lang='lat' dir='ltr'><strong>gaudebam,</strong></span> <span class='ocrx_word' id='word_1_756' title='bbox 1735 4990 1843 5048; x_wconf 75' lang='lat' dir='ltr'><strong>eodem</strong></span> 
     </span>
     <span class='ocr_line' id='line_1_56' title="bbox 122 5078 1843 5172; baseline -0.003 -14"><span class='ocrx_word' id='word_1_757' title='bbox 122 5103 155 5158; x_wconf 88' lang='lat' dir='ltr'><strong>ni</strong></span> <span class='ocrx_word' id='word_1_758' title='bbox 170 5115 249 5158; x_wconf 87' lang='lat' dir='ltr'><strong>auro</strong></span> <span class='ocrx_word' id='word_1_759' title='bbox 261 5103 291 5156; x_wconf 89' lang='lat' dir='ltr'><strong>ct</strong></span> <span class='ocrx_word' id='word_1_760' title='bbox 303 5103 438 5171; x_wconf 88' lang='lat' dir='ltr'><strong>argento,</strong></span> <span class='ocrx_word' id='word_1_761' title='bbox 448 5099 516 5172; x_wconf 85' lang='lat' dir='ltr'><strong>ipsa</strong></span> <span class='ocrx_word' id='word_1_762' title='bbox 527 5100 618 5158; x_wconf 89' lang='lat' dir='ltr'><strong>etiam</strong></span> <span class='ocrx_word' id='word_1_763' title='bbox 638 5102 701 5158; x_wconf 88' lang='lat' dir='ltr'><strong>vita</strong></span> <span class='ocrx_word' id='word_1_764' title='bbox 720 5103 795 5160; x_wconf 91' lang='lat' dir='ltr'><strong>mihi</strong></span> <span class='ocrx_word' id='word_1_765' title='bbox 818 5103 960 5162; x_wconf 88' lang='lat' dir='ltr'><strong>chariori·</strong></span> <span class='ocrx_word' id='word_1_766' title='bbox 1014 5095 1118 5155; x_wconf 90' lang='lat' dir='ltr'><strong>salutis</strong></span> <span class='ocrx_word' id='word_1_767' title='bbox 1136 5109 1262 5153; x_wconf 89' lang='lat' dir='ltr'><strong>munere</strong></span> <span class='ocrx_word' id='word_1_768' title='bbox 1286 5095 1410 5149; x_wconf 87' lang='lat' dir='ltr'><strong>cunctos</strong></span> <span class='ocrx_word' id='word_1_769' title='bbox 1437 5084 1582 5161; x_wconf 79' lang='lat' dir='ltr'><strong>impertiri</strong></span> <span class='ocrx_word' id='word_1_770' title='bbox 1604 5097 1642 5140; x_wconf 75' lang='lat'><strong>¹1⁸</strong></span> <span class='ocrx_word' id='word_1_771' title='bbox 1663 5084 1773 5155; x_wconf 60' lang='lat' dir='ltr'><strong>Plssffi</strong></span> <span class='ocrx_word' id='word_1_772' title='bbox 1797 5078 1843 5138; x_wconf 65' lang='lat' dir='ltr'><strong>Ad</strong></span> 
     </span>
     <span class='ocr_line' id='line_1_57' title="bbox 120 5168 1844 5268; baseline -0.005 -20"><span class='ocrx_word' id='word_1_773' title='bbox 120 5191 195 5248; x_wconf 77' lang='lat' dir='ltr'><strong>aas.</strong></span> <span class='ocrx_word' id='word_1_774' title='bbox 212 5189 286 5248; x_wconf 86' lang='lat' dir='ltr'><strong>volo</strong></span> <span class='ocrx_word' id='word_1_775' title='bbox 301 5189 418 5246; x_wconf 77' lang='lat' dir='ltr'><strong>interm</strong></span> <span class='ocrx_word' id='word_1_776' title='bbox 432 5190 560 5247; x_wconf 78' lang='lat' dir='ltr'><strong>mandes</strong></span> <span class='ocrx_word' id='word_1_777' title='bbox 573 5191 658 5263; x_wconf 78' lang='lat' dir='ltr'><strong>mur,</strong></span> <span class='ocrx_word' id='word_1_778' title='bbox 670 5191 750 5250; x_wconf 81' lang='lat' dir='ltr'><strong>bone</strong></span> <span class='ocrx_word' id='word_1_779' title='bbox 768 5195 862 5264; x_wconf 77' lang='lat' dir='ltr'><strong>rator,</strong></span> <span class='ocrx_word' id='word_1_780' title='bbox 884 5193 959 5268; x_wconf 62' lang='lat' dir='ltr'><strong>qiud</strong></span> <span class='ocrx_word' id='word_1_781' title='bbox 1014 5199 1167 5242; x_wconf 82' lang='lat' dir='ltr'><strong>summam</strong></span> <span class='ocrx_word' id='word_1_782' title='bbox 1189 5197 1242 5239; x_wconf 82' lang='lat' dir='ltr'><strong>vos</strong></span> <span class='ocrx_word' id='word_1_783' title='bbox 1262 5180 1363 5254; x_wconf 80' lang='lat' dir='ltr'><strong>ipsum</strong></span> <span class='ocrx_word' id='word_1_784' title='bbox 1383 5177 1461 5236; x_wconf 82' lang='lat' dir='ltr'><strong>bene</strong></span> <span class='ocrx_word' id='word_1_785' title='bbox 1483 5174 1580 5233; x_wconf 73' lang='lat' dir='ltr'><strong>verere</strong></span> <span class='ocrx_word' id='word_1_786' title='bbox 1603 5176 1725 5248; x_wconf 76' lang='lat' dir='ltr'><strong>optans,</strong></span> <span class='ocrx_word' id='word_1_787' title='bbox 1751 5168 1844 5226; x_wconf 80' lang='lat' dir='ltr'><strong>anem</strong></span> 
     </span>
     <span class='ocr_line' id='line_1_58' title="bbox 120 5268 1259 5353; baseline 0.004 -15"><span class='ocrx_word' id='word_1_788' title='bbox 120 5277 550 5352; x_wconf 65' lang='lat' dir='ltr'><strong>mossellanorum,</strong></span> <span class='ocrx_word' id='word_1_789' title='bbox 571 5281 687 5338; x_wconf 76' lang='lat' dir='ltr'><strong>tauma</strong></span> <span class='ocrx_word' id='word_1_790' title='bbox 711 5281 831 5353; x_wconf 73' lang='lat' dir='ltr'><strong>seusu,</strong></span> <span class='ocrx_word' id='word_1_791' title='bbox 858 5288 959 5342; x_wconf 76' lang='lat' dir='ltr'><strong>usum</strong></span> <span class='ocrx_word' id='word_1_792' title='bbox 1014 5269 1157 5330; x_wconf 77' lang='lat' dir='ltr'><strong>orationis</strong></span> <span class='ocrx_word' id='word_1_793' title='bbox 1171 5268 1259 5328; x_wconf 79' lang='lat' dir='ltr'><strong>racio.</strong></span> 
     </span>
     <span class='ocr_line' id='line_1_59' title="bbox 118 5368 959 5442; baseline 0.007 -17"><span class='ocrx_word' id='word_1_794' title='bbox 118 5369 236 5442; x_wconf 85' lang='lat' dir='ltr'><strong>jubeas</strong></span> <span class='ocrx_word' id='word_1_795' title='bbox 250 5368 290 5424; x_wconf 91' lang='lat' dir='ltr'><strong>ad</strong></span> <span class='ocrx_word' id='word_1_796' title='bbox 302 5383 436 5441; x_wconf 75' lang='lat' dir='ltr'><strong>prensens</strong></span> <span class='ocrx_word' id='word_1_797' title='bbox 446 5383 508 5426; x_wconf 88' lang='lat' dir='ltr'><strong>non</strong></span> <span class='ocrx_word' id='word_1_798' title='bbox 522 5368 656 5427; x_wconf 88' lang='lat' dir='ltr'><strong>obturari</strong></span> <span class='ocrx_word' id='word_1_799' title='bbox 671 5386 706 5429; x_wconf 93' lang='lat' dir='ltr'><strong>os</strong></span> <span class='ocrx_word' id='word_1_800' title='bbox 720 5371 805 5429; x_wconf 88' lang='lat' dir='ltr'><strong>bovis</strong></span> <span class='ocrx_word' id='word_1_801' title='bbox 818 5372 959 5431; x_wconf 79' lang='lat' dir='ltr'><strong>binnan·</strong></span> 
     </span>
     <span class='ocr_line' id='line_1_60' title="bbox 119 5457 959 5538; baseline 0.002 -21"><span class='ocrx_word' id='word_1_802' title='bbox 119 5459 163 5517; x_wconf 81' lang='lat' dir='ltr'><strong>tis</strong></span> <span class='ocrx_word' id='word_1_803' title='bbox 179 5477 187 5514; x_wconf 78' lang='grc' dir='ltr'><strong>ι</strong></span> <span class='ocrx_word' id='word_1_804' title='bbox 200 5473 252 5527; x_wconf 91' lang='lat' dir='ltr'><strong>an,</strong></span> <span class='ocrx_word' id='word_1_805' title='bbox 264 5457 346 5514; x_wconf 85' lang='lat' dir='ltr'><strong>velut</strong></span> <span class='ocrx_word' id='word_1_806' title='bbox 360 5459 443 5515; x_wconf 86' lang='lat' dir='ltr'><strong>lsasc</strong></span> <span class='ocrx_word' id='word_1_807' title='bbox 455 5458 550 5517; x_wconf 82' lang='lat' dir='ltr'><strong>Jacob</strong></span> <span class='ocrx_word' id='word_1_808' title='bbox 558 5459 655 5517; x_wconf 83' lang='lat' dir='ltr'><strong>tilium</strong></span> <span class='ocrx_word' id='word_1_809' title='bbox 666 5477 755 5518; x_wconf 90' lang='lat' dir='ltr'><strong>suum</strong></span> <span class='ocrx_word' id='word_1_810' title='bbox 766 5462 959 5538; x_wconf 88' lang='lat' dir='ltr'><strong>benedicens,</strong></span> 
     </span>
    </p>
   </div>
   <div class='ocr_carea' id='block_1_3' title="bbox 163 5635 683 5710">
    <p class='ocr_par' dir='ltr' id='par_1_3' title="bbox 163 5635 683 5710">
     <span class='ocr_line' id='line_1_61' title="bbox 163 5635 683 5710; baseline 0.01 -18"><span class='ocrx_word' id='word_1_811' title='bbox 163 5637 225 5710; x_wconf 67' lang='grc' dir='ltr'><strong>(ὅῖ)</strong></span> <span class='ocrx_word' id='word_1_812' title='bbox 244 5637 314 5700; x_wconf 66' lang='lat' dir='ltr'><strong>Erat</strong></span> <span class='ocrx_word' id='word_1_813' title='bbox 326 5635 417 5710; x_wconf 77' lang='lat' dir='ltr'><strong>igitur</strong></span> <span class='ocrx_word' id='word_1_814' title='bbox 429 5636 541 5701; x_wconf 80' lang='lat' dir='ltr'><strong>hoerle</strong></span> <span class='ocrx_word' id='word_1_815' title='bbox 555 5639 683 5698; x_wconf 82' lang='lat' dir='ltr'><strong>traditio.</strong></span> 
     </span>
    </p>
   </div>
   <div class='ocr_carea' id='block_1_4' title="bbox 0 0 2004 6176">
    <p class='ocr_par' dir='ltr' id='par_1_4' title="bbox 0 0 2004 6176">
     <span class='ocr_line' id='line_1_62' title="bbox 0 0 2004 6176; baseline 0 8"><span class='ocrx_word' id='word_1_816' title='bbox 0 0 2004 6176; x_wconf 95' lang='lat' dir='ltr'><strong> </strong></span> 
     </span>
    </p>
   </div>
  </div>
 </body>
</html>
