3998 6176
98 195 148 246 ‘lit
456 181 458 185 ’
870 179 1056 246 EPISTOLAE.
1766 188 1821 250 222

97 315 320 372 demonstrant.
336 311 538 370 Commodum
563 327 635 369 vero
650 327 712 368 non
731 313 776 368 est
799 312 830 366 ut
850 321 933 366 mors
953 305 1048 378 dtur,
1063 324 1142 382 quos
1156 314 1256 368 tamen
1266 311 1381 384 iudicio
1396 310 1446 368 llei
1462 313 1540 370 terra
1553 309 1637 368 vivos
1652 307 1818 366 absorbuit.

99 409 286 468 sanctorum,
302 415 370 474 quas
385 401 416 458 in
430 406 592 476 conspectu
607 400 725 459 Domini
737 397 866 473 pretiosa
878 399 933 466 est,
989 399 1063 453 Nam
1076 398 1099 453 si
1115 399 1156 454 illi
1170 404 1290 456 sanctos
1306 400 1355 456 Dei
1368 404 1620 474 contempserant,
1635 415 1698 456 non
1717 398 1819 472 utiquc

98 493 181 568 apud
196 491 337 549 homines
353 490 404 550 vili
417 490 512 563 pretio
525 493 648 548 constet.
664 487 784 558 Quossi
802 485 869 560 quis
892 483 935 542 in·
988 486 1184 546 trucidarant.
1202 489 1329 556 Quodsi
1353 489 1426 549 tales
1451 488 1589 548 socordia
1612 489 1659 548 vel
1679 488 1820 562 iniquitas

97 581 234 649 siluerit,
250 581 388 640 omnium
401 583 575 638 sanctorum
587 579 639 654 qui
659 577 767 636 eadem
781 591 874 633 causa
885 590 934 649 pe·
987 575 1124 646 judicum
1150 578 1301 654 reliquerit
1323 578 1500 652 impunitos,
1530 595 1599 636 eum
1636 579 1694 636 boc
1722 577 1819 636 iacere

96 670 181 728 rituri
201 675 285 740 sunt,
298 686 368 728 reus
397 668 554 740 sanguinis
580 668 643 726 erit.
668 667 814 726 Sanctitas
837 668 936 723 vestre
988 665 1161 738 conspirare
1177 667 1259 726 sitin
1283 666 1499 725 contumeliam
1526 667 1587 736 Dei,
1617 669 1645 724 et
1671 683 1820 743 exponere

96 759 195 818 valeat
209 775 332 832 semper
345 763 375 816 et
383 759 491 830 vigeat.
990 769 1093 812 servos
1109 757 1174 828 ejus
1188 757 1228 814 ad
1243 757 1378 814 cedem:
1397 756 1472 832 quid
1492 761 1594 828 restat,
1610 757 1667 814 nisi
1677 761 1710 814 ut
1723 757 1819 832 ipsius

256 849 426 906 EPtSXOlX
445 849 568 904 XXXVllt
588 847 669 918 [otim
684 845 782 916 XLth.
990 845 1102 902 summi
1113 845 1224 916 judicis
1236 846 1282 904 ira
1293 846 1468 916 desaeviens,
1482 849 1511 902 et
1524 846 1580 902 hos
1603 849 1633 902 et
1644 845 1712 904 illos
1733 846 1820 904 inau-

354 937 449 1009 (Ciree
465 951 580 994 annum
597 937 685 1008 tero).
989 933 1052 992 dita
1079 935 1183 992 mortis
1208 939 1362 994 atrocitate
1374 935 1553 1010 disperdat?
1568 935 1693 994 Proinde
1721 935 1819 1006 nobis,

97 1031 133 1086 Α.
154 1030 247 1086 claro
261 1027 508 1084 laudunensium
532 1027 658 1098 presuli
681 1029 840 1082 Frzuasurus
859 1024 935 1082 Cur·
989 1023 1100 1097 quibus
1127 1025 1208 1084 idem
1237 1026 1381 1084 Dominus
1407 1025 1545 1084 Ecclesia
1573 1041 1634 1082 sues
1661 1023 1822 1086 tribunalia

353 1118 520 1174 antemium
535 1117 682 1174 sacerdos.
989 1113 1164 1182 commissit,
1185 1115 1321 1189 apprime
1343 1115 1546 1174 necessarium
1574 1119 1618 1172 est
1639 1129 1742 1185 regem
1766 1129 1821 1171 no-

131 1209 173 1263 lle
189 1207 301 1276 grandi
313 1206 425 1277 injuria
437 1205 525 1263 nobis
540 1204 619 1264 facta
629 1203 843 1278 conquerimur
852 1202 934 1274 apud
989 1205 1084 1258 suum
1098 1217 1214 1276 nosque
1227 1203 1354 1260 invicem
1366 1203 1464 1264 modis
1478 1203 1620 1264 omnibus
1633 1203 1773 1273 excitare,
1784 1218 1821 1258 ne

95 1303 134 1367 te,
147 1311 265 1367 magne
279 1299 374 1366 Pater,
386 1311 479 1368 quam
495 1313 531 1352 ex
545 1295 647 1354 debito
662 1293 813 1355 eharitatis
832 1297 861 1350 et
873 1291 937 1350 offi-
989 1296 1109 1366 repente
1120 1291 1262 1348 feriamur
1270 1292 1302 1350 iu
1311 1292 1486 1365 hujusmodi
1498 1293 1636 1350 socordia
1650 1291 1819 1349 oscitantes.

96 1385 133 1441 eii
147 1384 222 1441 talia
239 1400 345 1442 curare
358 1390 484 1457 oportet.
501 1387 598 1442 Causa
611 1401 684 1442 vero
693 1382 869 1456 hujusmodi
879 1385 933 1439 est.
990 1381 1075 1444 Quod
1091 1397 1147 1452 ego
1163 1386 1189 1438 te
1211 1381 1310 1439 faeere
1332 1382 1487 1457 deprecor,
1516 1397 1626 1454 magne
1652 1384 1746 1450 Pater,
1774 1379 1821 1437 cui

96 1473 241 1539 Qrmdam
271 1471 407 1530 Ecclesiae
435 1477 545 1531 nostrae
578 1473 753 1530 subdecano
783 1471 934 1541 defuneto,
992 1474 1068 1527 fleus
1082 1470 1160 1527 bene
1175 1470 1324 1528 suadendi
1338 1471 1457 1544 copiam
1482 1469 1752 1544 incomparabilem
1771 1469 1822 1525 de-

95 1561 181 1635 petiit
196 1577 215 1619 a
228 1561 318 1618 nobis
335 1562 366 1618 B.
384 1561 614 1620 Silvanectensis
628 1561 788 1635 episcopus
797 1559 863 1618 dari
878 1558 936 1616 sibi
990 1556 1043 1626 dit,
1057 1556 1206 1632 simulque
1220 1563 1253 1615 ut
1267 1559 1331 1632 ipse
1345 1577 1465 1616 mecum
1486 1559 1645 1634 praedictos
1668 1557 1822 1615 maleficos

97 1656 149 1707 ant
161 1649 249 1707 fratri
264 1667 319 1708 suo
335 1650 532 1708 ministerium
547 1652 685 1722 cinados
698 1653 800 1708 autem
812 1663 936 1721 respon·
956 1645 1065 1720 geitra
1103 1644 1269 1717 legitimam
1298 1649 1530 1706 satisfactionem
1568 1647 1820 1716 excommunices,

97 1739 203 1796 dimus
234 1755 296 1796 non
324 1741 483 1798 convenire
514 1739 580 1809 sibi,
606 1755 642 1796 eo
666 1738 751 1812 quod
779 1737 938 1811 episcopus
993 1751 1069 1808 quos
1084 1739 1184 1793 tamen
1200 1753 1297 1810 usque
1321 1737 1351 1794 in
1374 1739 1465 1794 finem
1488 1754 1506 1794 a
1530 1737 1742 1794 communione
1764 1736 1822 1810 pri-

993 1824 1107 1881 vandos
1122 1841 1186 1882 esse
1202 1841 1263 1882 non
1277 1825 1386 1882 nescis.
1398 1826 1478 1883 Vale.

98 1835 190 1897 esset,
204 1845 305 1903 neque
320 1829 403 1888 fratri
418 1833 503 1888 atate
521 1830 622 1888 adhue
637 1835 665 1887 et
679 1828 815 1886 moribus
833 1828 940 1886 imma·

98 1925 181 1975 turo.
200 1921 281 1976 Tunc
297 1917 442 1990 elegimus
470 1919 509 1976 de
529 1935 657 1976 numero
683 1918 873 1976 sacerdotum
887 1931 940 1973 no·

100 2013 237 2064 sir-orum
255 2008 295 2064 ad
318 2008 392 2066 illud
405 2007 539 2065 officium
563 2007 748 2068 Eberardum
762 2006 937 2080 quemdam,

99 2097 246 2154 scientem
261 2113 297 2154 ac
311 2097 488 2169 religiosum
503 2097 611 2154 virum.
638 2097 724 2164 Quod
737 2097 850 2154 factum
864 2112 939 2169 prce·

96 2187 197 2243 dictus
211 2190 246 2244 il.
264 2191 421 2260 materque
435 2191 463 2244 et
477 2187 582 2244 fratrer
608 2186 703 2260 ipsius
727 2185 802 2242 adeo
826 2185 939 2243 invide·

95 2280 179 2347 runt,
196 2281 230 2334 ut
244 2281 347 2334 sancto
360 2277 434 2346 viro,
452 2293 555 2334 coram
570 2276 708 2350 pluribus
722 2275 774 2350 qui
794 2279 883 2332 testes
896 2274 940 2332 in·

1153 1915 1321 1972 EPtSTOLX
1346 1917 1442 1972 XXXIX
1467 1915 1547 1987 [olim
1576 1914 1663 1985 XLtX]

1242 1986 1338 2058 (Circa
1355 2002 1470 2042 annum
1482 1987 1574 2060 4020).

999 2057 1169 2114 Venerabili
1182 2058 1452 2116 silvanectensium
1472 2059 1607 2128 episeopo
1624 2059 1655 2113 lt.
1679 2055 1737 2128 (³0)
1757 2057 1824 2114 Vun-

1059 2162 1163 2204 aenrus
1176 2149 1233 2204 Dei
1245 2149 1347 2219 gratia
1362 2148 1592 2206 carnotensium
1606 2145 1754 2204 sacerdos.

1030 2235 1230 2308 eriajudicio
1259 2237 1439 2294 contendere
1463 2237 1561 2308 magis
1586 2251 1680 2309 quam
1704 2233 1824 2295 veniam

95 2366 133 2422 de
156 2370 241 2434 m„
270 2365 411 2424 terribilia
434 2365 629 2424 minarentur·
662 2369 694 2422 E,
718 2365 833 2422 dictum
860 2364 939 2422 facto
993 2325 1145 2398 postulare
1160 2327 1312 2399 statuistis,
1325 2331 1417 2384 restat
1430 2327 1514 2385 vobis
1526 2325 1685 2384 convenire
1695 2323 1823 2396 iudices,

94 2469 159 2511 non
172 2453 280 2513 cartul.
296 2457 446 2512 Venerunt
460 2455 539 2511 enim
559 2455 598 2512 de
619 2454 736 2512 civitate
765 2452 939 2511 Silvanectis

97 2545 136 2601 ad
166 2547 306 2602 nostram
328 2545 455 2620 quidem
484 2561 521 2602 ex
546 2544 719 2602 domesticis
748 2560 865 2615 eorum,
897 2543 939 2600 sic

97 2634 267 2694 necessarii
283 2641 315 2691 ut
329 2634 466 2692 absentia
476 2635 595 2692 illorum
611 2650 665 2692 nec
678 2651 732 2708 per
747 2650 843 2691 unum
857 2633 939 2691 diem

97 2725 233 2794 ignorari
250 2725 389 2798 potuerit,
414 2724 466 2798 qui
481 2725 611 2782 interdiu
634 2723 758 2798 quidem
777 2725 937 2792 latuerunt,

98 2814 161 2882 sed,
177 2811 335 2888 profunda
356 2819 442 2871 nocte
459 2814 580 2885 egressi,
607 2818 745 2871 sanctum
760 2813 845 2870 illum
871 2827 938 2886 pre-

98 2899 258 2972 sbyterum
282 2915 366 2954 more
394 2898 482 2956 solito
501 2899 670 2956 venientem
698 2899 737 2956 ad
764 2897 937 2966 Ecclesiam,

98 2987 187 3059 quasi
200 2987 312 3060 lupum
326 2985 478 3056 rabidum,
494 2986 607 3045 lanceis
628 2987 744 3044 falcatis
769 2987 857 3058 [alius
884 2985 937 3042 ial-

98 3076 209 3148 lestris]
223 3079 253 3134 et
265 3075 371 3147 gladiis
386 3076 496 3150 inipso
512 3077 587 3134 atrio
606 3077 782 3151 principalis
801 3075 937 3132 Ecclesia

99 3167 338 3224 trucidavenmt.
356 3166 573 3224 mactantem
594 3169 670 3241 ejus,
690 3167 742 3241 qui
766 3167 938 3240 expeditum

99 3256 266 3314 [lominum
281 3256 364 3312 tarde
376 3257 469 3314 secuti
481 3261 560 3324 suut,
571 3257 749 3314 invenerunt
758 3273 827 3314 eum
839 3255 938 3314 adbuc

99 3351 237 3402 eruema
253 3344 347 3402 verba
369 3347 597 3420 protomartyris
614 3345 756 3420 Stephani
771 3345 938 3418 proedican-
1005 3395 1010 3406 .

100 3439 172 3490 tem.
201 3436 294 3491 Porro
321 3434 476 3492 carnifices
504 3435 644 3508 praesidio
670 3435 767 3493 nocis
796 3433 939 3505 incogniti

96 3527 161 3595 jam
181 3524 378 3596 diffugerant,
405 3528 435 3580 et
449 3525 496 3582 cui
516 3525 628 3583 crimen
652 3525 710 3582 hoc
725 3524 938 3591 intenderetur,

99 3619 162 3671 erat
176 3615 339 3686 incertum,
355 3631 425 3671 oum
439 3615 566 3688 quidam
580 3619 702 3689 propter
715 3615 814 3674 minas
836 3618 938 3688 prata

100 3704 172 3760 ritas
195 3705 326 3761 domum
351 3707 381 3760 u.
410 3721 476 3779 quea
500 3709 565 3762 erat
582 3706 667 3778 apud
680 3721 748 3777 nos,
765 3708 938 3778 suspectam

99 3794 262 3864 habentes,
280 3797 455 3866 repererunt
468 3794 498 3851 in
513 3811 549 3852 ea
562 3794 759 3852 remaculum
773 3794 939 3867 quemdem

100 3887 199 3939 restes
209 3897 281 3938 suas
296 3887 326 3940 et
339 3882 544 3940 calceamenta
556 3883 617 3940 lota
630 3883 801 3940 siccantem.
826 3886 867 3940 Ex
877 3899 939 3956 quo

992 2415 1055 2488 qui,
1072 2415 1202 2488 proetixis
1215 2415 1283 2472 loco
1298 2421 1327 2473 et
1341 2421 1485 2490 tempore,
1507 2431 1564 2474 nos
1589 2416 1620 2472 in
1648 2415 1824 2474 alterutrum

991 2503 1081 2574 legali
1109 2504 1223 2561 ratione
1249 2505 1423 2577 justificent.
1450 2509 1514 2562 Nou
1539 2505 1620 2562 enim
1639 2518 1823 2577 usurpamus

993 2591 1125 2651 officium
1138 2595 1248 2665 judicis
1262 2595 1293 2650 in
1308 2594 1363 2651 isto
1376 2593 1506 2664 negotio,
1523 2593 1599 2650 sicut
1609 2609 1664 2650 vos
1682 2591 1758 2650 velle
1782 2591 1824 2648 di-

993 2682 1068 2754 citis,
1080 2698 1150 2740 cum
1164 2683 1264 2740 nullus
1278 2699 1343 2740 esse
1358 2683 1452 2755 possit
1466 2697 1528 2740 suae
1541 2697 1640 2740 causae
1654 2686 1684 2738 et
1695 2685 1824 2738 assertor

993 2775 1021 2828 et
1030 2771 1133 2843 iudex.
1149 2773 1413 2830 verumenimvero
1424 2772 1495 2830 satis
1507 2770 1651 2829 admirari
1661 2769 1823 2843 nequimus

993 2859 1140 2932 quidnam
1154 2859 1226 2918 mali
1240 2859 1378 2934 estquod
1392 2865 1455 2918 tam
1468 2860 1611 2918 audacter
1624 2857 1664 2916 ad
1674 2856 1823 2929 iudicium

993 2949 1171 3022 properetis,
1185 2949 1243 3006 nisi
1257 2949 1342 3022 forte,
1366 2950 1449 3024 quud
1470 2950 1631 3006 abhorrere
1653 2948 1823 3005 humanum

957 3017 1046 3106 Ge'st,
1062 3038 1180 3112 publice
1195 3039 1334 3098 damnari
1348 3039 1454 3112 eligitis
1470 3055 1564 3115 quam
1579 3043 1692 3096 secreta
1701 3035 1822 3096 sadala-

992 3127 1088 3184 ctione
1103 3128 1236 3200 purgari.
1253 3128 1308 3194 Qui
1321 3129 1403 3186 euim
1417 3128 1499 3185 aliud
1526 3129 1556 3185 in
1579 3127 1692 3199 jndicio
1707 3141 1823 3184 merea-

993 3222 1039 3274 tur
1055 3217 1219 3275 mauifestea
1234 3217 1329 3292 culpae
1352 3218 1459 3275 odiosa
1486 3215 1644 3274 defensio?
1671 3219 1704 3273 Et
1726 3219 1823 3273 vestra

992 3306 1115 3379 quidem
1129 3306 1218 3379 culpa
1231 3307 1273 3362 sio
1289 3306 1447 3364 manifesta
1461 3311 1514 3374 est,
1540 3310 1574 3363 ut
1592 3304 1675 3361 nullo
1698 3319 1823 3362 exeusa-

993 3395 1080 3454 lronis
1108 3411 1215 3466 genere
1241 3396 1338 3454 valeat
1365 3395 1550 3454 obumbrari.
1576 3397 1636 3452 Vox
1661 3393 1742 3451 enim
1756 3407 1823 3448 sen-

993 3483 1092 3555 guinis
1121 3484 1220 3542 fratris
1247 3485 1333 3542 vestri
1363 3489 1392 3542 et
1416 3484 1578 3542 sacerdotis
1594 3481 1727 3551 cnudi,
1741 3485 1822 3557 post-

993 3589 1086 3647 quam
1110 3575 1150 3631 ad
1174 3589 1261 3640 aures
1284 3575 1418 3647 supremi
1443 3573 1552 3646 judicis
1581 3571 1739 3640 ascendit,
1769 3587 1824 3646 per

993 3667 1086 3720 totam
1115 3663 1238 3721 Galliam
1268 3665 1457 3721 vehementer
1488 3663 1649 3720 intremuit.
1679 3661 1759 3732 Qui,
1791 3665 1824 3719 ut

993 3757 1073 3810 certo
1097 3753 1219 3826 scimus,
1247 3769 1309 3810 non
1332 3758 1377 3811 est
1391 3753 1507 3810 occisus
1522 3752 1562 3809 ob
1577 3753 1667 3809 eliam
1686 3767 1822 3820 eausam,

993 3859 1087 3916 quam
1102 3843 1142 3900 ob
1156 3845 1262 3900 vestra
1275 3841 1446 3914 cupiditatis
1465 3842 1608 3912 injustam
1627 3839 1822 3897 calumniam.

993 3930 1124 3988 Viderint
1135 3931 1250 4002 judices
1265 3934 1366 3988 ulrum
1385 3930 1507 3988 effeetus
1528 3929 1672 3986 referatur
1691 3928 1731 3985 ed
1756 3943 1825 3984 cau·

104 3974 194 4042 signo
223 3973 398 4045 conjectura
412 3977 457 4030 est
480 3974 627 4048 iucoepta;
654 3991 723 4030 oum
750 3973 790 4030 ad
815 3989 939 4031 causam

103 4063 200 4134 hujus
223 4062 337 4120 lavacri
355 4061 517 4121 dicendam
540 4063 633 4123 bomo
654 4064 752 4121 acrius
773 4067 938 4136 urgeretur,
1208 4092 1375 4148 EPISTOLA
1393 4092 1436 4147 XL
1465 4090 1548 4160 [alim
1569 4089 1609 4160 L]-

104 4169 135 4210 se
148 4152 279 4210 feclode
297 4169 360 4226 quo
381 4153 534 4224 agebatur¹
555 4153 686 4210 adfuisse
710 4153 865 4210 confessus
884 4157 939 4226 est,
1262 4161 1357 4229 (eima
1371 4159 1472 4218 eumd,
1494 4161 1555 4234 an),

102 4243 265 4316 sociosque
279 4243 421 4317 prodidit,
437 4247 466 4300 et
480 4243 617 4300 ordinem
627 4242 669 4300 rei
684 4247 773 4315 gestae
789 4243 937 4317 exposuit.
999 4235 1169 4292 Venerabili
1181 4234 1450 4291 silvanectensium
1465 4233 1600 4304 episcopo
1615 4233 1648 4288 a.
1665 4233 1824 4289 Fuaaeurus

101 4335 162 4388 Xos
174 4331 318 4405 denique,
341 4334 436 4388 totum
449 4331 506 4388 hoc
520 4331 607 4390 aldus
620 4334 855 4404 perscrutantes,
883 4346 938 4404 pro
957 4372 980 4430 D
1119 4324 1174 4382 Dei
1186 4325 1289 4396 gratio
1306 4323 1534 4380 carnotensium
1548 4322 1696 4380 sacerdos.

102 4423 185 4476 certo
197 4419 241 4476 ita
254 4435 321 4475 esse
337 4419 549 4492 comperimus.
566 4419 783 4493 Comperimus,
800 4419 937 4492 inquam,
1030 4417 1094 4469 lton
1117 4417 1234 4486 oportet
1259 4411 1351 4469 nostri
1377 4411 1490 4468 ordinis
1514 4411 1595 4468 viros
1615 4412 1646 4468 in
1666 4411 1825 4486 superfluis

102 4509 226 4565 invidiae
239 4508 375 4579 livorem,
388 4508 526 4566 fraudem
541 4509 673 4576 malitiae
695 4509 841 4579 sacrilegii
854 4506 939 4566 nefas
994 4502 1259 4577 scriptitationibus
1275 4501 1426 4576 occupari,
1442 4502 1537 4558 multa
1562 4501 1641 4558 enim
1666 4507 1695 4558 et
1713 4517 1825 4570 magna

103 4596 238 4664 crudele,
265 4602 418 4655 eruentem
438 4603 467 4655 et
494 4598 644 4669 singulare
667 4597 785 4655 facinus
808 4597 840 4654 in
864 4597 940 4654 ccci·
993 4593 1113 4664 negotia
1127 4592 1216 4650 nobis
1236 4591 1434 4666 expedienda,
1448 4590 1473 4648 si
1499 4607 1561 4648 non
1584 4589 1823 4657 dissimulamus,

104 4688 190 4744 sione
216 4687 397 4744 sanctissimi
425 4687 598 4745 sacerdotis.
639 4689 723 4744 Nunc
746 4703 818 4760 ergo
857 4691 940 4746 tanta
992 4681 1181 4738 incumbunt.
1197 4679 1351 4740 Sufficiant
1365 4680 1453 4738 nobis
1468 4695 1558 4754 super
1571 4647 1630 4735 'his
1652 4676 1733 4734 unde
1761 4677 1824 4748 agi-
1863 4735 1872 4751 ⁸

103 4793 210 4846 eausa,
221 4778 295 4849 quia
309 4775 451 4834 indicatio
466 4778 530 4849 eius
552 4777 682 4834 obscura
698 4777 938 4850 nonest‚s01am,
993 4787 1072 4841 mus,
1086 4770 1187 4827 litterae
1202 4785 1299 4844 nuper
1325 4785 1344 4826 a
1362 4768 1450 4826 nobis
1476 4767 1586 4836 missae,
1609 4780 1740 4839 quarum
1763 4769 1826 4822 erat

104 4871 138 4922 nt
153 4865 248 4934 vides,
266 4865 409 4922 ultionem
425 4865 602 4939 expostulat.
629 4867 687 4924 Sed
715 4883 784 4923 cum
805 4867 881 4937 iuris
902 4866 940 4924 sit
994 4859 1164 4918 extremitas
1182 4878 1188 4916 :
1208 4859 1343 4916 Viderint
1353 4859 1471 4928 judices
1485 4863 1587 4912 utrum
1611 4855 1731 4926 effeetus
1750 4855 1826 4925 refe·

103 4957 147 5013 ad
158 4955 315 5012 utilitatem
327 4955 498 5030 reipublicae
518 4959 642 5015 cunctos
656 4956 763 5029 punire
775 4955 938 5026 maleficos,
994 4955 1083 5008 ratur
1100 4950 1142 5007 ud
1156 4963 1287 5006 causam.
1303 4949 1374 5014 Quae
1389 4945 1470 5003 enim
1482 4944 1524 5001 ibi
1539 4942 1649 5015 scripta
1668 4948 1747 5012 sunl,
1775 4947 1827 5002 aut

102 5045 176 5100 ilios
202 5047 304 5101 tamen
330 5043 536 5102 vehementius
557 5043 716 5101 exturbare
740 5059 860 5101 necesse
885 5049 938 5118 est,
994 5053 1030 5094 ea
1054 5036 1188 5110 legitima
1215 5035 1378 5094 assertione
1406 5030 1667 5100 confirmabimus,
1695 5035 1747 5088 aut
1773 5048 1826 5088 vos

102 5135 158 5208 qui
171 5133 204 5192 in
220 5135 314 5190 Deum
329 5139 358 5190 et
372 5137 491 5192 sanctos
519 5133 585 5206 ejus
614 5135 676 5190 fam
699 5131 790 5207 impie
817 5137 939 5208 tamque
993 5132 1145 5189 infirmare
1172 5130 1201 5184 et
1227 5139 1391 5200 pernegare
1415 5121 1575 5196 patiemur,
1601 5120 1626 5176 si
1649 5120 1721 5178 data
1739 5119 1827 5179 fuerit

103 5221 266 5280 crudeliter
294 5223 415 5281 audent.
443 5221 498 5290 Qui
525 5222 604 5280 enirn
630 5222 702 5280 mali
733 5221 865 5287 ulterius,
893 5219 940 5276 vel
994 5219 1111 5279 consilii
1135 5215 1299 5290 judiciique
1319 5211 1462 5269 occasio:
1484 5210 1528 5266 sin
1556 5213 1666 5279 autem,
1695 5209 1825 5268 contenii

102 5317 185 5369 certe
200 5328 287 5386 aeque
302 5328 448 5382 magnum
464 5311 625 5384 excogitari
644 5313 758 5384 queat?
779 5311 868 5369 llulto
893 5310 939 5366 ni·
994 5311 1105 5367 erimus
1119 5323 1154 5364 ea
1168 5301 1386 5378 praemonuisse
1399 5315 1467 5376 quee
1479 5316 1534 5358 ros
1549 5299 1698 5356 credimus
1723 5315 1825 5356 emen·

102 5403 220 5458 mirum
236 5399 329 5458 levius
343 5399 385 5457 illi
397 5401 557 5476 complices
573 5401 645 5458 core
669 5415 813 5475 peccasse
834 5399 939 5457 viden·
995 5401 1068 5457 dare
1083 5395 1233 5453 debuisse.
1248 5392 1328 5448 Vale.

994 4037 1070 4078 sam.
1086 4020 1167 4078 Vale.

144 5581 200 5650 (3ο)
234 5579 285 5638 llic
313 5579 476 5654 episcopus
505 5579 744 5653 sylvanectensis
772 5583 898 5640 vocatur
919 5577 1076 5638 Rotundus
1104 5591 1124 5634 a
1150 5569 1337 5642 Demochari,
1361 5573 1391 5630 et
1417 5573 1634 5632 annumeratur
1657 5565 1826 5630 tricesimam

108 5683 223 5726 nonus.
980 5683 989 5693 ’
