<?xml version="1.0" encoding="UTF-8"?>
<!DOCTYPE html PUBLIC "-//W3C//DTD XHTML 1.0 Transitional//EN"
    "http://www.w3.org/TR/xhtml1/DTD/xhtml1-transitional.dtd">
<html xmlns="http://www.w3.org/1999/xhtml" xml:lang="en" lang="en">
 <head>
  <title>
</title>
<meta http-equiv="Content-Type" content="text/html;charset=utf-8" />
  <meta name='ocr-system' content='tesseract 3.04.00' />
  <meta name='ocr-capabilities' content='ocr_page ocr_carea ocr_par ocr_line ocrx_word'/>
</head>
<body>
  <div class='ocr_page' id='page_1' title='image "./patrologiaecurs127unkngoog_0523.png"; bbox 0 0 3984 6182; ppageno 0'>
   <div class='ocr_carea' id='block_1_1' title="bbox 116 203 1833 425">
    <p class='ocr_par' dir='ltr' id='par_1_1' title="bbox 116 203 1833 425">
     <span class='ocr_line' id='line_1_1' title="bbox 117 203 1833 285; baseline 0.012 -21"><span class='ocrx_word' id='word_1_1' title='bbox 117 209 172 264; x_wconf 84' lang='lat' dir='ltr'>ees</span> <span class='ocrx_word' id='word_1_2' title='bbox 505 207 1440 276; x_wconf 70' lang='lat' dir='ltr'>ennomusnuunaauuaustspontonos-norun.</span> <span class='ocrx_word' id='word_1_3' title='bbox 1531 203 1535 211; x_wconf 78' lang='grc'><strong>“</strong></span> <span class='ocrx_word' id='word_1_4' title='bbox 1781 231 1833 285; x_wconf 82' lang='lat' dir='ltr'>see</span> 
     </span>
     <span class='ocr_line' id='line_1_2' title="bbox 116 329 1832 425; baseline 0.013 -39"><span class='ocrx_word' id='word_1_5' title='bbox 116 329 266 388; x_wconf 84' lang='lat' dir='ltr'>honorem</span> <span class='ocrx_word' id='word_1_6' title='bbox 279 332 390 390; x_wconf 82' lang='lat' dir='ltr'>ibidem</span> <span class='ocrx_word' id='word_1_7' title='bbox 400 332 610 406; x_wconf 89' lang='lat' dir='ltr'>triumphantis</span> <span class='ocrx_word' id='word_1_8' title='bbox 623 335 763 408; x_wconf 84' lang='lat' dir='ltr'>martyris</span> <span class='ocrx_word' id='word_1_9' title='bbox 777 337 949 390; x_wconf 83' lang='lat' dir='ltr'>construxe-</span> <span class='ocrx_word' id='word_1_10' title='bbox 966 334 989 388; x_wconf 78' lang='lat' dir='ltr'>A</span> <span class='ocrx_word' id='word_1_11' title='bbox 1003 333 1069 392; x_wconf 87' lang='lat' dir='ltr'>illac</span> <span class='ocrx_word' id='word_1_12' title='bbox 1085 338 1220 397; x_wconf 74' lang='lat' dir='ltr'><strong>miraculi</strong></span> <span class='ocrx_word' id='word_1_13' title='bbox 1247 341 1292 398; x_wconf 88' lang='lat' dir='ltr'>sui</span> <span class='ocrx_word' id='word_1_14' title='bbox 1319 347 1475 418; x_wconf 73' lang='lat' dir='ltr'><strong>stuporem</strong></span> <span class='ocrx_word' id='word_1_15' title='bbox 1487 345 1619 422; x_wconf 77' lang='lat' dir='ltr'>ingessit,</span> <span class='ocrx_word' id='word_1_16' title='bbox 1644 364 1767 408; x_wconf 84' lang='lat' dir='ltr'>causam</span> <span class='ocrx_word' id='word_1_17' title='bbox 1777 365 1832 425; x_wconf 89' lang='lat' dir='ltr'>pa·</span> 
     </span>
    </p>
   </div>
   <div class='ocr_carea' id='block_1_2' title="bbox 2 419 1831 774">
    <p class='ocr_par' dir='ltr' id='par_1_2' title="bbox 2 419 1831 774">
     <span class='ocr_line' id='line_1_3' title="bbox 3 419 1831 500; baseline 0.014 -27"><span class='ocrx_word' id='word_1_18' title='bbox 3 419 8 454; x_wconf 60' lang='lat'><em>³</em></span> <span class='ocrx_word' id='word_1_19' title='bbox 116 423 198 476; x_wconf 91' lang='lat' dir='ltr'>runt.</span> <span class='ocrx_word' id='word_1_20' title='bbox 215 420 341 476; x_wconf 84' lang='lat' dir='ltr'>Proinde</span> <span class='ocrx_word' id='word_1_21' title='bbox 353 420 500 477; x_wconf 94' lang='lat' dir='ltr'>tocusubi</span> <span class='ocrx_word' id='word_1_22' title='bbox 512 421 633 493; x_wconf 87' lang='lat' dir='ltr'>spiritus</span> <span class='ocrx_word' id='word_1_23' title='bbox 647 423 712 494; x_wconf 88' lang='lat' dir='ltr'>ejus</span> <span class='ocrx_word' id='word_1_24' title='bbox 728 422 877 478; x_wconf 82' lang='lat' dir='ltr'>sideream</span> <span class='ocrx_word' id='word_1_25' title='bbox 888 421 951 494; x_wconf 88' lang='lat' dir='ltr'>pla·</span> <span class='ocrx_word' id='word_1_26' title='bbox 1003 423 1073 480; x_wconf 89' lang='lat' dir='ltr'>riter</span> <span class='ocrx_word' id='word_1_27' title='bbox 1086 443 1148 484; x_wconf 76' lang='lat' dir='ltr'>suae</span> <span class='ocrx_word' id='word_1_28' title='bbox 1171 429 1337 500; x_wconf 82' lang='lat' dir='ltr'>viriditatis,</span> <span class='ocrx_word' id='word_1_29' title='bbox 1365 436 1394 489; x_wconf 91' lang='lat' dir='ltr'>et</span> <span class='ocrx_word' id='word_1_30' title='bbox 1420 435 1601 492; x_wconf 83' lang='lat' dir='ltr'>memoriam</span> <span class='ocrx_word' id='word_1_31' title='bbox 1628 435 1727 493; x_wconf 88' lang='lat' dir='ltr'>obitus</span> <span class='ocrx_word' id='word_1_32' title='bbox 1752 439 1831 498; x_wconf 88' lang='lat' dir='ltr'>beati</span> 
     </span>
     <span class='ocr_line' id='line_1_4' title="bbox 2 507 1831 601; baseline 0.012 -40"><span class='ocrx_word' id='word_1_33' title='bbox 2 511 15 546; x_wconf 71' lang='lat'>⁵·</span> <span class='ocrx_word' id='word_1_34' title='bbox 117 509 187 577; x_wconf 91' lang='lat' dir='ltr'>ga&#39;m</span> <span class='ocrx_word' id='word_1_35' title='bbox 205 507 288 576; x_wconf 86' lang='lat' dir='ltr'>adiit,</span> <span class='ocrx_word' id='word_1_36' title='bbox 311 508 407 564; x_wconf 92' lang='lat' dir='ltr'>multo</span> <span class='ocrx_word' id='word_1_37' title='bbox 435 513 568 583; x_wconf 89' lang='lat' dir='ltr'>tempore</span> <span class='ocrx_word' id='word_1_38' title='bbox 596 509 744 578; x_wconf 87' lang='lat' dir='ltr'>neglectui</span> <span class='ocrx_word' id='word_1_39' title='bbox 757 509 893 578; x_wconf 90' lang='lat' dir='ltr'>traditus,</span> <span class='ocrx_word' id='word_1_40' title='bbox 921 513 950 566; x_wconf 90' lang='lat' dir='ltr'>et</span> <span class='ocrx_word' id='word_1_41' title='bbox 1004 516 1144 586; x_wconf 89' lang='lat' dir='ltr'>martyris</span> <span class='ocrx_word' id='word_1_42' title='bbox 1159 518 1287 576; x_wconf 84' lang='lat' dir='ltr'>edocuit.</span> <span class='ocrx_word' id='word_1_43' title='bbox 1305 522 1493 596; x_wconf 76' lang='lat' dir='ltr'>Quapropter</span> <span class='ocrx_word' id='word_1_44' title='bbox 1507 523 1586 580; x_wconf 90' lang='lat' dir='ltr'>etibi</span> <span class='ocrx_word' id='word_1_45' title='bbox 1606 523 1762 582; x_wconf 86' lang='lat' dir='ltr'>basilicam</span> <span class='ocrx_word' id='word_1_46' title='bbox 1776 544 1831 601; x_wconf 87' lang='lat' dir='ltr'>po-</span> 
     </span>
     <span class='ocr_line' id='line_1_5' title="bbox 3 595 1831 687; baseline 0.011 -38"><span class='ocrx_word' id='word_1_47' title='bbox 3 609 16 640; x_wconf 82' lang='lat'>·-</span> <span class='ocrx_word' id='word_1_48' title='bbox 115 609 193 668; x_wconf 88' lang='lat' dir='ltr'>pene</span> <span class='ocrx_word' id='word_1_49' title='bbox 209 595 358 652; x_wconf 87' lang='lat' dir='ltr'>oblivione</span> <span class='ocrx_word' id='word_1_50' title='bbox 385 597 548 662; x_wconf 89' lang='lat' dir='ltr'>obsoletus,</span> <span class='ocrx_word' id='word_1_51' title='bbox 575 598 633 654; x_wconf 94' lang='lat' dir='ltr'>hoc</span> <span class='ocrx_word' id='word_1_52' title='bbox 660 597 753 655; x_wconf 92' lang='lat' dir='ltr'>modo</span> <span class='ocrx_word' id='word_1_53' title='bbox 771 597 948 668; x_wconf 87' lang='lat' dir='ltr'>dignitatem</span> <span class='ocrx_word' id='word_1_54' title='bbox 1005 601 1065 657; x_wconf 90' lang='lat' dir='ltr'>suit</span> <span class='ocrx_word' id='word_1_55' title='bbox 1080 603 1166 674; x_wconf 78' lang='lat' dir='ltr'>tides,</span> <span class='ocrx_word' id='word_1_56' title='bbox 1194 613 1344 680; x_wconf 89' lang='lat' dir='ltr'>quatenus</span> <span class='ocrx_word' id='word_1_57' title='bbox 1371 610 1522 668; x_wconf 89' lang='lat' dir='ltr'>efficacius</span> <span class='ocrx_word' id='word_1_58' title='bbox 1549 612 1733 670; x_wconf 84' lang='lat' dir='ltr'>animaretur</span> <span class='ocrx_word' id='word_1_59' title='bbox 1753 631 1831 687; x_wconf 88' lang='lat' dir='ltr'>spes,</span> 
     </span>
     <span class='ocr_line' id='line_1_6' title="bbox 3 683 1831 774; baseline 0.012 -35"><span class='ocrx_word' id='word_1_60' title='bbox 3 689 14 724; x_wconf 82' lang='lat'>.·-</span> <span class='ocrx_word' id='word_1_61' title='bbox 117 699 204 740; x_wconf 93' lang='lat' dir='ltr'>suam</span> <span class='ocrx_word' id='word_1_62' title='bbox 217 683 388 742; x_wconf 81' lang='lat' dir='ltr'>vindicavit.</span> <span class='ocrx_word' id='word_1_63' title='bbox 404 685 528 743; x_wconf 90' lang='lat' dir='ltr'>tliemali</span> <span class='ocrx_word' id='word_1_64' title='bbox 545 691 727 761; x_wconf 86' lang='lat' dir='ltr'>tempestate,</span> <span class='ocrx_word' id='word_1_65' title='bbox 752 687 827 744; x_wconf 92' lang='lat' dir='ltr'>sieut</span> <span class='ocrx_word' id='word_1_66' title='bbox 841 691 949 744; x_wconf 91' lang='lat' dir='ltr'>natura</span> <span class='ocrx_word' id='word_1_67' title='bbox 1003 705 1071 762; x_wconf 79' lang='lat' dir='ltr'>quae</span> <span class='ocrx_word' id='word_1_68' title='bbox 1085 690 1116 747; x_wconf 91' lang='lat' dir='ltr'>in</span> <span class='ocrx_word' id='word_1_69' title='bbox 1131 695 1265 769; x_wconf 90' lang='lat' dir='ltr'>utrisque</span> <span class='ocrx_word' id='word_1_70' title='bbox 1279 698 1351 755; x_wconf 85' lang='lat' dir='ltr'>locis</span> <span class='ocrx_word' id='word_1_71' title='bbox 1366 700 1407 756; x_wconf 89' lang='lat' dir='ltr'>ita</span> <span class='ocrx_word' id='word_1_72' title='bbox 1421 704 1560 757; x_wconf 83' lang='lat' dir='ltr'>votorum</span> <span class='ocrx_word' id='word_1_73' title='bbox 1568 701 1714 758; x_wconf 88' lang='lat' dir='ltr'>truetibus</span> <span class='ocrx_word' id='word_1_74' title='bbox 1727 703 1831 774; x_wconf 82' lang='lat' dir='ltr'>viguit,</span> 
     </span>
    </p>
   </div>
   <div class='ocr_carea' id='block_1_3' title="bbox 2 771 1833 942">
    <p class='ocr_par' dir='ltr' id='par_1_3' title="bbox 2 771 1833 942">
     <span class='ocr_line' id='line_1_7' title="bbox 3 771 1833 858; baseline 0.013 -32"><span class='ocrx_word' id='word_1_75' title='bbox 3 791 7 816; x_wconf 71' lang='grc' dir='ltr'><strong>τ</strong></span> <span class='ocrx_word' id='word_1_76' title='bbox 118 774 165 828; x_wconf 87' lang='lat' dir='ltr'>est</span> <span class='ocrx_word' id='word_1_77' title='bbox 178 771 351 841; x_wconf 81' lang='lat' dir='ltr'>Germania,</span> <span class='ocrx_word' id='word_1_78' title='bbox 378 789 448 829; x_wconf 92' lang='lat' dir='ltr'>cum</span> <span class='ocrx_word' id='word_1_79' title='bbox 471 779 566 831; x_wconf 89' lang='lat' dir='ltr'>totam</span> <span class='ocrx_word' id='word_1_80' title='bbox 590 780 674 832; x_wconf 81' lang='lat' dir='ltr'>terrae</span> <span class='ocrx_word' id='word_1_81' title='bbox 701 775 889 848; x_wconf 87' lang='lat' dir='ltr'>superficiem</span> <span class='ocrx_word' id='word_1_82' title='bbox 901 776 947 832; x_wconf 90' lang='lat' dir='ltr'>ni·</span> <span class='ocrx_word' id='word_1_83' title='bbox 1003 779 1069 835; x_wconf 91' lang='lat' dir='ltr'>utsi</span> <span class='ocrx_word' id='word_1_84' title='bbox 1084 785 1237 841; x_wconf 89' lang='lat' dir='ltr'>numerari</span> <span class='ocrx_word' id='word_1_85' title='bbox 1258 787 1409 858; x_wconf 88' lang='lat' dir='ltr'>deberent,</span> <span class='ocrx_word' id='word_1_86' title='bbox 1439 789 1625 847; x_wconf 88' lang='lat' dir='ltr'>numerantis</span> <span class='ocrx_word' id='word_1_87' title='bbox 1652 791 1833 850; x_wconf 88' lang='lat' dir='ltr'>industriam</span> 
     </span>
     <span class='ocr_line' id='line_1_8' title="bbox 2 861 1181 942; baseline 0.011 -27"><span class='ocrx_word' id='word_1_88' title='bbox 2 901 7 908; x_wconf 79' lang='grc'><strong>.</strong></span> <span class='ocrx_word' id='word_1_89' title='bbox 115 861 201 917; x_wconf 84' lang='lat' dir='ltr'>vium</span> <span class='ocrx_word' id='word_1_90' title='bbox 224 861 351 934; x_wconf 90' lang='lat' dir='ltr'>operiret</span> <span class='ocrx_word' id='word_1_91' title='bbox 371 863 568 934; x_wconf 84' lang='lat' dir='ltr'>immensitas,</span> <span class='ocrx_word' id='word_1_92' title='bbox 594 865 659 921; x_wconf 90' lang='lat' dir='ltr'>sola</span> <span class='ocrx_word' id='word_1_93' title='bbox 686 865 820 938; x_wconf 88' lang='lat' dir='ltr'>eorporis</span> <span class='ocrx_word' id='word_1_94' title='bbox 847 865 948 923; x_wconf 87' lang='lat' dir='ltr'>areola</span> <span class='ocrx_word' id='word_1_95' title='bbox 1001 875 1181 942; x_wconf 88' lang='lat' dir='ltr'>premerent.</span> 
     </span>
    </p>
   </div>
   <div class='ocr_carea' id='block_1_4' title="bbox 5 949 1821 1168">
    <p class='ocr_par' dir='ltr' id='par_1_4' title="bbox 5 949 1821 1168">
     <span class='ocr_line' id='line_1_9' title="bbox 5 949 949 1027; baseline 0.006 -22"><span class='ocrx_word' id='word_1_96' title='bbox 5 961 12 996; x_wconf 75' lang='grc' dir='ltr'><em>ῑ</em></span> <span class='ocrx_word' id='word_1_97' title='bbox 116 949 169 1006; x_wconf 89' lang='lat' dir='ltr'>tali</span> <span class='ocrx_word' id='word_1_98' title='bbox 196 950 366 1008; x_wconf 91' lang='lat' dir='ltr'>conditione</span> <span class='ocrx_word' id='word_1_99' title='bbox 382 951 485 1024; x_wconf 89' lang='lat' dir='ltr'>libera,</span> <span class='ocrx_word' id='word_1_100' title='bbox 511 953 585 1009; x_wconf 93' lang='lat' dir='ltr'>dum</span> <span class='ocrx_word' id='word_1_101' title='bbox 596 953 835 1027; x_wconf 88' lang='lat' dir='ltr'>pretereuntibus</span> <span class='ocrx_word' id='word_1_102' title='bbox 849 954 905 1011; x_wconf 90' lang='lat' dir='ltr'>hac</span> <span class='ocrx_word' id='word_1_103' title='bbox 919 959 949 1011; x_wconf 88' lang='lat' dir='ltr'>et</span> 
     </span>
     <span class='ocr_line' id='line_1_10' title="bbox 116 1111 1821 1168; baseline 0.011 -22"><span class='ocrx_word' id='word_1_104' title='bbox 116 1111 1821 1168; x_wconf 54' lang='grc' dir='ltr'><em>Μ</em></span> 
     </span>
    </p>
   </div>
   <div class='ocr_carea' id='block_1_5' title="bbox 795 1242 1149 1288">
    <p class='ocr_par' dir='ltr' id='par_1_5' title="bbox 795 1242 1149 1288">
     <span class='ocr_line' id='line_1_11' title="bbox 795 1242 1149 1288; baseline 0.023 -7"><span class='ocrx_word' id='word_1_105' title='bbox 795 1242 865 1282; x_wconf 75' lang='lat' dir='ltr'>ANTE</span> <span class='ocrx_word' id='word_1_106' title='bbox 884 1243 987 1284; x_wconf 66' lang='lat' dir='ltr'>unuin!</span> <span class='ocrx_word' id='word_1_107' title='bbox 1007 1246 1149 1288; x_wconf 74' lang='lat' dir='ltr'>SAECULUlt·</span> 
     </span>
    </p>
   </div>
   <div class='ocr_carea' id='block_1_6' title="bbox 677 1413 1282 1568">
    <p class='ocr_par' dir='ltr' id='par_1_6' title="bbox 677 1413 1282 1568">
     <span class='ocr_line' id='line_1_12' title="bbox 677 1413 1282 1568; baseline 0.01 -12"><span class='ocrx_word' id='word_1_108' title='bbox 677 1413 1282 1568; x_wconf 71' lang='lat' dir='ltr'>audoinus</span> 
     </span>
    </p>
   </div>
   <div class='ocr_carea' id='block_1_7' title="bbox 354 1631 1587 1706">
    <p class='ocr_par' dir='ltr' id='par_1_7' title="bbox 354 1631 1587 1706">
     <span class='ocr_line' id='line_1_13' title="bbox 354 1631 1587 1706; baseline 0.015 -18"><span class='ocrx_word' id='word_1_109' title='bbox 354 1635 396 1688; x_wconf 86' lang='lat' dir='ltr'>EX</span> <span class='ocrx_word' id='word_1_110' title='bbox 415 1631 543 1691; x_wconf 76' lang='lat' dir='ltr'>collita</span> <span class='ocrx_word' id='word_1_111' title='bbox 562 1635 810 1694; x_wconf 82' lang='lat' dir='ltr'>VOHBURGENSI</span> <span class='ocrx_word' id='word_1_112' title='bbox 829 1639 1123 1698; x_wconf 66' lang='lat' dir='ltr'>aunemundus</span> <span class='ocrx_word' id='word_1_113' title='bbox 1141 1644 1333 1702; x_wconf 75' lang='lat' dir='ltr'>nonachus</span> <span class='ocrx_word' id='word_1_114' title='bbox 1353 1648 1395 1702; x_wconf 88' lang='lat' dir='ltr'>ET</span> <span class='ocrx_word' id='word_1_115' title='bbox 1415 1649 1587 1706; x_wconf 72' lang='lat' dir='ltr'>undenus.</span> 
     </span>
    </p>
   </div>
   <div class='ocr_carea' id='block_1_8' title="bbox 858 1823 1069 1840">
    <p class='ocr_par' dir='ltr' id='par_1_8' title="bbox 858 1823 1069 1840">
     <span class='ocr_line' id='line_1_14' title="bbox 858 1823 1069 1840; baseline 0.009 -4"><span class='ocrx_word' id='word_1_116' title='bbox 858 1823 1069 1840; x_wconf 59' lang='lat' dir='ltr'><em>.·-O-</em></span> 
     </span>
    </p>
   </div>
   <div class='ocr_carea' id='block_1_9' title="bbox 621 1978 1309 2079">
    <p class='ocr_par' dir='ltr' id='par_1_9' title="bbox 621 1978 1309 2079">
     <span class='ocr_line' id='line_1_15' title="bbox 621 1978 1309 2079; baseline 0.015 -11"><span class='ocrx_word' id='word_1_117' title='bbox 621 1978 841 2068; x_wconf 81' lang='lat' dir='ltr'><strong>NOTITIA</strong></span> <span class='ocrx_word' id='word_1_118' title='bbox 885 1983 942 2068; x_wconf 72' lang='grc' dir='ltr'>ΙΝ</span> <span class='ocrx_word' id='word_1_119' title='bbox 983 1983 1309 2079; x_wconf 83' lang='lat' dir='ltr'>ARNOLtlUM.</span> 
     </span>
    </p>
   </div>
   <div class='ocr_carea' id='block_1_10' title="bbox 438 2174 1500 2392">
    <p class='ocr_par' dir='ltr' id='par_1_10' title="bbox 438 2174 1500 2392">
     <span class='ocr_line' id='line_1_16' title="bbox 438 2174 1500 2260; baseline 0.013 -24"><span class='ocrx_word' id='word_1_120' title='bbox 438 2174 573 2249; x_wconf 75' lang='lat' dir='ltr'>AETAS,</span> <span class='ocrx_word' id='word_1_121' title='bbox 597 2176 765 2250; x_wconf 82' lang='lat' dir='ltr'>PATRIA,</span> <span class='ocrx_word' id='word_1_122' title='bbox 789 2177 996 2254; x_wconf 76' lang='lat' dir='ltr'>NATALES,</span> <span class='ocrx_word' id='word_1_123' title='bbox 1019 2181 1102 2247; x_wconf 82' lang='lat' dir='ltr'>RES</span> <span class='ocrx_word' id='word_1_124' title='bbox 1124 2183 1283 2260; x_wconf 79' lang='lat' dir='ltr'>GESTAE,</span> <span class='ocrx_word' id='word_1_125' title='bbox 1309 2187 1500 2252; x_wconf 82' lang='lat' dir='ltr'>SCRIPTA.</span> 
     </span>
     <span class='ocr_line' id='line_1_17' title="bbox 573 2308 1366 2392; baseline 0.016 -29"><span class='ocrx_word' id='word_1_126' title='bbox 573 2308 935 2382; x_wconf 61' lang='lat' dir='ltr'>(ultramuraneum.</span> <span class='ocrx_word' id='word_1_127' title='bbox 952 2311 1050 2369; x_wconf 81' lang='lat' dir='ltr'>Germ.</span> <span class='ocrx_word' id='word_1_128' title='bbox 1069 2315 1148 2385; x_wconf 74' lang='lat' dir='ltr'>tet,</span> <span class='ocrx_word' id='word_1_129' title='bbox 1166 2319 1215 2374; x_wconf 90' lang='lat' dir='ltr'>SS.</span> <span class='ocrx_word' id='word_1_130' title='bbox 1230 2320 1275 2388; x_wconf 87' lang='lat' dir='ltr'>tV,</span> <span class='ocrx_word' id='word_1_131' title='bbox 1292 2319 1366 2392; x_wconf 87' lang='grc'>543.)</span> 
     </span>
    </p>
   </div>
   <div class='ocr_carea' id='block_1_11' title="bbox 112 2560 1831 2734">
    <p class='ocr_par' dir='ltr' id='par_1_11' title="bbox 112 2560 1831 2734">
     <span class='ocr_line' id='line_1_18' title="bbox 147 2560 1830 2640; baseline 0.013 -22"><span class='ocrx_word' id='word_1_132' title='bbox 147 2560 306 2632; x_wconf 76' lang='lat' dir='ltr'>Arneldus,</span> <span class='ocrx_word' id='word_1_133' title='bbox 329 2579 366 2619; x_wconf 82' lang='lat' dir='ltr'>ex</span> <span class='ocrx_word' id='word_1_134' title='bbox 384 2562 479 2620; x_wconf 93' lang='lat' dir='ltr'>nobili</span> <span class='ocrx_word' id='word_1_135' title='bbox 492 2579 601 2634; x_wconf 78' lang='lat' dir='ltr'>genere</span> <span class='ocrx_word' id='word_1_136' title='bbox 629 2569 722 2636; x_wconf 88' lang='lat' dir='ltr'>ortus,</span> <span class='ocrx_word' id='word_1_137' title='bbox 752 2565 864 2639; x_wconf 90' lang='lat' dir='ltr'>quippe</span> <span class='ocrx_word' id='word_1_138' title='bbox 887 2565 941 2640; x_wconf 89' lang='lat' dir='ltr'>qui</span> <span class='ocrx_word' id='word_1_139' title='bbox 959 2567 1023 2625; x_wconf 85' lang='lat' dir='ltr'>Ba.</span> <span class='ocrx_word' id='word_1_140' title='bbox 1043 2573 1112 2628; x_wconf 83' lang='grc'>1031)</span> <span class='ocrx_word' id='word_1_141' title='bbox 1125 2571 1250 2631; x_wconf 91' lang='lat' dir='ltr'>demum</span> <span class='ocrx_word' id='word_1_142' title='bbox 1278 2575 1452 2633; x_wconf 80' lang='lat' dir='ltr'>burchardo</span> <span class='ocrx_word' id='word_1_143' title='bbox 1481 2575 1590 2634; x_wconf 87' lang='lat' dir='ltr'>abbate</span> <span class='ocrx_word' id='word_1_144' title='bbox 1605 2581 1765 2638; x_wconf 87' lang='lat' dir='ltr'>constituto</span> <span class='ocrx_word' id='word_1_145' title='bbox 1785 2598 1830 2640; x_wconf 88' lang='lat' dir='ltr'>re-</span> 
     </span>
     <span class='ocr_line' id='line_1_19' title="bbox 112 2652 1831 2734; baseline 0.008 -28"><span class='ocrx_word' id='word_1_146' title='bbox 112 2665 202 2706; x_wconf 83' lang='lat' dir='ltr'>avum</span> <span class='ocrx_word' id='word_1_147' title='bbox 215 2655 386 2708; x_wconf 89' lang='lat' dir='ltr'>maternum</span> <span class='ocrx_word' id='word_1_148' title='bbox 401 2652 596 2710; x_wconf 89' lang='lat' dir='ltr'>Berhtoldum</span> <span class='ocrx_word' id='word_1_149' title='bbox 618 2654 834 2722; x_wconf 74' lang='lat' dir='ltr'>marchionem,</span> <span class='ocrx_word' id='word_1_150' title='bbox 850 2661 947 2728; x_wconf 90' lang='lat' dir='ltr'>pater·</span> <span class='ocrx_word' id='word_1_151' title='bbox 1001 2655 1079 2727; x_wconf 91' lang='lat' dir='ltr'>cepit</span> <span class='ocrx_word' id='word_1_152' title='bbox 1091 2656 1140 2728; x_wconf 82' lang='grc'>(4),</span> <span class='ocrx_word' id='word_1_153' title='bbox 1169 2675 1268 2734; x_wconf 91' lang='lat' dir='ltr'>neque</span> <span class='ocrx_word' id='word_1_154' title='bbox 1282 2663 1384 2716; x_wconf 92' lang='lat' dir='ltr'>tamen</span> <span class='ocrx_word' id='word_1_155' title='bbox 1412 2660 1513 2717; x_wconf 88' lang='lat' dir='ltr'>statim</span> <span class='ocrx_word' id='word_1_156' title='bbox 1527 2677 1596 2717; x_wconf 92' lang='lat' dir='ltr'>cum</span> <span class='ocrx_word' id='word_1_157' title='bbox 1610 2662 1675 2718; x_wconf 89' lang='lat' dir='ltr'>aliis</span> <span class='ocrx_word' id='word_1_158' title='bbox 1695 2679 1831 2722; x_wconf 90' lang='lat' dir='ltr'>eommu-</span> 
     </span>
    </p>
   </div>
   <div class='ocr_carea' id='block_1_12' title="bbox 110 2739 1832 4408">
    <p class='ocr_par' dir='ltr' id='par_1_12' title="bbox 110 2739 1832 4408">
     <span class='ocr_line' id='line_1_20' title="bbox 112 2739 1829 2816; baseline 0.006 -21"><span class='ocrx_word' id='word_1_159' title='bbox 112 2754 187 2796; x_wconf 89' lang='lat' dir='ltr'>num</span> <span class='ocrx_word' id='word_1_160' title='bbox 199 2739 368 2798; x_wconf 83' lang='lat' dir='ltr'>arnoldum</span> <span class='ocrx_word' id='word_1_161' title='bbox 384 2742 481 2798; x_wconf 91' lang='lat' dir='ltr'>virum</span> <span class='ocrx_word' id='word_1_162' title='bbox 507 2742 639 2799; x_wconf 89' lang='lat' dir='ltr'>nobilem</span> <span class='ocrx_word' id='word_1_163' title='bbox 659 2743 722 2816; x_wconf 89' lang='lat' dir='ltr'>ipse</span> <span class='ocrx_word' id='word_1_164' title='bbox 749 2743 830 2800; x_wconf 92' lang='lat' dir='ltr'>dicat</span> <span class='ocrx_word' id='word_1_165' title='bbox 849 2745 899 2816; x_wconf 91' lang='grc'>(1),</span> <span class='ocrx_word' id='word_1_166' title='bbox 914 2746 944 2801; x_wconf 89' lang='lat' dir='ltr'>in</span> <span class='ocrx_word' id='word_1_167' title='bbox 998 2739 1118 2798; x_wconf 86' lang='lat' dir='ltr'>nicassa</span> <span class='ocrx_word' id='word_1_168' title='bbox 1133 2742 1251 2800; x_wconf 85' lang='lat' dir='ltr'>videtur</span> <span class='ocrx_word' id='word_1_169' title='bbox 1263 2745 1313 2816; x_wconf 87' lang='grc'>(5).</span> <span class='ocrx_word' id='word_1_170' title='bbox 1331 2744 1429 2802; x_wconf 89' lang='lat' dir='ltr'>Sancti</span> <span class='ocrx_word' id='word_1_171' title='bbox 1444 2745 1523 2801; x_wconf 91' lang='lat' dir='ltr'>enim</span> <span class='ocrx_word' id='word_1_172' title='bbox 1538 2745 1729 2805; x_wconf 84' lang='lat' dir='ltr'>miraculose</span> <span class='ocrx_word' id='word_1_173' title='bbox 1757 2750 1829 2805; x_wconf 89' lang='lat' dir='ltr'>scri·</span> 
     </span>
     <span class='ocr_line' id='line_1_21' title="bbox 114 2829 1829 2912; baseline 0.006 -26"><span class='ocrx_word' id='word_1_174' title='bbox 114 2830 143 2886; x_wconf 92' lang='lat' dir='ltr'>S.</span> <span class='ocrx_word' id='word_1_175' title='bbox 156 2829 370 2887; x_wconf 86' lang='lat' dir='ltr'>Emmerammi</span> <span class='ocrx_word' id='word_1_176' title='bbox 385 2831 945 2892; x_wconf 80' lang='lat' dir='ltr'>monasterioRatisbonensiedueatus</span> <span class='ocrx_word' id='word_1_177' title='bbox 999 2833 1122 2902; x_wconf 84' lang='lat' dir='ltr'>pturum</span> <span class='ocrx_word' id='word_1_178' title='bbox 1155 2847 1219 2888; x_wconf 90' lang='lat' dir='ltr'>esse</span> <span class='ocrx_word' id='word_1_179' title='bbox 1253 2833 1318 2906; x_wconf 85' lang='lat' dir='ltr'>jam</span> <span class='ocrx_word' id='word_1_180' title='bbox 1348 2832 1465 2890; x_wconf 91' lang='lat' dir='ltr'>dudum</span> <span class='ocrx_word' id='word_1_181' title='bbox 1501 2839 1622 2892; x_wconf 85' lang='lat' dir='ltr'>voverat</span> <span class='ocrx_word' id='word_1_182' title='bbox 1650 2836 1699 2909; x_wconf 87' lang='grc'>(6),</span> <span class='ocrx_word' id='word_1_183' title='bbox 1733 2853 1829 2912; x_wconf 87' lang='lat' dir='ltr'>eaque</span> 
     </span>
     <span class='ocr_line' id='line_1_22' title="bbox 112 2919 1831 3000; baseline 0.011 -26"><span class='ocrx_word' id='word_1_184' title='bbox 112 2921 143 2974; x_wconf 88' lang='lat' dir='ltr'>et</span> <span class='ocrx_word' id='word_1_185' title='bbox 152 2919 338 2976; x_wconf 89' lang='lat' dir='ltr'>monachum</span> <span class='ocrx_word' id='word_1_186' title='bbox 367 2919 530 2993; x_wconf 88' lang='lat' dir='ltr'>protessus,</span> <span class='ocrx_word' id='word_1_187' title='bbox 559 2920 690 2994; x_wconf 87' lang='lat' dir='ltr'>primum</span> <span class='ocrx_word' id='word_1_188' title='bbox 708 2924 850 2980; x_wconf 74' lang='lat' dir='ltr'>Romanae</span> <span class='ocrx_word' id='word_1_189' title='bbox 869 2923 944 2980; x_wconf 89' lang='lat' dir='ltr'>anti-</span> <span class='ocrx_word' id='word_1_190' title='bbox 998 2919 1108 2992; x_wconf 74' lang='lat' dir='ltr'>partim</span> <span class='ocrx_word' id='word_1_191' title='bbox 1136 2921 1168 2976; x_wconf 85' lang='lat' dir='ltr'>in</span> <span class='ocrx_word' id='word_1_192' title='bbox 1195 2921 1319 2995; x_wconf 68' lang='lat' dir='ltr'>antiqua</span> <span class='ocrx_word' id='word_1_193' title='bbox 1347 2923 1411 2979; x_wconf 66' lang='lat' dir='ltr'>Vlla</span> <span class='ocrx_word' id='word_1_194' title='bbox 1438 2929 1569 2992; x_wconf 62' lang='lat' dir='ltr'>narrata,</span> <span class='ocrx_word' id='word_1_195' title='bbox 1596 2925 1706 2998; x_wconf 65' lang='lat' dir='ltr'>parlim</span> <span class='ocrx_word' id='word_1_196' title='bbox 1725 2931 1831 3000; x_wconf 69' lang='lat' dir='ltr'>P08108</span> 
     </span>
     <span class='ocr_line' id='line_1_23' title="bbox 111 3006 1829 3088; baseline 0.005 -25"><span class='ocrx_word' id='word_1_197' title='bbox 111 3007 234 3081; x_wconf 87' lang='lat' dir='ltr'>quitatis</span> <span class='ocrx_word' id='word_1_198' title='bbox 261 3008 456 3082; x_wconf 90' lang='lat' dir='ltr'>scriptoribus</span> <span class='ocrx_word' id='word_1_199' title='bbox 483 3009 618 3080; x_wconf 88' lang='lat' dir='ltr'>legendis</span> <span class='ocrx_word' id='word_1_200' title='bbox 653 3027 777 3086; x_wconf 88' lang='lat' dir='ltr'>operam</span> <span class='ocrx_word' id='word_1_201' title='bbox 814 3013 944 3082; x_wconf 84' lang='lat' dir='ltr'>navarit,</span> <span class='ocrx_word' id='word_1_202' title='bbox 1000 3006 1246 3066; x_wconf 78' lang='lat' dir='ltr'>Ratisbonreacta</span> <span class='ocrx_word' id='word_1_203' title='bbox 1261 3009 1568 3083; x_wconf 77' lang='lat' dir='ltr'>vtueiltiadjtctenda</span> <span class='ocrx_word' id='word_1_204' title='bbox 1591 3013 1677 3071; x_wconf 84' lang='lat' dir='ltr'>duxit</span> <span class='ocrx_word' id='word_1_205' title='bbox 1692 3032 1700 3083; x_wconf 76' lang='lat'><em>3</em></span> <span class='ocrx_word' id='word_1_206' title='bbox 1716 3015 1747 3071; x_wconf 93' lang='lat' dir='ltr'>in</span> <span class='ocrx_word' id='word_1_207' title='bbox 1761 3015 1829 3088; x_wconf 90' lang='lat' dir='ltr'>qui-</span> 
     </span>
     <span class='ocr_line' id='line_1_24' title="bbox 111 3096 1828 3175; baseline 0.006 -23"><span class='ocrx_word' id='word_1_208' title='bbox 111 3096 425 3168; x_wconf 87' lang='lat' dir='ltr'>posteaveroeodam</span> <span class='ocrx_word' id='word_1_209' title='bbox 441 3097 612 3172; x_wconf 87' lang='lat' dir='ltr'>modoque</span> <span class='ocrx_word' id='word_1_210' title='bbox 638 3100 783 3157; x_wconf 87' lang='lat' dir='ltr'>0tbtonus</span> <span class='ocrx_word' id='word_1_211' title='bbox 810 3101 944 3158; x_wconf 78' lang='lat' dir='ltr'>alitteris</span> <span class='ocrx_word' id='word_1_212' title='bbox 998 3096 1058 3153; x_wconf 88' lang='lat' dir='ltr'>bus</span> <span class='ocrx_word' id='word_1_213' title='bbox 1074 3099 1300 3156; x_wconf 87' lang='lat' dir='ltr'>conscribendis</span> <span class='ocrx_word' id='word_1_214' title='bbox 1327 3115 1440 3157; x_wconf 84' lang='lat' dir='ltr'>cuma.</span> <span class='ocrx_word' id='word_1_215' title='bbox 1472 3103 1603 3159; x_wconf 72' lang='grc'>’.035111</span> <span class='ocrx_word' id='word_1_216' title='bbox 1632 3108 1711 3175; x_wconf 84' lang='grc'>1036,</span> <span class='ocrx_word' id='word_1_217' title='bbox 1738 3120 1828 3161; x_wconf 91' lang='lat' dir='ltr'>oeen-</span> 
     </span>
     <span class='ocr_line' id='line_1_25' title="bbox 111 3185 1829 3264; baseline 0.009 -23"><span class='ocrx_word' id='word_1_218' title='bbox 111 3185 306 3242; x_wconf 73' lang='lat' dir='ltr'>sacularibus</span> <span class='ocrx_word' id='word_1_219' title='bbox 318 3185 436 3243; x_wconf 88' lang='lat' dir='ltr'>transiit</span> <span class='ocrx_word' id='word_1_220' title='bbox 449 3186 489 3243; x_wconf 92' lang='lat' dir='ltr'>ad</span> <span class='ocrx_word' id='word_1_221' title='bbox 502 3186 628 3244; x_wconf 88' lang='lat' dir='ltr'>divinas.</span> <span class='ocrx_word' id='word_1_222' title='bbox 645 3189 760 3255; x_wconf 85' lang='lat' dir='ltr'>Quibus</span> <span class='ocrx_word' id='word_1_223' title='bbox 776 3191 881 3247; x_wconf 88' lang='lat' dir='ltr'>studiis</span> <span class='ocrx_word' id='word_1_224' title='bbox 892 3191 947 3248; x_wconf 89' lang='lat' dir='ltr'>im·</span> <span class='ocrx_word' id='word_1_225' title='bbox 999 3190 1106 3259; x_wconf 91' lang='lat' dir='ltr'>patum</span> <span class='ocrx_word' id='word_1_226' title='bbox 1119 3187 1256 3246; x_wconf 84' lang='lat' dir='ltr'>videmus</span> <span class='ocrx_word' id='word_1_227' title='bbox 1272 3191 1318 3261; x_wconf 78' lang='lat'>(7).</span> <span class='ocrx_word' id='word_1_228' title='bbox 1335 3191 1399 3254; x_wconf 78' lang='lat'>0110</span> <span class='ocrx_word' id='word_1_229' title='bbox 1413 3189 1507 3259; x_wconf 74' lang='lat' dir='ltr'>finito.</span> <span class='ocrx_word' id='word_1_230' title='bbox 1531 3195 1691 3264; x_wconf 69' lang='lat' dir='ltr'>uirumque</span> <span class='ocrx_word' id='word_1_231' title='bbox 1717 3191 1829 3250; x_wconf 74' lang='lat' dir='ltr'>librum</span> 
     </span>
     <span class='ocr_line' id='line_1_26' title="bbox 110 3275 1830 3350; baseline 0.006 -26"><span class='ocrx_word' id='word_1_232' title='bbox 110 3275 202 3332; x_wconf 85' lang='lat' dir='ltr'>butus</span> <span class='ocrx_word' id='word_1_233' title='bbox 223 3279 253 3331; x_wconf 75' lang='lat' dir='ltr'>et</span> <span class='ocrx_word' id='word_1_234' title='bbox 268 3298 280 3324; x_wconf 74' lang='lat' dir='ltr'>a</span> <span class='ocrx_word' id='word_1_235' title='bbox 293 3279 420 3332; x_wconf 79' lang='lat' dir='ltr'>venusto</span> <span class='ocrx_word' id='word_1_236' title='bbox 450 3293 589 3334; x_wconf 79' lang='lat' dir='ltr'>sermone</span> <span class='ocrx_word' id='word_1_237' title='bbox 609 3278 781 3350; x_wconf 78' lang='lat' dir='ltr'>delectatus,</span> <span class='ocrx_word' id='word_1_238' title='bbox 799 3303 813 3330; x_wconf 81' lang='grc'>11</span> <span class='ocrx_word' id='word_1_239' title='bbox 830 3282 944 3336; x_wconf 77' lang='lat' dir='ltr'>Emme·</span> <span class='ocrx_word' id='word_1_240' title='bbox 1000 3276 1172 3332; x_wconf 74' lang='lat' dir='ltr'>Burehat‘do</span> <span class='ocrx_word' id='word_1_241' title='bbox 1201 3276 1304 3334; x_wconf 82' lang='lat' dir='ltr'>abbati</span> <span class='ocrx_word' id='word_1_242' title='bbox 1331 3275 1489 3349; x_wconf 83' lang='lat' dir='ltr'>inscripsit.</span> <span class='ocrx_word' id='word_1_243' title='bbox 1522 3309 1557 3316; x_wconf 89' lang='lat'>—</span> <span class='ocrx_word' id='word_1_244' title='bbox 1585 3277 1642 3335; x_wconf 82' lang='lat' dir='ltr'>Sed</span> <span class='ocrx_word' id='word_1_245' title='bbox 1668 3294 1740 3335; x_wconf 87' lang='lat' dir='ltr'>mox</span> <span class='ocrx_word' id='word_1_246' title='bbox 1776 3293 1830 3335; x_wconf 85' lang='lat' dir='ltr'>no·</span> 
     </span>
     <span class='ocr_line' id='line_1_27' title="bbox 110 3363 1830 3438; baseline 0.001 -17"><span class='ocrx_word' id='word_1_247' title='bbox 110 3364 221 3422; x_wconf 90' lang='lat' dir='ltr'>rammi</span> <span class='ocrx_word' id='word_1_248' title='bbox 234 3365 354 3438; x_wconf 93' lang='lat' dir='ltr'>patroni</span> <span class='ocrx_word' id='word_1_249' title='bbox 369 3366 416 3422; x_wconf 90' lang='lat' dir='ltr'>sui</span> <span class='ocrx_word' id='word_1_250' title='bbox 443 3367 537 3422; x_wconf 88' lang='lat' dir='ltr'>Vitam</span> <span class='ocrx_word' id='word_1_251' title='bbox 560 3365 672 3424; x_wconf 88' lang='lat' dir='ltr'>inculta</span> <span class='ocrx_word' id='word_1_252' title='bbox 698 3373 727 3424; x_wconf 91' lang='lat' dir='ltr'>et</span> <span class='ocrx_word' id='word_1_253' title='bbox 754 3369 866 3426; x_wconf 90' lang='lat' dir='ltr'>rustica</span> <span class='ocrx_word' id='word_1_254' title='bbox 881 3385 945 3426; x_wconf 88' lang='lat' dir='ltr'>esse</span> <span class='ocrx_word' id='word_1_255' title='bbox 999 3381 1069 3420; x_wconf 88' lang='lat' dir='ltr'>vum</span> <span class='ocrx_word' id='word_1_256' title='bbox 1090 3365 1129 3436; x_wconf 88' lang='lat'>(8)</span> <span class='ocrx_word' id='word_1_257' title='bbox 1158 3365 1289 3437; x_wconf 91' lang='lat' dir='ltr'>suscepit</span> <span class='ocrx_word' id='word_1_258' title='bbox 1315 3363 1461 3432; x_wconf 89' lang='lat' dir='ltr'>laborem,</span> <span class='ocrx_word' id='word_1_259' title='bbox 1489 3369 1518 3420; x_wconf 91' lang='lat' dir='ltr'>et</span> <span class='ocrx_word' id='word_1_260' title='bbox 1543 3364 1733 3421; x_wconf 81' lang='lat' dir='ltr'>devotionem</span> <span class='ocrx_word' id='word_1_261' title='bbox 1758 3381 1830 3438; x_wconf 88' lang='lat' dir='ltr'>erga</span> 
     </span>
     <span class='ocr_line' id='line_1_28' title="bbox 111 3449 1830 3528; baseline 0.005 -24"><span class='ocrx_word' id='word_1_262' title='bbox 111 3449 254 3522; x_wconf 85' lang='lat' dir='ltr'>scriptam</span> <span class='ocrx_word' id='word_1_263' title='bbox 268 3450 402 3506; x_wconf 90' lang='lat' dir='ltr'>oratione</span> <span class='ocrx_word' id='word_1_264' title='bbox 414 3449 650 3523; x_wconf 84' lang='lat' dir='ltr'>doluit,ejusque</span> <span class='ocrx_word' id='word_1_265' title='bbox 661 3451 859 3509; x_wconf 82' lang='lat' dir='ltr'>emendandae</span> <span class='ocrx_word' id='word_1_266' title='bbox 873 3469 945 3510; x_wconf 91' lang='lat' dir='ltr'>con·</span> <span class='ocrx_word' id='word_1_267' title='bbox 1000 3458 1138 3510; x_wconf 87' lang='lat' dir='ltr'>sanctum</span> <span class='ocrx_word' id='word_1_268' title='bbox 1162 3459 1195 3511; x_wconf 92' lang='lat' dir='ltr'>ut</span> <span class='ocrx_word' id='word_1_269' title='bbox 1220 3455 1399 3524; x_wconf 89' lang='lat' dir='ltr'>ostenderet,</span> <span class='ocrx_word' id='word_1_270' title='bbox 1424 3455 1552 3524; x_wconf 73' lang='lat' dir='ltr'>cultores</span> <span class='ocrx_word' id='word_1_271' title='bbox 1582 3457 1647 3528; x_wconf 84' lang='lat' dir='ltr'>ejus</span> <span class='ocrx_word' id='word_1_272' title='bbox 1679 3456 1830 3514; x_wconf 88' lang='lat' dir='ltr'>celebrare</span> 
     </span>
     <span class='ocr_line' id='line_1_29' title="bbox 111 3537 1830 3617; baseline 0.003 -23"><span class='ocrx_word' id='word_1_273' title='bbox 111 3537 211 3596; x_wconf 87' lang='lat' dir='ltr'>silium</span> <span class='ocrx_word' id='word_1_274' title='bbox 227 3538 315 3610; x_wconf 86' lang='lat' dir='ltr'>oepit.</span> <span class='ocrx_word' id='word_1_275' title='bbox 334 3539 392 3597; x_wconf 90' lang='lat' dir='ltr'>Sed</span> <span class='ocrx_word' id='word_1_276' title='bbox 406 3539 726 3598; x_wconf 82' lang='lat' dir='ltr'>tratresvenerandam</span> <span class='ocrx_word' id='word_1_277' title='bbox 737 3541 944 3614; x_wconf 86' lang='lat' dir='ltr'>antiquitatem</span> <span class='ocrx_word' id='word_1_278' title='bbox 999 3541 1055 3597; x_wconf 90' lang='lat' dir='ltr'>sibi</span> <span class='ocrx_word' id='word_1_279' title='bbox 1069 3543 1236 3615; x_wconf 89' lang='lat' dir='ltr'>proposuit.</span> <span class='ocrx_word' id='word_1_280' title='bbox 1253 3543 1480 3612; x_wconf 91' lang='lat' dir='ltr'>Primumigitur</span> <span class='ocrx_word' id='word_1_281' title='bbox 1495 3549 1563 3600; x_wconf 90' lang='lat' dir='ltr'>acta</span> <span class='ocrx_word' id='word_1_282' title='bbox 1572 3544 1740 3616; x_wconf 77' lang='lat' dir='ltr'>wolfgangi</span> <span class='ocrx_word' id='word_1_283' title='bbox 1750 3545 1830 3617; x_wconf 91' lang='lat' dir='ltr'>epis·</span> 
     </span>
     <span class='ocr_line' id='line_1_30' title="bbox 112 3623 1831 3703; baseline 0.003 -19"><span class='ocrx_word' id='word_1_284' title='bbox 112 3627 152 3684; x_wconf 88' lang='lat' dir='ltr'>ab</span> <span class='ocrx_word' id='word_1_285' title='bbox 166 3627 287 3685; x_wconf 91' lang='lat' dir='ltr'>homine</span> <span class='ocrx_word' id='word_1_286' title='bbox 303 3643 451 3684; x_wconf 90' lang='lat' dir='ltr'>novarum</span> <span class='ocrx_word' id='word_1_287' title='bbox 465 3644 577 3696; x_wconf 90' lang='lat' dir='ltr'>rerum,</span> <span class='ocrx_word' id='word_1_288' title='bbox 594 3633 625 3686; x_wconf 90' lang='grc'>111</span> <span class='ocrx_word' id='word_1_289' title='bbox 638 3630 675 3686; x_wconf 89' lang='lat' dir='ltr'>iis</span> <span class='ocrx_word' id='word_1_290' title='bbox 701 3623 870 3700; x_wconf 84' lang='lat' dir='ltr'>videbatur,</span> <span class='ocrx_word' id='word_1_291' title='bbox 886 3637 946 3687; x_wconf 91' lang='lat' dir='ltr'>stu·</span> <span class='ocrx_word' id='word_1_292' title='bbox 999 3632 1066 3703; x_wconf 93' lang='lat' dir='ltr'>copi</span> <span class='ocrx_word' id='word_1_293' title='bbox 1081 3631 1279 3690; x_wconf 87' lang='lat' dir='ltr'>etllamuoldi</span> <span class='ocrx_word' id='word_1_294' title='bbox 1308 3633 1427 3690; x_wconf 90' lang='lat' dir='ltr'>abbatis</span> <span class='ocrx_word' id='word_1_295' title='bbox 1456 3633 1599 3700; x_wconf 86' lang='lat' dir='ltr'>narravit,</span> <span class='ocrx_word' id='word_1_296' title='bbox 1627 3639 1655 3690; x_wconf 92' lang='lat' dir='ltr'>el</span> <span class='ocrx_word' id='word_1_297' title='bbox 1677 3650 1724 3690; x_wconf 89' lang='lat' dir='ltr'>res</span> <span class='ocrx_word' id='word_1_298' title='bbox 1740 3634 1831 3692; x_wconf 85' lang='lat' dir='ltr'>Ratia-</span> 
     </span>
     <span class='ocr_line' id='line_1_31' title="bbox 112 3715 1831 3793; baseline 0.003 -21"><span class='ocrx_word' id='word_1_299' title='bbox 112 3716 199 3772; x_wconf 86' lang='lat' dir='ltr'>dioso</span> <span class='ocrx_word' id='word_1_300' title='bbox 214 3716 295 3788; x_wconf 87' lang='lat' dir='ltr'>tangi</span> <span class='ocrx_word' id='word_1_301' title='bbox 311 3715 501 3787; x_wconf 87' lang='lat' dir='ltr'>saerilegium</span> <span class='ocrx_word' id='word_1_302' title='bbox 528 3717 595 3787; x_wconf 92' lang='lat' dir='ltr'>rati,</span> <span class='ocrx_word' id='word_1_303' title='bbox 609 3719 802 3776; x_wconf 74' lang='lat' dir='ltr'>uthrnoldus</span> <span class='ocrx_word' id='word_1_304' title='bbox 823 3721 854 3777; x_wconf 95' lang='lat' dir='ltr'>in</span> <span class='ocrx_word' id='word_1_305' title='bbox 869 3720 946 3777; x_wconf 81' lang='lat' dir='ltr'>exsi-</span> <span class='ocrx_word' id='word_1_306' title='bbox 998 3719 1159 3789; x_wconf 89' lang='lat' dir='ltr'>bonenses,</span> <span class='ocrx_word' id='word_1_307' title='bbox 1174 3735 1251 3793; x_wconf 90' lang='lat' dir='ltr'>quas</span> <span class='ocrx_word' id='word_1_308' title='bbox 1266 3725 1435 3793; x_wconf 87' lang='lat' dir='ltr'>compertas</span> <span class='ocrx_word' id='word_1_309' title='bbox 1459 3720 1575 3789; x_wconf 90' lang='lat' dir='ltr'>habuit,</span> <span class='ocrx_word' id='word_1_310' title='bbox 1605 3723 1759 3779; x_wconf 76' lang='lat' dir='ltr'>memoriae</span> <span class='ocrx_word' id='word_1_311' title='bbox 1773 3726 1831 3778; x_wconf 92' lang='lat' dir='ltr'>tra-</span> 
     </span>
     <span class='ocr_line' id='line_1_32' title="bbox 113 3799 1831 3877; baseline 0.006 -22"><span class='ocrx_word' id='word_1_312' title='bbox 113 3799 187 3856; x_wconf 90' lang='lat' dir='ltr'>lium</span> <span class='ocrx_word' id='word_1_313' title='bbox 202 3801 376 3869; x_wconf 85' lang='lat' dir='ltr'>mitteretur,</span> <span class='ocrx_word' id='word_1_314' title='bbox 393 3800 476 3874; x_wconf 92' lang='lat' dir='ltr'>apud</span> <span class='ocrx_word' id='word_1_315' title='bbox 487 3800 630 3858; x_wconf 89' lang='lat' dir='ltr'>abbatem</span> <span class='ocrx_word' id='word_1_316' title='bbox 645 3809 781 3873; x_wconf 91' lang='lat' dir='ltr'>egerunt.</span> <span class='ocrx_word' id='word_1_317' title='bbox 799 3808 900 3877; x_wconf 87' lang='lat' dir='ltr'>ltaque</span> <span class='ocrx_word' id='word_1_318' title='bbox 915 3805 946 3861; x_wconf 90' lang='lat' dir='ltr'>in</span> <span class='ocrx_word' id='word_1_319' title='bbox 1000 3807 1084 3862; x_wconf 91' lang='lat' dir='ltr'>didit.</span> <span class='ocrx_word' id='word_1_320' title='bbox 1099 3809 1204 3864; x_wconf 87' lang='lat' dir='ltr'>Postea</span> <span class='ocrx_word' id='word_1_321' title='bbox 1220 3823 1289 3864; x_wconf 91' lang='lat' dir='ltr'>cum</span> <span class='ocrx_word' id='word_1_322' title='bbox 1305 3807 1418 3876; x_wconf 81' lang='lat' dir='ltr'>dialogi</span> <span class='ocrx_word' id='word_1_323' title='bbox 1446 3807 1576 3865; x_wconf 82' lang='lat' dir='ltr'>formam</span> <span class='ocrx_word' id='word_1_324' title='bbox 1605 3809 1831 3865; x_wconf 87' lang='lat' dir='ltr'>buiclihrotm-</span> 
     </span>
     <span class='ocr_line' id='line_1_33' title="bbox 113 3887 1831 3972; baseline 0.001 -26"><span class='ocrx_word' id='word_1_325' title='bbox 113 3887 276 3946; x_wconf 83' lang='lat' dir='ltr'>Saxoniam</span> <span class='ocrx_word' id='word_1_326' title='bbox 312 3887 473 3960; x_wconf 84' lang='lat' dir='ltr'>protectus,</span> <span class='ocrx_word' id='word_1_327' title='bbox 507 3887 699 3959; x_wconf 88' lang='lat' dir='ltr'>ltagdeburgi</span> <span class='ocrx_word' id='word_1_328' title='bbox 732 3891 946 3960; x_wconf 85' lang='lat' dir='ltr'>ldegintredum</span> <span class='ocrx_word' id='word_1_329' title='bbox 963 3918 985 3972; x_wconf 79' lang='lat'><strong>0</strong></span> <span class='ocrx_word' id='word_1_330' title='bbox 1000 3895 1158 3968; x_wconf 87' lang='lat' dir='ltr'>posuisset,</span> <span class='ocrx_word' id='word_1_331' title='bbox 1174 3895 1262 3952; x_wconf 90' lang='lat' dir='ltr'>latius</span> <span class='ocrx_word' id='word_1_332' title='bbox 1284 3900 1408 3964; x_wconf 80' lang='lat' dir='ltr'>vagatus</span> <span class='ocrx_word' id='word_1_333' title='bbox 1436 3899 1490 3960; x_wconf 89' lang='lat' dir='ltr'>est,</span> <span class='ocrx_word' id='word_1_334' title='bbox 1518 3900 1547 3949; x_wconf 90' lang='lat' dir='ltr'>et</span> <span class='ocrx_word' id='word_1_335' title='bbox 1575 3895 1614 3949; x_wconf 93' lang='lat' dir='ltr'>ab</span> <span class='ocrx_word' id='word_1_336' title='bbox 1642 3893 1831 3948; x_wconf 76' lang='lat' dir='ltr'>ammonicio</span> 
     </span>
     <span class='ocr_line' id='line_1_34' title="bbox 112 3976 1829 4055; baseline 0.001 -23"><span class='ocrx_word' id='word_1_337' title='bbox 112 3977 152 4049; x_wconf 78' lang='grc'>(3)</span> <span class='ocrx_word' id='word_1_338' title='bbox 179 3976 289 4033; x_wconf 77' lang='lat' dir='ltr'>scholae</span> <span class='ocrx_word' id='word_1_339' title='bbox 323 3978 503 4047; x_wconf 85' lang='lat' dir='ltr'>magistrum</span> <span class='ocrx_word' id='word_1_340' title='bbox 534 3977 663 4034; x_wconf 89' lang='lat' dir='ltr'>amicitia</span> <span class='ocrx_word' id='word_1_341' title='bbox 690 3979 746 4034; x_wconf 91' lang='lat' dir='ltr'>sibi</span> <span class='ocrx_word' id='word_1_342' title='bbox 779 3981 943 4050; x_wconf 87' lang='lat' dir='ltr'>conjunxit,</span> <span class='ocrx_word' id='word_1_343' title='bbox 998 3982 1060 4052; x_wconf 89' lang='lat' dir='ltr'>illo,</span> <span class='ocrx_word' id='word_1_344' title='bbox 1084 3999 1176 4055; x_wconf 90' lang='lat' dir='ltr'>quem</span> <span class='ocrx_word' id='word_1_345' title='bbox 1203 3999 1305 4038; x_wconf 87' lang='lat' dir='ltr'>secum</span> <span class='ocrx_word' id='word_1_346' title='bbox 1332 3983 1505 4054; x_wconf 91' lang='lat' dir='ltr'>loquentem</span> <span class='ocrx_word' id='word_1_347' title='bbox 1531 3979 1627 4050; x_wconf 80' lang='lat' dir='ltr'>finxit,</span> <span class='ocrx_word' id='word_1_348' title='bbox 1643 3978 1829 4048; x_wconf 88' lang='lat' dir='ltr'>admonitus,</span> 
     </span>
     <span class='ocr_line' id='line_1_35' title="bbox 111 4066 1832 4142; baseline 0.002 -20"><span class='ocrx_word' id='word_1_349' title='bbox 111 4082 204 4140; x_wconf 89' lang='lat' dir='ltr'>quem</span> <span class='ocrx_word' id='word_1_350' title='bbox 220 4067 360 4124; x_wconf 90' lang='lat' dir='ltr'>utVitam</span> <span class='ocrx_word' id='word_1_351' title='bbox 375 4066 458 4124; x_wconf 92' lang='lat' dir='ltr'>illam</span> <span class='ocrx_word' id='word_1_352' title='bbox 473 4066 511 4122; x_wconf 90' lang='lat' dir='ltr'>de</span> <span class='ocrx_word' id='word_1_353' title='bbox 539 4083 619 4124; x_wconf 89' lang='lat' dir='ltr'>novo</span> <span class='ocrx_word' id='word_1_354' title='bbox 641 4067 781 4124; x_wconf 88' lang='lat' dir='ltr'>scriberet</span> <span class='ocrx_word' id='word_1_355' title='bbox 807 4069 946 4142; x_wconf 89' lang='lat' dir='ltr'>precihus</span> <span class='ocrx_word' id='word_1_356' title='bbox 998 4088 1046 4128; x_wconf 90' lang='lat' dir='ltr'>res</span> <span class='ocrx_word' id='word_1_357' title='bbox 1065 4071 1212 4138; x_wconf 88' lang='lat' dir='ltr'>diversas,</span> <span class='ocrx_word' id='word_1_358' title='bbox 1240 4070 1379 4126; x_wconf 90' lang='lat' dir='ltr'>historias</span> <span class='ocrx_word' id='word_1_359' title='bbox 1406 4069 1505 4125; x_wconf 88' lang='lat' dir='ltr'>varias</span> <span class='ocrx_word' id='word_1_360' title='bbox 1531 4073 1560 4124; x_wconf 92' lang='lat' dir='ltr'>et</span> <span class='ocrx_word' id='word_1_361' title='bbox 1584 4067 1774 4140; x_wconf 89' lang='lat' dir='ltr'>multiplices,</span> <span class='ocrx_word' id='word_1_362' title='bbox 1798 4072 1832 4125; x_wconf 93' lang='lat' dir='ltr'>ut</span> 
     </span>
     <span class='ocr_line' id='line_1_36' title="bbox 113 4154 1830 4230; baseline 0.001 -18"><span class='ocrx_word' id='word_1_363' title='bbox 113 4155 175 4212; x_wconf 85' lang='lat' dir='ltr'>auis</span> <span class='ocrx_word' id='word_1_364' title='bbox 189 4156 361 4228; x_wconf 88' lang='lat' dir='ltr'>permovit;</span> <span class='ocrx_word' id='word_1_365' title='bbox 391 4156 422 4213; x_wconf 92' lang='lat' dir='ltr'>id</span> <span class='ocrx_word' id='word_1_366' title='bbox 436 4155 519 4229; x_wconf 91' lang='lat' dir='ltr'>quod</span> <span class='ocrx_word' id='word_1_367' title='bbox 541 4154 653 4212; x_wconf 88' lang='lat' dir='ltr'>ultimis</span> <span class='ocrx_word' id='word_1_368' title='bbox 683 4157 806 4214; x_wconf 81' lang='lat' dir='ltr'>heinrici</span> <span class='ocrx_word' id='word_1_369' title='bbox 823 4162 844 4214; x_wconf 93' lang='lat' dir='ltr'>tt</span> <span class='ocrx_word' id='word_1_370' title='bbox 859 4157 947 4214; x_wconf 89' lang='lat' dir='ltr'>annis</span> <span class='ocrx_word' id='word_1_371' title='bbox 1000 4157 1128 4217; x_wconf 87' lang='lat' dir='ltr'>Collectii</span> <span class='ocrx_word' id='word_1_372' title='bbox 1157 4156 1274 4213; x_wconf 89' lang='lat' dir='ltr'>nomini</span> <span class='ocrx_word' id='word_1_373' title='bbox 1302 4155 1358 4212; x_wconf 90' lang='lat' dir='ltr'>sibi</span> <span class='ocrx_word' id='word_1_374' title='bbox 1384 4155 1525 4229; x_wconf 90' lang='lat' dir='ltr'>imposito</span> <span class='ocrx_word' id='word_1_375' title='bbox 1551 4156 1749 4226; x_wconf 89' lang='lat' dir='ltr'>responderet</span> <span class='ocrx_word' id='word_1_376' title='bbox 1781 4157 1830 4230; x_wconf 89' lang='grc'>(3),</span> 
     </span>
     <span class='ocr_line' id='line_1_37' title="bbox 112 4243 1831 4318; baseline 0.001 -17"><span class='ocrx_word' id='word_1_377' title='bbox 112 4244 286 4302; x_wconf 77' lang='lat' dir='ltr'>factumest</span> <span class='ocrx_word' id='word_1_378' title='bbox 306 4246 357 4317; x_wconf 89' lang='grc'>(3).</span> <span class='ocrx_word' id='word_1_379' title='bbox 387 4247 456 4302; x_wconf 86' lang='lat' dir='ltr'>Post</span> <span class='ocrx_word' id='word_1_380' title='bbox 470 4249 528 4301; x_wconf 88' lang='lat' dir='ltr'>tres</span> <span class='ocrx_word' id='word_1_381' title='bbox 545 4261 642 4303; x_wconf 90' lang='lat' dir='ltr'>annos</span> <span class='ocrx_word' id='word_1_382' title='bbox 668 4245 707 4304; x_wconf 88' lang='lat' dir='ltr'>ad</span> <span class='ocrx_word' id='word_1_383' title='bbox 729 4248 946 4304; x_wconf 86' lang='lat' dir='ltr'>monasterium</span> <span class='ocrx_word' id='word_1_384' title='bbox 999 4247 1202 4318; x_wconf 90' lang='lat' dir='ltr'>undecunque</span> <span class='ocrx_word' id='word_1_385' title='bbox 1218 4243 1336 4315; x_wconf 89' lang='lat' dir='ltr'>collegit</span> <span class='ocrx_word' id='word_1_386' title='bbox 1350 4263 1357 4314; x_wconf 94' lang='grc'>;</span> <span class='ocrx_word' id='word_1_387' title='bbox 1385 4243 1528 4318; x_wconf 87' lang='lat' dir='ltr'>nulloque</span> <span class='ocrx_word' id='word_1_388' title='bbox 1544 4249 1624 4302; x_wconf 89' lang='lat' dir='ltr'>certo</span> <span class='ocrx_word' id='word_1_389' title='bbox 1637 4245 1742 4302; x_wconf 88' lang='lat' dir='ltr'>ordine</span> <span class='ocrx_word' id='word_1_390' title='bbox 1757 4245 1831 4303; x_wconf 90' lang='lat' dir='ltr'>due-</span> 
     </span>
     <span class='ocr_line' id='line_1_38' title="bbox 112 4332 1829 4408; baseline 0.002 -19"><span class='ocrx_word' id='word_1_391' title='bbox 112 4349 253 4389; x_wconf 85' lang='lat' dir='ltr'>reversus</span> <span class='ocrx_word' id='word_1_392' title='bbox 284 4333 332 4404; x_wconf 92' lang='grc'>(3),</span> <span class='ocrx_word' id='word_1_393' title='bbox 361 4347 439 4406; x_wconf 90' lang='lat' dir='ltr'>opus</span> <span class='ocrx_word' id='word_1_394' title='bbox 465 4332 674 4406; x_wconf 81' lang='lat' dir='ltr'>imperfectum</span> <span class='ocrx_word' id='word_1_395' title='bbox 699 4334 838 4408; x_wconf 84' lang='lat' dir='ltr'>reliquit;</span> <span class='ocrx_word' id='word_1_396' title='bbox 862 4332 946 4408; x_wconf 91' lang='lat' dir='ltr'>quod</span> <span class='ocrx_word' id='word_1_397' title='bbox 999 4341 1046 4394; x_wconf 86' lang='lat' dir='ltr'>tus</span> <span class='ocrx_word' id='word_1_398' title='bbox 1061 4336 1128 4408; x_wconf 90' lang='grc'>(10),</span> <span class='ocrx_word' id='word_1_399' title='bbox 1144 4333 1236 4391; x_wconf 84' lang='grc' dir='ltr'>111οά0</span> <span class='ocrx_word' id='word_1_400' title='bbox 1251 4335 1325 4400; x_wconf 78' lang='lat' dir='ltr'>hae,</span> <span class='ocrx_word' id='word_1_401' title='bbox 1348 4334 1440 4391; x_wconf 91' lang='lat' dir='ltr'>medo</span> <span class='ocrx_word' id='word_1_402' title='bbox 1466 4333 1515 4391; x_wconf 91' lang='lat' dir='ltr'>illa</span> <span class='ocrx_word' id='word_1_403' title='bbox 1530 4333 1560 4391; x_wconf 90' lang='lat' dir='ltr'>in</span> <span class='ocrx_word' id='word_1_404' title='bbox 1576 4335 1703 4392; x_wconf 89' lang='lat' dir='ltr'>schedas</span> <span class='ocrx_word' id='word_1_405' title='bbox 1722 4335 1829 4392; x_wconf 89' lang='lat' dir='ltr'>retulit.</span> 
     </span>
    </p>
   </div>
   <div class='ocr_carea' id='block_1_13' title="bbox 112 4474 1868 5191">
    <p class='ocr_par' dir='ltr' id='par_1_13' title="bbox 112 4474 1868 4839">
     <span class='ocr_line' id='line_1_39' title="bbox 152 4474 1831 4552; baseline -0.003 -20"><span class='ocrx_word' id='word_1_406' title='bbox 152 4477 189 4548; x_wconf 89' lang='grc'>(1)</span> <span class='ocrx_word' id='word_1_407' title='bbox 204 4482 223 4533; x_wconf 92' lang='lat' dir='ltr'>t.</span> <span class='ocrx_word' id='word_1_408' title='bbox 242 4480 283 4534; x_wconf 88' lang='grc'>13.</span> <span class='ocrx_word' id='word_1_409' title='bbox 301 4479 334 4532; x_wconf 80' lang='grc' dir='ltr'>Α.</span> <span class='ocrx_word' id='word_1_410' title='bbox 351 4477 510 4533; x_wconf 76' lang='lat' dir='ltr'>berhtoldo</span> <span class='ocrx_word' id='word_1_411' title='bbox 526 4493 622 4547; x_wconf 84' lang='lat' dir='ltr'>genus</span> <span class='ocrx_word' id='word_1_412' title='bbox 638 4481 782 4536; x_wconf 90' lang='lat' dir='ltr'>comitum</span> <span class='ocrx_word' id='word_1_413' title='bbox 799 4479 836 4535; x_wconf 91' lang='lat' dir='ltr'>de</span> <span class='ocrx_word' id='word_1_414' title='bbox 852 4480 945 4536; x_wconf 84' lang='lat' dir='ltr'>cham</span> <span class='ocrx_word' id='word_1_415' title='bbox 999 4475 1154 4548; x_wconf 87' lang='lat' dir='ltr'>nequibat,</span> <span class='ocrx_word' id='word_1_416' title='bbox 1171 4489 1239 4530; x_wconf 92' lang='lat' dir='ltr'>eum</span> <span class='ocrx_word' id='word_1_417' title='bbox 1256 4474 1286 4531; x_wconf 89' lang='lat' dir='ltr'>td</span> <span class='ocrx_word' id='word_1_418' title='bbox 1313 4474 1438 4531; x_wconf 88' lang='lat' dir='ltr'>ileinrici</span> <span class='ocrx_word' id='word_1_419' title='bbox 1454 4478 1475 4530; x_wconf 95' lang='lat' dir='ltr'>ll</span> <span class='ocrx_word' id='word_1_420' title='bbox 1503 4479 1647 4549; x_wconf 88' lang='lat' dir='ltr'>tempore,</span> <span class='ocrx_word' id='word_1_421' title='bbox 1672 4475 1691 4530; x_wconf 91' lang='lat' dir='ltr'>i.</span> <span class='ocrx_word' id='word_1_422' title='bbox 1712 4489 1737 4529; x_wconf 90' lang='lat' dir='ltr'>e.</span> <span class='ocrx_word' id='word_1_423' title='bbox 1762 4477 1831 4552; x_wconf 76' lang='lat' dir='ltr'>ante</span> 
     </span>
     <span class='ocr_line' id='line_1_40' title="bbox 114 4545 1793 4622; baseline -0.004 -19"><span class='ocrx_word' id='word_1_424' title='bbox 114 4547 311 4618; x_wconf 87' lang='lat' dir='ltr'>etVoehburg</span> <span class='ocrx_word' id='word_1_425' title='bbox 322 4547 480 4604; x_wconf 89' lang='lat' dir='ltr'>deducitur</span> <span class='ocrx_word' id='word_1_426' title='bbox 520 4564 582 4622; x_wconf 92' lang='lat' dir='ltr'>quo</span> <span class='ocrx_word' id='word_1_427' title='bbox 609 4550 721 4606; x_wconf 85' lang='lat' dir='ltr'>tactum</span> <span class='ocrx_word' id='word_1_428' title='bbox 738 4556 784 4606; x_wconf 81' lang='lat' dir='ltr'>est</span> <span class='ocrx_word' id='word_1_429' title='bbox 808 4555 841 4606; x_wconf 93' lang='lat' dir='ltr'>ut</span> <span class='ocrx_word' id='word_1_430' title='bbox 855 4551 945 4607; x_wconf 90' lang='lat' dir='ltr'>etiam</span> <span class='ocrx_word' id='word_1_431' title='bbox 1000 4565 1027 4604; x_wconf 89' lang='lat' dir='ltr'>a.</span> <span class='ocrx_word' id='word_1_432' title='bbox 1043 4551 1111 4604; x_wconf 74' lang='grc'>1324</span> <span class='ocrx_word' id='word_1_433' title='bbox 1126 4551 1301 4620; x_wconf 88' lang='lat' dir='ltr'>susceptum</span> <span class='ocrx_word' id='word_1_434' title='bbox 1314 4562 1395 4602; x_wconf 91' lang='lat' dir='ltr'>anno</span> <span class='ocrx_word' id='word_1_435' title='bbox 1410 4545 1534 4602; x_wconf 88' lang='lat' dir='ltr'>demum</span> <span class='ocrx_word' id='word_1_436' title='bbox 1553 4545 1793 4615; x_wconf 83' lang='lat' dir='ltr'>t030aeceper1t.</span> 
     </span>
     <span class='ocr_line' id='line_1_41' title="bbox 116 4593 1868 4700; baseline -0.004 -26"><span class='ocrx_word' id='word_1_437' title='bbox 116 4619 282 4674; x_wconf 72' lang='lat' dir='ltr'>arnoldum</span> <span class='ocrx_word' id='word_1_438' title='bbox 308 4619 347 4676; x_wconf 91' lang='lat' dir='ltr'>ad</span> <span class='ocrx_word' id='word_1_439' title='bbox 374 4619 452 4676; x_wconf 86' lang='lat' dir='ltr'>hanc</span> <span class='ocrx_word' id='word_1_440' title='bbox 479 4593 625 4678; x_wconf 64' lang='lat' dir='ltr'>lautitiam</span> <span class='ocrx_word' id='word_1_441' title='bbox 638 4621 723 4677; x_wconf 90' lang='lat' dir='ltr'>multi</span> <span class='ocrx_word' id='word_1_442' title='bbox 744 4622 895 4677; x_wconf 81' lang='lat' dir='ltr'>referrent.</span> <span class='ocrx_word' id='word_1_443' title='bbox 912 4655 946 4662; x_wconf 97' lang='lat'>—</span> <span class='ocrx_word' id='word_1_444' title='bbox 1036 4622 1073 4690; x_wconf 77' lang='grc' dir='ltr'>(ὅ)</span> <span class='ocrx_word' id='word_1_445' title='bbox 1088 4619 1124 4674; x_wconf 82' lang='lat' dir='ltr'>In</span> <span class='ocrx_word' id='word_1_446' title='bbox 1139 4619 1269 4700; x_wconf 69' lang='lat' dir='ltr'>adveatu</span> <span class='ocrx_word' id='word_1_447' title='bbox 1285 4623 1431 4699; x_wconf 70' lang='lat' dir='ltr'>vestro-</span> <span class='ocrx_word' id='word_1_448' title='bbox 1451 4619 1530 4672; x_wconf 80' lang='lat' dir='ltr'>venit</span> <span class='ocrx_word' id='word_1_449' title='bbox 1551 4615 1670 4672; x_wconf 78' lang='lat' dir='ltr'>libellus</span> <span class='ocrx_word' id='word_1_450' title='bbox 1686 4629 1693 4667; x_wconf 91' lang='lat'>:</span> <span class='ocrx_word' id='word_1_451' title='bbox 1709 4611 1832 4694; x_wconf 36' lang='grc' dir='ltr'>111113υῆ</span> <span class='ocrx_word' id='word_1_452' title='bbox 1865 4667 1868 4676; x_wconf 73' lang='grc'>,</span> 
     </span>
     <span class='ocr_line' id='line_1_42' title="bbox 114 4687 1832 4765; baseline -0.005 -19"><span class='ocrx_word' id='word_1_453' title='bbox 114 4695 180 4763; x_wconf 85' lang='lat' dir='ltr'>lpse</span> <span class='ocrx_word' id='word_1_454' title='bbox 196 4691 216 4754; x_wconf 82' lang='lat' dir='ltr'>l,</span> <span class='ocrx_word' id='word_1_455' title='bbox 234 4695 276 4758; x_wconf 90' lang='grc'>13,</span> <span class='ocrx_word' id='word_1_456' title='bbox 292 4691 406 4764; x_wconf 86' lang='lat' dir='ltr'>neptim</span> <span class='ocrx_word' id='word_1_457' title='bbox 430 4691 661 4765; x_wconf 83' lang='lat' dir='ltr'>nominat,quae</span> <span class='ocrx_word' id='word_1_458' title='bbox 677 4693 872 4749; x_wconf 80' lang='lat' dir='ltr'>Adalrammo</span> <span class='ocrx_word' id='word_1_459' title='bbox 895 4708 947 4748; x_wconf 93' lang='lat' dir='ltr'>no·</span> <span class='ocrx_word' id='word_1_460' title='bbox 1002 4691 1149 4747; x_wconf 82' lang='lat' dir='ltr'>churdum</span> <span class='ocrx_word' id='word_1_461' title='bbox 1176 4689 1287 4745; x_wconf 79' lang='lat' dir='ltr'>scribit.</span> <span class='ocrx_word' id='word_1_462' title='bbox 1320 4689 1457 4744; x_wconf 86' lang='lat' dir='ltr'>Hrcvero</span> <span class='ocrx_word' id='word_1_463' title='bbox 1484 4703 1503 4742; x_wconf 93' lang='lat' dir='ltr'>a</span> <span class='ocrx_word' id='word_1_464' title='bbox 1530 4689 1609 4750; x_wconf 83' lang='grc'>1036,</span> <span class='ocrx_word' id='word_1_465' title='bbox 1624 4698 1661 4740; x_wconf 82' lang='lat' dir='ltr'>ex</span> <span class='ocrx_word' id='word_1_466' title='bbox 1690 4687 1832 4762; x_wconf 71' lang='lat' dir='ltr'>tugiensi</span> 
     </span>
     <span class='ocr_line' id='line_1_43' title="bbox 112 4755 1830 4839; baseline -0.005 -22"><span class='ocrx_word' id='word_1_467' title='bbox 112 4762 246 4817; x_wconf 83' lang='lat' dir='ltr'>hiliriro</span> <span class='ocrx_word' id='word_1_468' title='bbox 261 4766 415 4832; x_wconf 90' lang='lat' dir='ltr'>nupserat.</span> <span class='ocrx_word' id='word_1_469' title='bbox 1002 4760 1184 4818; x_wconf 86' lang='lat' dir='ltr'>monasterio</span> <span class='ocrx_word' id='word_1_470' title='bbox 1213 4759 1252 4817; x_wconf 93' lang='lat' dir='ltr'>ad</span> <span class='ocrx_word' id='word_1_471' title='bbox 1284 4758 1533 4839; x_wconf 79' lang='lat' dir='ltr'>Ratishonensem</span> <span class='ocrx_word' id='word_1_472' title='bbox 1561 4755 1658 4811; x_wconf 88' lang='lat' dir='ltr'>abbas</span> <span class='ocrx_word' id='word_1_473' title='bbox 1687 4756 1830 4820; x_wconf 82' lang='lat' dir='ltr'>ren1t;v.</span> 
     </span>
    </p>

    <p class='ocr_par' dir='ltr' id='par_1_14' title="bbox 113 4823 1833 5052">
     <span class='ocr_line' id='line_1_44' title="bbox 150 4823 1833 4905; baseline -0.006 -17"><span class='ocrx_word' id='word_1_474' title='bbox 150 4833 185 4903; x_wconf 74' lang='lat' dir='ltr'>(l)</span> <span class='ocrx_word' id='word_1_475' title='bbox 199 4832 344 4888; x_wconf 85' lang='lat' dir='ltr'>Eumdem</span> <span class='ocrx_word' id='word_1_476' title='bbox 356 4849 422 4888; x_wconf 86' lang='lat' dir='ltr'>esse</span> <span class='ocrx_word' id='word_1_477' title='bbox 445 4848 536 4905; x_wconf 88' lang='lat' dir='ltr'>quem</span> <span class='ocrx_word' id='word_1_478' title='bbox 563 4835 740 4890; x_wconf 85' lang='lat' dir='ltr'>&#39;tritbemius</span> <span class='ocrx_word' id='word_1_479' title='bbox 769 4834 946 4904; x_wconf 86' lang='lat' dir='ltr'>magistrum</span> <span class='ocrx_word' id='word_1_480' title='bbox 1000 4838 1076 4889; x_wconf 85' lang='lat' dir='ltr'>Ann.</span> <span class='ocrx_word' id='word_1_481' title='bbox 1092 4835 1120 4889; x_wconf 93' lang='lat' dir='ltr'>S.</span> <span class='ocrx_word' id='word_1_482' title='bbox 1134 4829 1348 4887; x_wconf 78' lang='lat' dir='ltr'>llmmerammi</span> <span class='ocrx_word' id='word_1_483' title='bbox 1364 4844 1436 4885; x_wconf 92' lang='grc'>111111.</span> <span class='ocrx_word' id='word_1_484' title='bbox 1453 4830 1529 4885; x_wconf 91' lang='lat' dir='ltr'>lton.</span> <span class='ocrx_word' id='word_1_485' title='bbox 1547 4828 1596 4883; x_wconf 91' lang='lat' dir='ltr'>SS.</span> <span class='ocrx_word' id='word_1_486' title='bbox 1620 4828 1641 4888; x_wconf 88' lang='lat'>1.</span> <span class='ocrx_word' id='word_1_487' title='bbox 1657 4839 1688 4897; x_wconf 83' lang='lat' dir='ltr'>p.</span> <span class='ocrx_word' id='word_1_488' title='bbox 1702 4826 1746 4890; x_wconf 87' lang='grc'>94,</span> <span class='ocrx_word' id='word_1_489' title='bbox 1764 4823 1833 4879; x_wconf 88' lang='lat' dir='ltr'>ller-</span> 
     </span>
     <span class='ocr_line' id='line_1_45' title="bbox 115 4903 1428 4978; baseline -0.003 -19"><span class='ocrx_word' id='word_1_490' title='bbox 115 4903 295 4960; x_wconf 84' lang='lat' dir='ltr'>Putdensem</span> <span class='ocrx_word' id='word_1_491' title='bbox 310 4903 400 4960; x_wconf 87' lang='lat' dir='ltr'>tuisse</span> <span class='ocrx_word' id='word_1_492' title='bbox 421 4907 451 4959; x_wconf 89' lang='lat' dir='ltr'>et</span> <span class='ocrx_word' id='word_1_493' title='bbox 476 4904 644 4962; x_wconf 83' lang='lat' dir='ltr'>Chronicon</span> <span class='ocrx_word' id='word_1_494' title='bbox 658 4906 803 4962; x_wconf 87' lang='lat' dir='ltr'>Fuldense</span> <span class='ocrx_word' id='word_1_495' title='bbox 828 4905 946 4978; x_wconf 91' lang='lat' dir='ltr'>aliaque</span> <span class='ocrx_word' id='word_1_496' title='bbox 1002 4919 1106 4960; x_wconf 90' lang='lat' dir='ltr'>mann.</span> <span class='ocrx_word' id='word_1_497' title='bbox 1124 4905 1284 4968; x_wconf 80' lang='lat' dir='ltr'>Contract,</span> <span class='ocrx_word' id='word_1_498' title='bbox 1306 4917 1333 4956; x_wconf 91' lang='lat' dir='ltr'>a.</span> <span class='ocrx_word' id='word_1_499' title='bbox 1351 4903 1428 4956; x_wconf 88' lang='grc'>1030.</span> 
     </span>
     <span class='ocr_line' id='line_1_46' title="bbox 113 4973 1744 5052; baseline -0.001 -22"><span class='ocrx_word' id='word_1_500' title='bbox 113 4975 209 5030; x_wconf 90' lang='lat' dir='ltr'>multa</span> <span class='ocrx_word' id='word_1_501' title='bbox 224 4975 376 5048; x_wconf 85' lang='lat' dir='ltr'>scripsisse</span> <span class='ocrx_word' id='word_1_502' title='bbox 402 4973 473 5030; x_wconf 90' lang='lat' dir='ltr'>dicit</span> <span class='ocrx_word' id='word_1_503' title='bbox 487 4975 611 5045; x_wconf 64' lang='lat' dir='ltr'>(Ceron.</span> <span class='ocrx_word' id='word_1_504' title='bbox 642 4979 945 5046; x_wconf 64' lang='lat' dir='ltr'>descirpserat.</span> <span class='ocrx_word' id='word_1_505' title='bbox 1038 4976 1187 5046; x_wconf 74' lang='grc'>(6)11.53.</span> <span class='ocrx_word' id='word_1_506' title='bbox 1255 5041 1260 5052; x_wconf 94' lang='lat'>.</span> <span class='ocrx_word' id='word_1_507' title='bbox 1296 5041 1301 5052; x_wconf 40' lang='grc' dir='ltr'>Ι</span> <span class='ocrx_word' id='word_1_508' title='bbox 1344 5041 1349 5052; x_wconf 94' lang='lat'>.</span> <span class='ocrx_word' id='word_1_509' title='bbox 1695 5035 1700 5046; x_wconf 57' lang='grc'>,</span> <span class='ocrx_word' id='word_1_510' title='bbox 1738 5035 1744 5046; x_wconf 57' lang='grc'>,</span> 
     </span>
    </p>

    <p class='ocr_par' dir='ltr' id='par_1_15' title="bbox 113 5039 1832 5191">
     <span class='ocr_line' id='line_1_47' title="bbox 138 5039 1832 5123; baseline -0.006 -22"><span class='ocrx_word' id='word_1_511' title='bbox 138 5049 236 5110; x_wconf 76' lang='grc'>.133),</span> <span class='ocrx_word' id='word_1_512' title='bbox 249 5045 384 5102; x_wconf 87' lang='lat' dir='ltr'>Canisius</span> <span class='ocrx_word' id='word_1_513' title='bbox 400 5049 444 5112; x_wconf 93' lang='grc'>(11.</span> <span class='ocrx_word' id='word_1_514' title='bbox 473 5046 576 5112; x_wconf 63' lang='lat' dir='ltr'>Praete,</span> <span class='ocrx_word' id='word_1_515' title='bbox 604 5047 788 5118; x_wconf 79' lang='lat' dir='ltr'>Vossiustdc</span> <span class='ocrx_word' id='word_1_516' title='bbox 805 5049 844 5103; x_wconf 87' lang='lat' dir='ltr'>H.</span> <span class='ocrx_word' id='word_1_517' title='bbox 863 5049 894 5103; x_wconf 82' lang='lat' dir='ltr'>L.</span> <span class='ocrx_word' id='word_1_518' title='bbox 913 5050 946 5117; x_wconf 91' lang='lat' dir='ltr'>ll,</span> <span class='ocrx_word' id='word_1_519' title='bbox 1037 5052 1076 5114; x_wconf 77' lang='grc'>(7)</span> <span class='ocrx_word' id='word_1_520' title='bbox 1092 5042 1262 5123; x_wconf 81' lang='lat' dir='ltr'>insecandi</span> <span class='ocrx_word' id='word_1_521' title='bbox 1283 5041 1391 5096; x_wconf 86' lang='lat' dir='ltr'>hbrra.</span> <span class='ocrx_word' id='word_1_522' title='bbox 1408 5041 1476 5121; x_wconf 73' lang='grc'>1033</span> <span class='ocrx_word' id='word_1_523' title='bbox 1492 5039 1613 5093; x_wconf 78' lang='lat' dir='ltr'>etloer.</span> <span class='ocrx_word' id='word_1_524' title='bbox 1645 5040 1832 5120; x_wconf 65' lang='lat' dir='ltr'>scrtptrpraa-</span> 
     </span>
     <span class='ocr_line' id='line_1_48' title="bbox 113 5063 1832 5191; baseline -0.006 -18"><span class='ocrx_word' id='word_1_525' title='bbox 113 5063 173 5188; x_wconf 51' lang='lat' dir='ltr'>ft.)</span> <span class='ocrx_word' id='word_1_526' title='bbox 188 5115 297 5190; x_wconf 85' lang='lat' dir='ltr'>aliique</span> <span class='ocrx_word' id='word_1_527' title='bbox 310 5121 456 5191; x_wconf 90' lang='lat' dir='ltr'>putarunt</span> <span class='ocrx_word' id='word_1_528' title='bbox 472 5133 479 5185; x_wconf 90' lang='lat'>;</span> <span class='ocrx_word' id='word_1_529' title='bbox 495 5117 547 5172; x_wconf 90' lang='lat' dir='ltr'>sed</span> <span class='ocrx_word' id='word_1_530' title='bbox 559 5119 591 5172; x_wconf 86' lang='lat' dir='ltr'>C.</span> <span class='ocrx_word' id='word_1_531' title='bbox 609 5119 783 5190; x_wconf 83' lang='lat' dir='ltr'>Suyskenus</span> <span class='ocrx_word' id='word_1_532' title='bbox 800 5120 876 5190; x_wconf 84' lang='lat' dir='ltr'>(Aet.</span> <span class='ocrx_word' id='word_1_533' title='bbox 892 5118 945 5174; x_wconf 89' lang='lat' dir='ltr'>SS.</span> <span class='ocrx_word' id='word_1_534' title='bbox 1001 5117 1111 5172; x_wconf 86' lang='lat' dir='ltr'>latione</span> <span class='ocrx_word' id='word_1_535' title='bbox 1126 5114 1216 5168; x_wconf 76' lang='lat' dir='ltr'>dicit:</span> <span class='ocrx_word' id='word_1_536' title='bbox 1233 5126 1317 5183; x_wconf 82' lang='lat' dir='ltr'>quem</span> <span class='ocrx_word' id='word_1_537' title='bbox 1344 5114 1498 5180; x_wconf 73' lang='lat' dir='ltr'>proterere</span> <span class='ocrx_word' id='word_1_538' title='bbox 1516 5123 1597 5165; x_wconf 76' lang='lat' dir='ltr'>antro</span> <span class='ocrx_word' id='word_1_539' title='bbox 1621 5107 1657 5164; x_wconf 77' lang='lat' dir='ltr'>de</span> <span class='ocrx_word' id='word_1_540' title='bbox 1675 5109 1832 5164; x_wconf 68' lang='lat' dir='ltr'>maraculo</span> 
     </span>
    </p>
   </div>
   <div class='ocr_carea' id='block_1_14' title="bbox 115 5183 1397 5316">
    <p class='ocr_par' dir='ltr' id='par_1_16' title="bbox 115 5183 1397 5316">
     <span class='ocr_line' id='line_1_49' title="bbox 115 5183 1397 5316; baseline -0.008 -70"><span class='ocrx_word' id='word_1_541' title='bbox 115 5191 195 5261; x_wconf 87' lang='lat' dir='ltr'>Sept.</span> <span class='ocrx_word' id='word_1_542' title='bbox 209 5189 243 5244; x_wconf 87' lang='lat' dir='ltr'>vt</span> <span class='ocrx_word' id='word_1_543' title='bbox 254 5191 471 5316; x_wconf 66' lang='lat' dir='ltr'>apc.t15tl)recte</span> <span class='ocrx_word' id='word_1_544' title='bbox 487 5193 600 5257; x_wconf 89' lang='lat' dir='ltr'>monet,</span> <span class='ocrx_word' id='word_1_545' title='bbox 616 5188 697 5246; x_wconf 91' lang='lat' dir='ltr'>hune</span> <span class='ocrx_word' id='word_1_546' title='bbox 711 5189 876 5246; x_wconf 89' lang='lat' dir='ltr'>secundum</span> <span class='ocrx_word' id='word_1_547' title='bbox 887 5189 947 5244; x_wconf 90' lang='lat' dir='ltr'>Tri-</span> <span class='ocrx_word' id='word_1_548' title='bbox 1003 5186 1239 5254; x_wconf 66' lang='lat' dir='ltr'>conscripseram</span> <span class='ocrx_word' id='word_1_549' title='bbox 1254 5183 1397 5238; x_wconf 76' lang='lat' dir='ltr'>lebeltum.</span> 
     </span>
    </p>
   </div>
   <div class='ocr_carea' id='block_1_15' title="bbox 114 5251 1835 5761">
    <p class='ocr_par' dir='ltr' id='par_1_17' title="bbox 115 5251 1470 5332">
     <span class='ocr_line' id='line_1_50' title="bbox 115 5251 1470 5332; baseline -0.009 -16"><span class='ocrx_word' id='word_1_550' title='bbox 115 5259 252 5316; x_wconf 88' lang='lat' dir='ltr'>themiie</span> <span class='ocrx_word' id='word_1_551' title='bbox 302 5258 368 5316; x_wconf 91' lang='lat' dir='ltr'>ulos</span> <span class='ocrx_word' id='word_1_552' title='bbox 394 5261 435 5332; x_wconf 84' lang='lat' dir='ltr'>(p.</span> <span class='ocrx_word' id='word_1_553' title='bbox 453 5259 590 5330; x_wconf 75' lang='lat' dir='ltr'>ltttjam</span> <span class='ocrx_word' id='word_1_554' title='bbox 612 5274 640 5316; x_wconf 91' lang='lat' dir='ltr'>a.</span> <span class='ocrx_word' id='word_1_555' title='bbox 658 5262 736 5315; x_wconf 86' lang='grc'>1010.</span> <span class='ocrx_word' id='word_1_556' title='bbox 766 5259 885 5316; x_wconf 86' lang='lat' dir='ltr'>obiisse.</span> <span class='ocrx_word' id='word_1_557' title='bbox 916 5263 991 5316; x_wconf 82' lang='lat' dir='ltr'>inl)</span> <span class='ocrx_word' id='word_1_558' title='bbox 1043 5258 1068 5326; x_wconf 88' lang='lat'>(8</span> <span class='ocrx_word' id='word_1_559' title='bbox 1094 5255 1182 5327; x_wconf 86' lang='lat' dir='ltr'>Epist.</span> <span class='ocrx_word' id='word_1_560' title='bbox 1200 5251 1470 5309; x_wconf 88' lang='lat' dir='ltr'>edBurehardum.</span> 
     </span>
    </p>

    <p class='ocr_par' dir='ltr' id='par_1_18' title="bbox 114 5320 1833 5408">
     <span class='ocr_line' id='line_1_51' title="bbox 114 5320 1833 5408; baseline -0.005 -22"><span class='ocrx_word' id='word_1_561' title='bbox 114 5330 289 5402; x_wconf 87' lang='lat' dir='ltr'>Necrologio</span> <span class='ocrx_word' id='word_1_562' title='bbox 302 5330 439 5386; x_wconf 83' lang='lat' dir='ltr'>Puldensi</span> <span class='ocrx_word' id='word_1_563' title='bbox 454 5343 525 5385; x_wconf 85' lang='lat' dir='ltr'>vero</span> <span class='ocrx_word' id='word_1_564' title='bbox 537 5329 612 5386; x_wconf 91' lang='lat' dir='ltr'>inter</span> <span class='ocrx_word' id='word_1_565' title='bbox 627 5345 654 5386; x_wconf 93' lang='lat' dir='ltr'>a.</span> <span class='ocrx_word' id='word_1_566' title='bbox 672 5333 830 5396; x_wconf 72' lang='lat' dir='ltr'>two-toto,</span> <span class='ocrx_word' id='word_1_567' title='bbox 848 5331 948 5387; x_wconf 90' lang='lat' dir='ltr'>nullus</span> <span class='ocrx_word' id='word_1_568' title='bbox 1040 5329 1066 5393; x_wconf 86' lang='grc'>(3</span> <span class='ocrx_word' id='word_1_569' title='bbox 1090 5329 1120 5382; x_wconf 84' lang='lat' dir='ltr'>C.</span> <span class='ocrx_word' id='word_1_570' title='bbox 1132 5329 1165 5408; x_wconf 67' lang='grc'>33</span> <span class='ocrx_word' id='word_1_571' title='bbox 1178 5341 1187 5408; x_wconf 82' lang='lat'>².</span> <span class='ocrx_word' id='word_1_572' title='bbox 1201 5339 1282 5380; x_wconf 83' lang='lat' dir='ltr'>nunc</span> <span class='ocrx_word' id='word_1_573' title='bbox 1297 5328 1391 5405; x_wconf 79' lang='lat' dir='ltr'>restat</span> <span class='ocrx_word' id='word_1_574' title='bbox 1402 5329 1435 5377; x_wconf 84' lang='lat' dir='ltr'>ut</span> <span class='ocrx_word' id='word_1_575' title='bbox 1449 5320 1611 5406; x_wconf 72' lang='lat' dir='ltr'>secundum</span> <span class='ocrx_word' id='word_1_576' title='bbox 1627 5327 1833 5406; x_wconf 36' lang='lat' dir='ltr'>nemen&#39;tuum</span> 
     </span>
    </p>

    <p class='ocr_par' dir='ltr' id='par_1_19' title="bbox 115 5393 1834 5470">
     <span class='ocr_line' id='line_1_52' title="bbox 115 5393 1834 5470; baseline -0.008 -11"><span class='ocrx_word' id='word_1_577' title='bbox 115 5401 318 5470; x_wconf 83' lang='lat' dir='ltr'>liegintrelus</span> <span class='ocrx_word' id='word_1_578' title='bbox 332 5401 469 5457; x_wconf 90' lang='lat' dir='ltr'>occurrit.</span> <span class='ocrx_word' id='word_1_579' title='bbox 498 5399 601 5457; x_wconf 89' lang='lat' dir='ltr'>Nescio</span> <span class='ocrx_word' id='word_1_580' title='bbox 626 5415 665 5456; x_wconf 84' lang='lat' dir='ltr'>an</span> <span class='ocrx_word' id='word_1_581' title='bbox 693 5399 869 5457; x_wconf 74' lang='lat' dir='ltr'>trithemius</span> <span class='ocrx_word' id='word_1_582' title='bbox 894 5417 949 5458; x_wconf 89' lang='lat' dir='ltr'>sua</span> <span class='ocrx_word' id='word_1_583' title='bbox 1003 5397 1194 5460; x_wconf 77' lang='lat' dir='ltr'>oCottecttte,</span> <span class='ocrx_word' id='word_1_584' title='bbox 1210 5409 1276 5466; x_wconf 75' lang='lat' dir='ltr'>qua</span> <span class='ocrx_word' id='word_1_585' title='bbox 1290 5393 1611 5464; x_wconf 73' lang='lat' dir='ltr'>postlimecoltrpendu</span> <span class='ocrx_word' id='word_1_586' title='bbox 1630 5399 1691 5449; x_wconf 79' lang='lat' dir='ltr'>sent</span> <span class='ocrx_word' id='word_1_587' title='bbox 1708 5393 1834 5462; x_wconf 77' lang='lat' dir='ltr'>detegen-</span> 
     </span>
    </p>

    <p class='ocr_par' dir='ltr' id='par_1_20' title="bbox 114 5464 1835 5687">
     <span class='ocr_line' id='line_1_53' title="bbox 114 5464 1808 5544; baseline -0.006 -16"><span class='ocrx_word' id='word_1_588' title='bbox 114 5488 151 5528; x_wconf 86' lang='lat' dir='ltr'>ex</span> <span class='ocrx_word' id='word_1_589' title='bbox 164 5472 288 5541; x_wconf 89' lang='lat' dir='ltr'>ingenio</span> <span class='ocrx_word' id='word_1_590' title='bbox 301 5472 432 5528; x_wconf 87' lang='lat' dir='ltr'>tinxerit.</span> <span class='ocrx_word' id='word_1_591' title='bbox 1004 5475 1049 5528; x_wconf 85' lang='lat' dir='ltr'>ter</span> <span class='ocrx_word' id='word_1_592' title='bbox 1058 5467 1287 5525; x_wconf 75' lang='lat' dir='ltr'>subarrabantur</span> <span class='ocrx_word' id='word_1_593' title='bbox 1301 5481 1312 5522; x_wconf 94' lang='grc'>.·</span> <span class='ocrx_word' id='word_1_594' title='bbox 1327 5464 1364 5520; x_wconf 92' lang='lat' dir='ltr'>el.</span> <span class='ocrx_word' id='word_1_595' title='bbox 1383 5481 1408 5520; x_wconf 92' lang='lat' dir='ltr'>c.</span> <span class='ocrx_word' id='word_1_596' title='bbox 1424 5467 1467 5520; x_wconf 83' lang='lat' dir='ltr'>ee.</span> <span class='ocrx_word' id='word_1_597' title='bbox 1802 5533 1808 5544; x_wconf 31' lang='grc' dir='ltr'>Ι</span> 
     </span>
     <span class='ocr_line' id='line_1_54' title="bbox 162 5537 1835 5669; baseline -0.005 -71"><span class='ocrx_word' id='word_1_598' title='bbox 162 5545 187 5614; x_wconf 93' lang='grc'>3)</span> <span class='ocrx_word' id='word_1_599' title='bbox 202 5543 325 5599; x_wconf 76' lang='lat' dir='ltr'>arnoldi</span> <span class='ocrx_word' id='word_1_600' title='bbox 340 5545 427 5669; x_wconf 76' lang='lat' dir='ltr'>epist.</span> <span class='ocrx_word' id='word_1_601' title='bbox 445 5541 483 5599; x_wconf 89' lang='lat' dir='ltr'>ad</span> <span class='ocrx_word' id='word_1_602' title='bbox 498 5541 699 5599; x_wconf 75' lang='lat' dir='ltr'>buchardum.</span> <span class='ocrx_word' id='word_1_603' title='bbox 1038 5541 1094 5612; x_wconf 85' lang='lat' dir='ltr'>(tot</span> <span class='ocrx_word' id='word_1_604' title='bbox 1110 5539 1141 5593; x_wconf 86' lang='lat' dir='ltr'>C.</span> <span class='ocrx_word' id='word_1_605' title='bbox 1158 5541 1192 5593; x_wconf 84' lang='lat'>50</span> <span class='ocrx_word' id='word_1_606' title='bbox 1209 5553 1216 5591; x_wconf 91' lang='lat'>:</span> <span class='ocrx_word' id='word_1_607' title='bbox 1233 5537 1421 5620; x_wconf 80' lang='lat' dir='ltr'>opusculum.</span> <span class='ocrx_word' id='word_1_608' title='bbox 1444 5579 1450 5590; x_wconf 93' lang='lat'>.</span> <span class='ocrx_word' id='word_1_609' title='bbox 1471 5549 1656 5619; x_wconf 66' lang='lat' dir='ltr'>quorumque</span> <span class='ocrx_word' id='word_1_610' title='bbox 1670 5549 1725 5606; x_wconf 85' lang='lat' dir='ltr'>per</span> <span class='ocrx_word' id='word_1_611' title='bbox 1739 5547 1835 5590; x_wconf 84' lang='lat' dir='ltr'>verte·</span> 
     </span>
     <span class='ocr_line' id='line_1_55' title="bbox 161 5607 1601 5687; baseline -0.006 -16"><span class='ocrx_word' id='word_1_612' title='bbox 161 5617 190 5686; x_wconf 86' lang='grc'>4)</span> <span class='ocrx_word' id='word_1_613' title='bbox 206 5619 249 5671; x_wconf 89' lang='lat' dir='ltr'>lta</span> <span class='ocrx_word' id='word_1_614' title='bbox 262 5615 394 5687; x_wconf 78' lang='lat' dir='ltr'>epistota</span> <span class='ocrx_word' id='word_1_615' title='bbox 405 5613 499 5670; x_wconf 86' lang='lat' dir='ltr'>verba</span> <span class='ocrx_word' id='word_1_616' title='bbox 512 5612 703 5684; x_wconf 79' lang='lat' dir='ltr'>intelligentta</span> <span class='ocrx_word' id='word_1_617' title='bbox 718 5627 784 5668; x_wconf 89' lang='lat' dir='ltr'>esse</span> <span class='ocrx_word' id='word_1_618' title='bbox 816 5615 949 5670; x_wconf 81' lang='lat' dir='ltr'>utotlam</span> <span class='ocrx_word' id='word_1_619' title='bbox 1004 5619 1095 5672; x_wconf 82' lang='lat' dir='ltr'>tatem</span> <span class='ocrx_word' id='word_1_620' title='bbox 1111 5613 1326 5670; x_wconf 80' lang='lat' dir='ltr'>sentenuarum</span> <span class='ocrx_word' id='word_1_621' title='bbox 1344 5613 1485 5678; x_wconf 75' lang='lat' dir='ltr'>rugatum</span> <span class='ocrx_word' id='word_1_622' title='bbox 1494 5607 1601 5676; x_wconf 73' lang='lat' dir='ltr'>suem.</span> 
     </span>
    </p>

    <p class='ocr_par' dir='ltr' id='par_1_21' title="bbox 117 5682 949 5761">
     <span class='ocr_line' id='line_1_56' title="bbox 117 5682 949 5761; baseline -0.001 -19"><span class='ocrx_word' id='word_1_623' title='bbox 117 5705 125 5726; x_wconf 85' lang='lat'><strong>·</strong></span> <span class='ocrx_word' id='word_1_624' title='bbox 144 5684 151 5696; x_wconf 89' lang='lat'>’</span> <span class='ocrx_word' id='word_1_625' title='bbox 177 5701 214 5742; x_wconf 82' lang='lat' dir='ltr'>us</span> <span class='ocrx_word' id='word_1_626' title='bbox 229 5686 317 5744; x_wconf 85' lang='lat' dir='ltr'>annis</span> <span class='ocrx_word' id='word_1_627' title='bbox 331 5683 593 5761; x_wconf 83' lang='lat' dir='ltr'>epuaebsotntum</span> <span class='ocrx_word' id='word_1_628' title='bbox 605 5682 780 5750; x_wconf 73' lang='lat' dir='ltr'>essebrnol</span> <span class='ocrx_word' id='word_1_629' title='bbox 803 5699 839 5741; x_wconf 85' lang='lat' dir='ltr'>us</span> <span class='ocrx_word' id='word_1_630' title='bbox 851 5683 949 5741; x_wconf 87' lang='lat' dir='ltr'>dicere</span> 
     </span>
    </p>
   </div>
   <div class='ocr_carea' id='block_1_16' title="bbox 0 0 2000 6180">
    <p class='ocr_par' dir='ltr' id='par_1_22' title="bbox 0 0 2000 6180">
     <span class='ocr_line' id='line_1_57' title="bbox 0 0 2000 6180; baseline 0 0"><span class='ocrx_word' id='word_1_631' title='bbox 0 0 2000 6180; x_wconf 95' lang='lat' dir='ltr'> </span> 
     </span>
    </p>
   </div>
  </div>
 </body>
</html>
