3984 6182
94 141 155 194 1063
453 165 455 170 ¹
487 140 532 194 DE
552 137 738 195 ululantis
757 139 785 193 S.
807 133 1014 192 autunum
1035 137 1126 194 cinni
1145 139 1229 199 llUO.
1245 175 1279 184 -
1296 147 1360 202 ΜΒ.
1381 149 1413 203 lt.
1727 161 1797 216 tuac

91 267 218 336 tempore
231 261 367 337 qirodam
382 261 557 320 necessitate
568 266 721 335 poscente,
736 261 797 316 imo
821 256 904 314 chari
932 258 956 309 A
972 258 1096 319 sudasse
1110 263 1207 330 vinea,
1227 267 1418 346 multumque
1432 271 1562 332 fructum
1577 276 1680 336 tulisse
1708 281 1739 338 in
1752 299 1799 342 ea.

90 357 144 409 tate
162 353 296 423 jubente,
313 351 524 427 hospitalitatis
547 352 643 422 gratia
666 355 804 424 receptus
830 347 918 404 estin
971 349 1123 422 Oquanta
1138 353 1249 427 laetitia,
1267 359 1385 417 volante
1405 361 1498 433 fama,
1516 379 1552 419 ex
1566 365 1741 438 hujusmodi
1756 389 1800 430 re-

29 441 33 448 '
89 441 273 497 mansionem
295 440 463 513 quarradam
487 439 626 496 arnobio
650 443 677 497 S.
704 436 918 495 Emmerammi
971 435 1028 491 bus
1056 443 1273 504 transfunditur
1300 449 1329 504 in
1356 449 1435 506 filios
1466 451 1612 523 Ecclesia,
1639 473 1709 516 cum
1735 461 1799 520 haec

88 530 267 598 contiguam.
284 528 337 584 Ubi
350 545 419 584 cum
432 527 572 601 coepissct
583 527 739 597 infirmari,
755 531 825 602 post
845 541 919 600 pau·
970 525 1058 596 longe
1083 530 1200 606 lateque
1216 536 1377 595 audierunt
1405 540 1578 600 solemniter
1592 544 1739 606 celebrata
1762 551 1800 608 de

89 635 138 674 cos
149 617 212 674 dies
225 617 377 674 nimietate
392 617 573 673 valetudinis
585 617 625 673 ad
640 618 728 673 idest
741 616 917 690 perductus,
970 619 1081 674 matre!
1096 621 1187 692 Cujus
1202 625 1244 680 rei
1257 627 1352 694 gratia
1367 632 1408 694 tu,
1421 629 1607 688 adaucturus
1620 638 1801 707 opusculum

90 723 147 780 (ruo
168 707 286 780 ponitus
308 706 518 780 desperaretur
532 707 593 763 rita
616 707 704 762 illius.
726 709 801 763 Tum
820 705 917 762 noctis
970 709 1065 774 tuum,
1086 725 1275 786 quaecunque
1298 717 1400 774 animo
1426 719 1643 779 rationabiliter
1666 741 1802 785 occurre·

90 794 185 851 medio
200 793 286 868 quasi
301 793 338 850 de
354 793 709 864 graricvigilanssomno
723 793 813 850 dixit:
831 792 917 850 outi-
969 795 1036 864 u'nt,
1061 813 1180 856 summa
1205 801 1357 874 diligentia
1382 807 1412 864 in
1441 809 1582 867 horreum
1610 813 1801 874 Dominioum

88 900 157 940 nam
171 877 278 956 mauis
290 883 365 940 mihi
380 883 494 940 deferat
506 900 619 957 aquam
635 884 674 939 ad
689 882 916 940 refocillandam
969 889 1135 957 comporta.
1153 889 1199 945 Sic
1209 892 1288 948 enim
1302 909 1348 965 ea,
1363 912 1431 968 quae
1451 897 1481 953 in
1496 899 1667 972 quadrifido
1682 903 1800 964 climate

88 973 218 1028 animam
240 988 339 1028 meam
356 971 393 1029 de
408 972 489 1029 fonte
506 974 533 1030 S.
557 972 781 1040 Emmerainmi,
798 971 850 1045 qui
873 975 916 1028 est
968 973 1106 1036 munilia
1123 982 1228 1034 sancta
1244 981 1380 1040 Trinitate
1396 990 1466 1042 sunt
1480 986 1568 1058 facta,
1585 993 1739 1068 utcunque
1754 994 1798 1052 lo·

87 1061 116 1118 in
125 1061 254 1119 claustro
266 1061 393 1118 fratrum
414 1064 473 1118 lieo
494 1061 612 1135 sibique
620 1062 816 1119 servientuml
829 1061 916 1128 cuod
967 1077 1038 1118 cum
1050 1063 1207 1123 habebunt
1219 1067 1309 1124 etiam
1324 1069 1354 1129 in
1368 1071 1566 1146 descriptione
1580 1083 1641 1136 tua.
1658 1103 1671 1130 s

88 1167 163 1208 unus
187 1151 362 1219 astantium,
388 1150 505 1223 sibique
522 1153 553 1206 in
573 1151 605 1207 id
620 1151 760 1222 runcoris
775 1151 848 1223 (226)
873 1150 917 1206 fa·
1286 1157 1482 1218 correcturas.

88 1240 263 1297 midantium
283 1239 416 1296 celeriter
429 1239 573 1312 perficere
594 1240 709 1308 volens,
732 1239 862 1296 cucurrit
876 1239 914 1296 ad
1006 1261 1019 1286 c
1035 1239 1110 1305 Quia
1124 1241 1250 1300 strictim
1277 1246 1385 1303 notasti
1408 1253 1539 1320 quatuor
1559 1253 1666 1326 plagas
1680 1260 1797 1330 mundi,

90 1329 252 1396 ecclesiam,
263 1334 302 1398 et,
314 1332 346 1385 ut
361 1328 392 1384 in
406 1328 515 1385 talibus
528 1328 618 1385 rebus
631 1328 697 1384 ficri
708 1327 792 1398 solet,
806 1329 917 1403 impro
967 1325 1079 1399 quibus
1093 1343 1147 1401 per
1161 1336 1268 1404 qnater
1291 1337 1375 1390 terna
1391 1335 1450 1391 sive
1464 1341 1509 1394 ter
1530 1345 1677 1411 quaterna
1699 1343 1800 1404 distin-

89 1418 160 1474 biter
186 1417 318 1492 pulsavit
343 1419 481 1491 januam.
514 1417 569 1487 oiri
597 1434 711 1475 moxa
739 1418 915 1476 custodibus
968 1415 1069 1487 guitur
1094 1417 1234 1491 insignia,
1266 1421 1306 1479 ob
1333 1423 1540 1484 dulcissimam
1562 1431 1681 1502 patroni
1706 1437 1800 1494 nostri

87 1509 284 1577 intromissus,
300 1511 338 1579 et,
365 1508 437 1582 quia
463 1507 618 1564 familiaris
638 1513 710 1578 erat,
739 1508 778 1566 ad
802 1507 913 1565 fontem
968 1506 1159 1578 memoriam,
1181 1508 1282 1582 placet
1306 1513 1505 1572 anterioribus
1528 1515 1623 1575 tribus
1649 1523 1800 1581 miraculis

87 1597 221 1670 emissus,
238 1597 354 1670 absque
369 1596 511 1654 dilatione
533 1596 633 1653 hausit
654 1613 776 1671 aquam,
792 1596 915 1654 adeum
932 1613 952 1666 p
967 1592 1014 1649 hic
1030 1593 1205 1653 subnectere
1232 1613 1327 1656 unuin
1342 1601 1427 1674 quod
1445 1602 1526 1660 idem
1552 1605 1590 1662 sit
1603 1611 1632 1664 et
1644 1616 1798 1686 quartum,

87 1703 173 1760 aquo
187 1685 301 1742 missus
315 1690 361 1742 est
372 1686 537 1743 certissime
551 1690 709 1759 reportans
723 1687 815 1744 illam.
828 1689 915 1744 Cum-
968 1697 1004 1738 ea
1019 1682 1128 1740 seilicet
1141 1685 1255 1743 ratione
1271 1692 1304 1744 ut
1321 1689 1419 1745 unitas
1432 1690 1473 1748 ita
1488 1693 1637 1753 cohaereat
1651 1695 1798 1774 Trinitati,

86 1793 143 1850 que
157 1775 195 1832 de
208 1791 244 1832 ea
259 1791 369 1848 parum
384 1779 537 1845 gustasset
549 1781 692 1848 aegrotus,
705 1792 776 1833 mox
787 1793 841 1850 per
855 1791 915 1834 me·
966 1775 1116 1843 quatenus
1134 1773 1301 1845 probabilis
1316 1778 1502 1849 quaternitas
1526 1780 1653 1842 laterum
1677 1789 1800 1862 aequali·

87 1865 272 1922 horationem
288 1864 345 1921 sibi
359 1865 493 1922 redditus
507 1871 597 1934 totus,
613 1866 728 1940 inquit:
745 1867 779 1922 ln
792 1867 915 1924 nominc
968 1863 1026 1916 iate
1042 1859 1168 1918 solidata
1186 1861 1278 1920 fidem
1293 1869 1423 1939 quatuor
1435 1869 1666 1940 Evangeliorum
1681 1892 1800 1934 conser-

89 1953 214 2024 nomini,
228 1949 377 2028 optimum
384 1953 488 2011 vinum
501 1953 561 2010 bibi
571 1970 626 2027 pro
641 1970 722 2028 aqua
735 1970 828 2028 quam
840 1959 915 2012 attu·
966 1952 1016 2005 vei
1029 1964 1084 2022 per
1102 1949 1214 2008 omnia.
1237 1954 1306 2008 Erat
1327 1953 1453 2026 quidam
1467 1956 1560 2014 homo
1583 1965 1797 2040 pauperculus,

87 2042 153 2098 listi.
171 2045 275 2099 &atus
290 2043 640 2100 Emmerammusbonus
655 2043 790 2100 medicus
808 2043 848 2100 ab
862 2060 915 2119 op
967 2037 1104 2110 quicum
1124 2039 1183 2096 alio
1204 2057 1289 2114 neque
1308 2041 1460 2114 indigente
1480 2044 1547 2104 loca
1567 2056 1673 2109 sancta
1691 2055 1799 2127 quarsi-

88 2131 158 2187 umo
172 2131 282 2188 recreo
296 2131 411 2204 aceepit
423 2130 505 2204 quon
517 2131 590 2187 mim
605 2130 698 2188 modo
708 2131 852 2204 presunt.
868 2133 914 2191 aa
966 2129 1062 2195 turus,
1078 2143 1140 2184 non
1155 2128 1265 2185 baculo
1280 2129 1429 2201 suffultus,
1450 2134 1503 2191 scd
1525 2140 1696 2198 scamnellis
1723 2142 1799 2201 inni·

84 2218 144 2274 hec
158 2218 313 2291 respondit
326 2217 379 2292 qni
406 2234 519 2292 aquam
533 2218 646 2277 attulit:
664 2221 766 2277 Nescio
793 2220 817 2277 si
833 2235 914 2295 aqua
967 2233 1029 2284 sus,
1047 2217 1145 2288 masis
1159 2217 1240 2274 viam
1254 2219 1345 2292 repsit
1358 2236 1453 2293 quam
1467 2224 1644 2285 ambulavit.
1661 2230 1798 2305 Cumque

83 2322 225 2364 conversa
240 2306 320 2364 sitin
334 2306 439 2364 vinum
452 2307 528 2376 ;hoc
544 2309 644 2366 solnm
659 2310 821 2367 certissime
831 2309 912 2382 novi,
965 2303 1044 2361 circa
1058 2305 1165 2361 horam
1188 2305 1308 2378 prandii
1332 2311 1456 2365 ventum
1471 2315 1549 2368 esset
1572 2313 1611 2370 ad
1630 2319 1798 2388 quemdam

82 2395 163 2468 quod
178 2395 363 2470 perantliam
372 2396 492 2454 laticem
506 2397 543 2455 de
554 2401 645 2472 puteo
656 2399 912 2471 exantlavi.Cujus
964 2393 1078 2450 fontem
1101 2393 1196 2450 laticis
1219 2394 1379 2467 perspicui,
1407 2397 1481 2454 dixit
1507 2401 1734 2462 scamnellarius
1758 2409 1799 2465 ad

81 2483 173 2540 verba
187 2483 240 2540 viri
254 2489 283 2541 et
300 2483 442 2541 mulieres
458 2485 510 2557 qui
525 2484 652 2542 aderant
665 2485 814 2558 prosecuti
831 2490 910 2555 sunt,
964 2481 1076 2539 itineris
1090 2481 1242 2539 sooian
1252 2482 1350 2550 sodes,
1361 2484 1427 2542 istic
1438 2486 1664 2557 Jentaeulumin
1674 2497 1797 2555 nomine

81 2571 234 2630 dicentes:
251 2575 320 2630 Late
339 2575 447 2628 notum
459 2576 504 2628 est
518 2573 577 2628 vim
592 2573 805 2645 hujuscemodi
819 2573 910 2631 febris
965 2570 1083 2628 nomini
1103 2569 1191 2626 nobis
1216 2571 1270 2627 erit
1296 2573 1489 2638 sumendum,
1512 2580 1541 2632 et
1564 2593 1633 2634 cam
1652 2582 1797 2644 refectum

81 2677 142 2734 qua
164 2666 194 2718 tu
206 2661 327 2719 laboras
340 2676 403 2717 non
417 2660 516 2718 solum
537 2661 697 2719 absumere
717 2663 792 2720 vires
806 2679 911 2738 corpo·
963 2660 1060 2725 fuerit,
1089 2675 1157 2715 cum
1181 2659 1346 2730 gratiarum
1374 2661 1491 2719 actione
1519 2664 1705 2728 abeundum.
1732 2674 1797 2739 Quo

81 2751 133 2820 ris,
156 2751 206 2807 sed
230 2749 321 2806 etiam
342 2766 380 2806 ne
404 2748 481 2808 benc
498 2749 599 2823 sapias
611 2749 771 2810 immutare
786 2757 910 2824 gustum
963 2746 1143 2805 assentiente
1162 2763 1197 2804 ac
1219 2747 1258 2804 ad
1277 2751 1365 2822 panis
1384 2767 1470 2808 esum
1493 2753 1559 2813 solo
1583 2760 1669 2815 tenus
1692 2760 1723 2817 iu
1743 2777 1798 2822 ora

82 2840 172 2912 palati
192 2845 222 2897 ct
235 2839 372 2911 gutturis.
389 2838 504 2906 Quibus
525 2839 573 2895 ille
595 2841 753 2914 porrigens
766 2841 909 2914 poculum
963 2835 1052 2894 fontis
1064 2837 1490 2922 consedentescamncllarius
1502 2841 1796 2924 homuncio,aquam

82 2928 189 3002 dequo
204 2927 338 2995 bibebat,
354 2927 441 2984 dixit:
456 2926 548 2984 Bibite
563 2933 591 2984 ci
605 2933 769 3004 vos,atque
783 2929 909 3004 probate
925 2953 945 3010 C
963 2925 1105 2984 hauriens
1128 2943 1164 2983 ex
1177 2926 1371 2986 abundantiae
1384 2931 1548 3002 purissimo
1565 2937 1699 3010 speculo,
1715 2945 1797 3000 aute·

84 3024 180 3075 utrum
202 3018 367 3088 fefellerim,
383 3034 422 3074 an
440 3033 542 3074 verum
558 3018 595 3076 sit
615 3018 700 3093 quod
713 3019 850 3077 dixerim.
867 3021 910 3078 illi
962 3032 1057 3090 quam
1070 3021 1235 3090 apponeret
1249 3017 1293 3073 ori
1308 3022 1424 3091 poium,
1441 3020 1482 3078 sic
1497 3021 1620 3082 invocat
1632 3026 1795 3090 Dominum

81 3123 152 3177 ergo
165 3112 197 3163 ut
208 3106 348 3162 biberunt
362 3123 397 3162 ae
412 3105 473 3162 vini
488 3121 628 3179 saporem
651 3107 795 3165 veraciter
809 3125 909 3168 sense·
963 3105 1076 3180 ubique
1085 3104 1227 3163 fidelibus
1240 3111 1346 3163 notum
1364 3125 1371 3162 :
1386 3110 1512 3167 nomine
1525 3115 1595 3171 Jesu
1609 3117 1794 3195 Christe,qui

80 3201 158 3260 rnnt,
171 3211 274 3251 vocem
287 3211 357 3252 cam
372 3194 746 3254 fidelevantesdixerunt:
765 3197 908 3270 Deogro-
961 3195 1144 3253 desiderium
1176 3210 1346 3270 pauperum
1379 3197 1457 3254 soles
1498 3202 1654 3274 exaudire,
1687 3209 1795 3269 merita

80 3287 147 3354 tias,
162 3285 233 3358 quia
248 3288 309 3342 tam
323 3283 440 3340 bonum
454 3285 560 3341 vinum
575 3289 697 3359 nmque
712 3285 812 3344 nobile
825 3287 908 3345 omni
962 3285 1102 3358 martyris
1120 3283 1161 3341 tui
1185 3286 1399 3342 iimmcramrni
1423 3287 1555 3346 clarifica
1568 3290 1600 3347 in
1623 3309 1672 3350 me
1691 3295 1791 3369 hodie,

77 3375 140 3430 vita
153 3377 255 3430 nostra
269 3376 421 3429 transacta
435 3373 559 3430 minime
572 3373 696 3445 contigit
714 3390 772 3431 nos
783 3374 906 3431 bibisse.
960 3375 1013 3448 qui
1037 3373 1181 3432 charitate
1200 3373 1296 3448 ipsius
1321 3379 1349 3432 te
1377 3375 1573 3436 benedicente
1596 3396 1677 3439 nnnc
1698 3383 1792 3455 gestio

79 3466 138 3520 iloc
152 3462 234 3536 atqui
256 3462 369 3533 grande
395 3462 576 3520 miraculum
590 3479 652 3520 non
676 3462 716 3520 ab
737 3463 860 3522 homine
874 3464 908 3520 fi·
961 3465 1449 3536 sitimrestinguere.Etecceinter
1462 3465 1702 3539 bibendum,ncc
1717 3473 1792 3533 dum

77 3557 169 3620 ctum,
185 3551 238 3608 sed
254 3551 294 3607 ab
308 3551 448 3624 martyris
461 3553 601 3610 meritum
616 3569 635 3610 a
650 3569 771 3610 summa
783 3552 906 3610 veritate
959 3556 999 3614 ab
1018 3571 1069 3612 ore
1096 3569 1220 3612 manum
1243 3553 1297 3628 qui
1310 3554 1428 3613 biberat
1444 3560 1624 3634 retrahente,
1652 3578 1706 3636 per
1720 3579 1791 3623 eum

78 3640 788 3712 faetum,testisestEngilmarusantistes,adhuc
803 3642 835 3699 in
849 3643 905 3700 hac
958 3645 1045 3718 cujus
1072 3643 1168 3715 gratia
1192 3643 1287 3702 nescit
1311 3644 1398 3702 tarda
1416 3647 1584 3720 molimina,
1607 3649 1705 3708 solnta
1720 3654 1791 3710 sunt

78 3731 140 3790 rita
151 3729 750 3804 manens.llicquoque,dum,Ratisbonas
765 3730 907 3788 constitu·
959 3734 1097 3791 omnium
1121 3732 1328 3791 membrorum
1353 3734 1418 3806 eius
1438 3737 1612 3796 retinacula.
1641 3739 1696 3807 Qui
1718 3757 1791 3798 mox

77 3826 137 3885 tas,
149 3819 267 3893 apudS.
278 3821 533 3876 Emmerammum
546 3818 658 3892 scripta
666 3820 906 3892 meaeparritatis
959 3822 1097 3880 exsiliens
1112 3827 1202 3896 atque
1227 3823 1287 3879 huc
1312 3822 1443 3896 illucque
1470 3825 1651 3895 discurrens,
1677 3829 1789 3899 gratias

75 3909 224 3966 videretet
232 3907 438 3982 legeretatque
449 3907 600 3982 probaret,
612 3907 803 3981 diequadam
824 3913 907 3966 stans
959 3911 1020 3983 egit
1040 3914 1100 3968 neo
1119 3914 1283 3984 sanctoque
1304 3912 1430 3983 martyri
1449 3915 1681 3970 Emmcrammo.
1708 3917 1789 3972 ltine

72 4000 159 4072 iuxta
181 4002 305 4072 puteum
320 4013 374 4054 seu
388 3997 501 4054 fontem
516 4013 569 4071 per
581 4013 673 4071 quem
692 3997 908 4056 recordabatur
959 3999 1065 4058 incolae
1080 3997 1166 4056 acciti
1180 3999 1318 4070 ejusdem
1332 4000 1463 4055 novitate
1478 3999 1531 4070 rei,
1555 3999 1595 4056 ob
1610 4001 1790 4060 memoriam

75 4089 132 4146 sibi
147 4104 256 4145 sanam
279 4087 352 4144 olim
373 4086 523 4144 redditam
539 4086 632 4143 fnisse
647 4085 776 4143 frontem
790 4088 908 4145 vocavit
960 4092 1023 4145 tarn
1039 4085 1209 4143 excellentis
1223 4083 1370 4152 miraculi,
1386 4085 1417 4142 in
1436 4086 1551 4144 honore
1566 4088 1706 4162 martyris
1719 4104 1789 4147 con-

74 4193 134 4245 me,
149 4181 188 4246 et,
203 4175 396 4234 occasionem
410 4192 534 4233 sumens
549 4191 585 4232 ex
601 4175 709 4232 eodem
724 4173 816 4245 fonte,
833 4175 908 4234 dixit
960 4178 1134 4233 struxerunt
1156 4173 1312 4230 ecclesiam
1333 4172 1385 4229 ibi.
1407 4176 1467 4232 iloe
1486 4173 1517 4230 in
1538 4175 1675 4250 partibus
1701 4178 1788 4238 ruha

72 4266 158 4341 quod
181 4265 295 4340 scripsi,
311 4264 467 4322 affirmans
490 4264 547 4320 sub
571 4263 776 4322 testificatione
800 4264 907 4322 Christi
922 4308 942 4364 D
959 4266 1084 4330 factum,
1107 4262 1250 4320 relatione
1272 4263 1429 4334 eujusdam
1445 4263 1543 4322 fratris
1569 4282 1605 4324 cx
1627 4266 1705 4326 laico
1720 4286 1789 4328 con-

71 4372 179 4413 verum
198 4355 391 4423 hocesse,ac
406 4370 469 4411 non
482 4353 513 4410 in
528 4353 596 4422 alio,
613 4353 666 4412 sed
688 4353 719 4410 in
742 4354 904 4428 semetipso
959 4355 1048 4420 versi,
1070 4353 1170 4410 adhuc
1195 4351 1360 4425 puerilibus
1385 4353 1416 4409 iu
1444 4353 1531 4411 annis
1555 4355 1660 4414 talium
1687 4375 1789 4417 rerum

71 4447 155 4502 idem
178 4444 319 4518 magnale
340 4448 405 4501 tam
419 4443 517 4502 veraci
539 4459 633 4518 quam
658 4442 772 4502 efficaci
790 4443 905 4518 experi·
958 4441 1182 4502 curiosissimus
1196 4441 1314 4500 auditor
1327 4444 1460 4518 comperi
1474 4463 1481 4514 ;
1497 4447 1550 4519 qui
1563 4463 1618 4521 per
1636 4448 1789 4505 confiden-

73 4539 178 4592 mento
192 4533 370 4592 didicisse.»
958 4533 1031 4592 tiam
1055 4537 1084 4590 et
1102 4530 1338 4590 consolationem
1361 4532 1453 4605 hujus
1478 4533 1615 4592 beneficii
1642 4535 1673 4590 in
1700 4535 1732 4590 id
1755 4551 1787 4591 se

382 4623 595 4681 ammonicius.
958 4627 1154 4698 provocatum
1182 4637 1246 4678 esse
1275 4622 1430 4680 confessus
1455 4628 1500 4679 est
1527 4627 1559 4679 ut
1585 4621 1786 4693 latrocinium,

108 4736 123 4761 α
142 4711 248 4770 Fidelis
256 4727 355 4769 sermo
367 4715 397 4768 et
407 4710 490 4770 omni
505 4709 678 4785 acceptione
691 4708 803 4782 dignus
818 4712 902 4787 (227),
957 4712 1038 4787 quod
1064 4713 1127 4784 jam
1143 4726 1197 4784 per
1220 4709 1323 4784 piures
1347 4725 1443 4767 annos
1467 4708 1624 4766 crudeliter
1646 4710 1787 4781 exercuit,

68 4802 146 4876 quia
160 4801 227 4859 vitis
248 4817 330 4869 vera,
353 4817 421 4874 quae
449 4801 581 4859 Christus
598 4804 644 4857 est
666 4800 739 4872 (228)
754 4800 794 4857 ad
808 4800 905 4860 decla·
958 4801 1119 4869 desereret,
1136 4816 1190 4857 nec
1203 4815 1265 4855 non
1278 4797 1360 4872 apud
1375 4799 1787 4868 sanetumEmmerammum,

67 4892 170 4950 rnnda
192 4890 297 4949 merita
322 4889 481 4964 palmitum
508 4906 641 4960 suorum,
658 4888 692 4950 id
718 4892 763 4947 est
786 4893 906 4966 aposto·
957 4889 1092 4963 lupinam
1115 4887 1311 4962 rapacitatem
1338 4885 1511 4960 deponeret,
1539 4887 1640 4960 sicque
1663 4889 1728 4944 ovis
1751 4904 1788 4946 ex

65 4981 173 5038 lorum
196 4984 225 5037 ct
252 4983 421 5052 martyrum
446 4994 499 5036 seu
528 4981 704 5036 caeterorum
729 4978 903 5050 electorum,
956 4979 1030 5054 lupo
1045 4996 1115 5036 cum
1130 4975 1238 5034 ovibus
1260 4973 1367 5031 christi
1380 4979 1552 5049 pasceretur
1563 4973 1594 5030 in
1607 4975 1676 5033 ovili
1692 4978 1790 5034 liomi-

64 5068 207 5144 quotidio
234 5068 281 5126 his
310 5072 339 5125 et
366 5067 477 5125 talibus
505 5067 658 5123 miraculis
686 5069 775 5140 quasi
806 5083 904 5127 novas
958 5068 1037 5125 nico.
1055 5089 1069 5118 υ

63 5159 195 5232 nuptias
209 5157 288 5215 facit.
313 5160 387 5214 Ecce
407 5155 552 5213 memoria
577 5153 741 5212 beatissimi
763 5157 905 5230 martyris
1265 5151 1479 5208 Ammorrirr'as.

64 5247 288 5304 limmerammi
304 5247 384 5319 juste
397 5245 504 5302 vinum
528 5258 583 5317 pro
598 5259 679 5316 aqua
694 5260 763 5300 cam
779 5247 904 5303 sanitate
995 5269 1008 5296 «
1021 5243 1096 5310 Quia
1106 5240 1251 5298 beneficia
1263 5238 1603 5306 Christi,obmernoriam
1616 5245 1789 5301 sanctorum

61 5336 254 5410 propinavit.
275 5335 320 5392 ab
344 5336 401 5392 hoo
430 5331 644 5408 proculdubio
666 5331 748 5388 vitali
768 5349 906 5407 compro-
957 5333 1036 5391 illius
1046 5347 1099 5405 por
1109 5327 1211 5387 omnia
1221 5327 1463 5402 propagandam,
1475 5329 1633 5387 etalronis
1643 5332 1788 5390 universis

59 5425 197 5482 baretur
210 5425 289 5482 facto
304 5439 375 5481 enm
389 5420 547 5498 qnondam
570 5420 602 5476 in
617 5417 771 5477 flaminica
793 5421 904 5494 optime
958 5422 1045 5480 unice
1059 5416 1311 5493 amplectendam,
1323 5417 1468 5476 hactenus
1477 5418 1619 5477 dictando
1634 5425 1787 5496 utcunque

102 5535 185 5678 imi
200 5532 264 5592 aba
274 5532 381 5590 littera.
994 5527 1068 5604 (²228)
1082 5529 1170 5585 Joon.
1186 5543 1235 5584 xv.

114 5603 340 5662 acerrimi.

295 5695 416 5752 Parnon.
438 5693 525 5750 cxli.
1559 5693 1593 5747 34
