3998 6182
105 169 153 224 85³
621 168 623 172 '
909 160 999 218 titt.
1765 170 1816 224 att

16 325 19 348 ς
102 305 198 346 aenos
213 302 320 362 gerens
332 285 440 344 aetads:
457 287 486 342 ci
499 284 606 342 ecdem
622 299 703 341 anno
714 285 871 356 susceptus
886 285 967 342 esan
990 285 1140 362 episcopo,
1157 307 1239 348 anuo
1262 291 1493 364 nongentesimo
1507 292 1716 366 nonagesimo,
1737 291 1816 350 indi·

12 401 30 444 ῃ,
102 377 213 435 aclero
227 375 396 448 Lingonicoe
412 371 502 440 urbis,
519 372 558 430 ab
574 371 781 430 incarnatione
796 369 932 428 videlicet
989 375 1085 434 ctione
1101 379 1193 438 tertia.
1212 379 1315 438 Officio
1329 397 1401 438 vero
1417 378 1534 440 abbatis
1549 383 1682 456 accepto,
1705 379 1815 439 divinis

12 504 29 534 a
102 467 206 526 Christi
218 463 448 536 nongentesimo
468 461 651 536 octogesimo
672 459 781 536 primo.
803 465 840 532 ts,
854 476 932 520 asse·
989 464 1121 538 seipsum
1135 469 1224 542 coepit
1238 485 1374 526 exercere
1394 468 1562 528 dnubbus.
1580 472 1647 528 Erat
1661 469 1741 528 enim
1755 485 1817 528 cor-

12 586 27 626 s.
101 561 186 614 cutus
203 555 421 631 episcopatum,
441 551 524 610 omni
553 569 615 627 quo
638 551 736 628 potuit
749 549 819 607 nisu
845 549 931 624 sequi
988 569 1061 626 pore
1084 559 1195 628 castus,
1224 562 1324 618 mente
1349 557 1485 629 devotus,
1515 556 1646 618 affabilis
1674 557 1816 634 alloquio,

12 680 29 718 g
100 645 214 704 studuit
225 643 395 720 exemplum
410 639 483 700 boni
497 641 635 716 pastoris.
653 639 828 700 tlonasteria
843 639 932 710 igitur
987 643 1146 718 prudentia
1172 648 1325 724 preditus,
1355 647 1553 724 temperantia
1575 649 1685 720 clarus,
1701 649 1818 708 interna

17 767 29 808 ᾗ,
98 736 194 810 ipsius
210 735 249 792 ad
260 733 414 792 dioecestm
430 731 609 808 pertinentia
624 729 655 790 in
670 725 874 805 spiritualibus
888 744 932 784 rc·
988 731 1157 792 tortitudine
1171 735 1286 808 firmus,
1303 755 1429 796 censura
1439 735 1560 811 justitie
1574 737 1698 812 stabilis,
1713 737 1818 810 longe·

12 859 26 896 Γ
96 823 252 896 ligione,in
268 819 483 897 temporalibus
496 819 668 879 necessaria
682 835 760 894 pene
776 816 931 876 adnullata
986 819 1121 879 almitate
1136 823 1284 894 assiduus,
1312 825 1454 899 patientia
1476 823 1629 896 robustus,
1649 823 1816 884 humilitate

14 958 28 988 s
98 914 315 988 gubernatione
331 911 537 982 considerans,
558 909 648 986 coepit
673 923 806 984 quaerere
833 911 934 980 quate·
987 915 1173 983 mansuetus,
1187 911 1337 971 bonorum
1352 930 1477 990 operum
1492 913 1719 990 gretieplcnus‚
1743 913 1816 971 cha-

12 1041 27 1078 ¹:
97 1021 157 1062 nus
170 1005 221 1062 bei
235 1005 428 1078 dispensante
442 1006 517 1058 nutu
533 1017 622 1058 suum
637 998 668 1056 iu
682 1003 792 1056 statum
812 1014 848 1054 ea
870 996 934 1071 qui·
986 997 1080 1054 ritatis
1096 998 1235 1072 equidem
1251 999 1377 1060 affluens
1391 997 1566 1060 visceribus.
1594 1003 1649 1059 Pro
1675 1001 1816 1078 pauperi·

12 1135 19 1166 2*
96 1093 189 1153 visset
197 1097 506 1169 repararetmovens
521 1104 592 1162 crgo
608 1091 775 1147 Manasscm
790 1085 932 1143 abbatem
985 1084 1044 1142 bus
1059 1104 1179 1162 semper
1191 1092 1254 1146 erat
1268 1089 1419 1159 sollicitus,
1436 1089 1584 1150 Christum
1597 1107 1666 1148 reru
1687 1089 1814 1163 diligens

22 1225 27 1245 .
95 1185 191 1257 hique
206 1181 264 1242 loci
289 1183 406 1258 (Sancti
428 1177 559 1252 Benigne·
582 1177 719 1252 moieno)
753 1193 771 1234 a
796 1171 933 1232 domina·
986 1175 1053 1232 totis
1065 1175 1240 1248 visceribus,
1264 1177 1349 1252 dum,
1377 1178 1454 1236 sicut
1479 1175 1597 1238 Martha
1624 1179 1815 1254 corporaliter

12 1313 26 1350 ἱ
97 1273 190 1348 boue,
205 1290 268 1350 qua
281 1289 342 1332 non
358 1272 435 1330 bene
451 1271 599 1339 utebatur,
626 1267 753 1326 instituit
776 1266 807 1323 in
830 1265 931 1322 locum
985 1267 1189 1338 convelabat,
1216 1269 1247 1325 in
1272 1269 1374 1340 egenis
1400 1267 1484 1326 illum
1498 1267 1631 1342 quotidie
1653 1268 1813 1328 reficiebat.

12 1404 25 1440 :r
96 1365 165 1436 ejus
178 1361 319 1422 abbatem
335 1362 500 1438 quemdam
522 1377 558 1417 ex
579 1353 763 1416 monasterio
780 1353 930 1424 barrensi,
985 1356 1132 1414 Omnibus
1143 1356 1266 1432 hospitii
1277 1358 1451 1433 perlargum
1465 1356 1594 1430 prebuit
1604 1375 1711 1427 usum;
1725 1373 1815 1415 nemo

12 1495 18 1508 ,-
96 1457 229 1511 Azonem
241 1451 373 1510 nomine.
391 1453 458 1508 Erat
472 1451 497 1506 is
512 1447 930 1525 Aquitanicusgenerecrna·
984 1451 1029 1503 est
1041 1449 1193 1521 exceptus,
1212 1463 1373 1522 perpessus
1396 1463 1487 1506 nemo
1510 1445 1673 1523 repulsam.
1696 1445 1815 1504 Divino-

12 1527 17 1598 }
97 1547 147 1600 tus
162 1543 250 1601 bonis
263 1542 399 1600 moribus
414 1544 443 1598 et
456 1537 598 1612 religiosa
622 1535 857 1595 conversatione.
880 1532 931 1590 Hio
983 1552 1052 1593 rum
1067 1539 1286 1610 praeceptorum
1299 1535 1504 1595 delectabatur
1528 1533 1664 1610 eloquiis,
1689 1533 1760 1610 quia
1779 1553 1816 1594 cx

13 1679 17 1696 ,,
95 1631 219 1689 duobus
238 1630 325 1688 annis
349 1629 379 1688 in
404 1625 548 1701 regimine
574 1625 701 1702 peractis
726 1621 878 1700 repedavit
892 1619 931 1680 ad
946 1643 967 1698 g
984 1626 1030 1682 his
1044 1629 1073 1683 et
1088 1643 1158 1683 suos
1171 1643 1270 1684 mores
1286 1642 1478 1702 componere,
1504 1629 1534 1684 et
1557 1623 1614 1684 sibi
1636 1623 1815 1684 commissos

94 1737 189 1778 suum
201 1718 430 1790 monasterium,
450 1716 577 1775 dimisse
600 1715 692 1789 hujus
714 1709 931 1785 locigubcrnu·
984 1713 1187 1772 instruebatur
1201 1714 1308 1772 docere
1324 1719 1352 1774 et
1366 1715 1524 1786 corrigere.
1545 1713 1664 1774 Cunctis
1681 1716 1815 1788 seipsum

12 1793 20 1864 f
93 1809 189 1881 tione,
201 1811 291 1884 atique
307 1808 415 1866 iterum
429 1808 579 1865 iterasses
593 1801 690 1862 abbas
709 1819 800 1861 suum
821 1800 931 1878 recepit
983 1801 1139 1878 praebebat
1152 1803 1229 1861 bene
1243 1803 1363 1862 vivendi
1378 1801 1560 1880 exemplum.
1584 1804 1619 1862 at
1633 1803 1709 1864 deut
1723 1801 1754 1860 in
1769 1820 1815 1863 or-

12 1887 15 1910 ⁷
92 1895 242 1955 officium.
982 1893 1063 1966 dine,
1077 1893 1118 1952 ita
1130 1893 1247 1971 primus
1261 1893 1401 1952 studebat
1414 1896 1447 1953 ut
1459 1898 1538 1952 esset
1557 1892 1589 1953 in
1603 1910 1705 1968 opere,
1726 1891 1814 1966 juxta

12 2039 18 2047 ,
132 1989 161 2043 2.
181 1983 290 2042 tridens
305 1981 395 2056 igitur
408 1983 539 2040 domnus
564 1981 723 2056 episcopus
751 1981 850 2036 Brrrnc
871 1981 928 2036 sta·
981 1981 1056 2040 illud
1079 1983 1266 2058 evangelistae
1282 2001 1289 2041 ε
1305 1981 1401 2056 oepit
1428 1985 1514 2044 lesus
1534 1983 1640 2056 facere
1658 1988 1687 2042 et
1707 1977 1813 2040 dorne

12 2071 14 2074 ’
91 2081 164 2133 tum
178 2071 276 2134 lociin
292 2071 435 2146 ambiguo
450 2071 591 2146 positum,
608 2068 735 2144 supplex
750 2066 822 2127 adiit
842 2067 927 2124 dom·
980 2072 1059 2148 (Act.
1075 2090 1094 2144 1,
1110 2074 1145 2148 t).
1159 2075 1317 2132 Peccantes
1335 2088 1407 2132 vero
1422 2071 1484 2132 zelo
1510 2071 1552 2148 pii
1571 2071 1684 2132 amoris
1706 2087 1811 2132 coram

12 2221 13 2224 ,
89 2181 170 2220 num
200 2160 340 2222 tlaiolum
365 2156 565 2220 cluniacensis
584 2157 758 2216 monasterii
772 2157 925 2226 abbatem,
981 2162 1122 2221 omnibus
1137 2163 1292 2236 arguebat,
1314 2167 1346 2222 ut
1372 2163 1470 2222 coeteri
1491 2162 1630 2222 timorem
1653 2163 1808 2222 haberent.

12 2253 14 2332 }
87 2249 250 2324 multaque
276 2265 363 2324 prece
396 2247 534 2324 poposcit
559 2250 708 2322 quatenus
728 2247 794 2320 ejus
814 2245 926 2303 auxillo
981 2253 1039 2312 Sed
1053 2258 1082 2311 et
1095 2253 1269 2330 verbaque
1282 2253 1338 2312 suh
1350 2252 1553 2328 increpatione
1576 2251 1756 2330 proterebat,
1779 2255 1812 2310 ut

87 2339 238 2414 quivisset
250 2355 390 2413 reparare
413 2337 443 2396 in
470 2335 577 2394 melius
600 2337 724 2394 interius
739 2335 925 2407 religionem,
979 2341 1228 2418 reprehendenda
1241 2341 1482 2420 reprehenderet,
1496 2341 1585 2418 quui
1598 2341 1722 2402 stumuli
1733 2341 1811 2402 dum

88 2431 118 2486 et
133 2426 263 2485 exterius
277 2421 493 2502 possessiones.
510 2426 602 2498 Cujus
616 2423 756 2501 precibus
774 2423 869 2481 flexus
883 2439 927 2480 re·
978 2431 1159 2490 videbantur
1184 2436 1212 2490 et
1239 2447 1356 2506 aspera,
1386 2435 1421 2491 ut
1445 2446 1523 2506 pene
1545 2431 1719 2492 timerentur
1741 2431 1810 2506 plur

86 2513 242 2575 verendus
256 2513 352 2574 abbas
371 2513 510 2588 Maiolus,
530 2509 612 2571 dedit
626 2511 653 2570 el
679 2511 840 2570 duodecim
863 2527 926 2568 mo
979 2537 1073 2594 quam
1087 2519 1426 2594 verhera‚ju1taillud2
1449 2517 1545 2578 Verba
1566 2521 1708 2592 sapienta
1723 2521 1812 2594 quan·

12 2677 14 2686 ,
87 2605 208 2664 ss³0h08
223 2617 259 2663 ΘΧ
274 2601 604 2677 ⁰m¹1100¹¹8i28³li0110
619 2597 740 2671 θῙθθῐῦὓ,
761 2597 926 2676 disciplinis
979 2611 1104 2680 stimuli,
1119 2609 1246 2686 etqacsi
1258 2611 1340 2668 claci
1353 2611 1385 2666 in
1400 2609 1498 2668 altum
1510 2607 1602 2680 defici
1622 2609 1734 2678 (Erote.
1757 2625 1809 2678 ιιι,

88 2697 203 2754 sancta
213 2691 365 2766 religionis
379 2689 548 2760 instructos,
571 2687 675 2748 divina
688 2691 718 2747 et
729 2689 866 2747 humana
879 2705 926 2746 sa·
981 2701 1035 2770 ti).
1052 2689 1133 2756 Alios
1148 2695 1273 2774 quidem
1294 2697 1520 2770 blandimentis,
1545 2697 1620 2756 elios
1632 2697 1811 2757 admonitio

12 2777 13 2780 ’
86 2783 206 2859 pientia
220 2779 334 2850 doctos,
350 2777 504 2840 nobilitate
534 2773 647 2836 carnali
673 2777 779 2836 claros.
811 2777 925 2846 Quibus
978 2787 1078 2861 nibus,
1094 2787 1169 2848 alios
1184 2787 1355 2859 terroribus,
1383 2792 1412 2848 gt
1428 2788 1481 2863 gg,
1506 2789 1593 2862 jum
1620 2787 1809 2866 Apostolum',

87 2871 322 2933 advenieniiblis
336 2869 377 2928 lia
391 2867 541 2927 ordinavit
554 2865 686 2925 domnus
708 2865 869 2943 episcopiis
892 2863 925 2924 ui
978 2877 1148 2954 praediogng
1172 2879 1297 2937 verbum
1332 2879 1465 2938 infliabssi
1486 2881 1666 2954 opportune,
1694 2877 1809 2954 impos.

85 2965 133 3023 die
158 2959 365 3021 transiaiioniss
391 2957 487 3016 sancii
511 2955 644 3031 Benignl,
671 2956 829 3015 monachis
854 2965 924 3014 clim
943 2973 1059 3050 clune,
1075 2985 1216 3042 arguens,
1231 2969 1404 3043 obsecrans.
1418 2969 1578 3046 increpans
1603 2968 1635 3028 in
1656 2967 1739 3028 omni
1753 2983 1809 3045 pg-

85 3051 143 3111 sihi
180 3043 323 3124 Sllbjeciis
345 3043 458 3106 cleriei!
487 3050 556 3104 anili
590 3045 762 3122 sepulcrum
792 3041 924 3120 Sffipeiaii
978 3058 1081 3116 ilenti&
1095 3058 1270 3117 gtdoolp'ma
1283 3059 1329 3132 (II
1341 3061 1415 3118 Tim,
1430 3076 1471 3128 ῃ,
1486 3059 1709 3133 2)]Ῑκιιοῑωῃ
1726 3075 1807 3132 vop-0,

85 3141 234 3216 martyris
249 3139 280 3196 ¹1¹
292 3141 398 3212 cripi&
411 3133 579 3194 ¹¹0⁰i¹1m³l¹
594 3133 727 3193 ⁰ffi⁰i¹¹ffl
750 3135 923 3210 inridenti·
978 3147 1062 3205 haud
1074 3164 1161 3205 secus
1177 3163 1213 3206 ec
1228 3147 1253 3204 ai
1266 3151 1417 3222 pateretur
1430 3148 1505 3224 ipse,
1529 3147 1716 3206 efficiebatur
1730 3148 1809 3208 cele-

84 3231 156 3304 bus,
175 3225 234 3303 ipsi
246 3228 276 3286 in
290 3225 435 3302 superiori
449 3221 541 3283 choro
561 3230 630 3283 ante
645 3219 808 3300 principale
825 3223 924 3284 Sancti
977 3235 1141 3294 mitattbus.
1159 3237 1197 3296 os
1212 3235 1278 3309 ejus
1291 3235 1333 3294 ita
1346 3235 1518 3310 replebatur
1541 3251 1578 3294 οι
1601 3233 1700 3294 cordis
1713 3235 1809 3296 abun.

84 3315 221 3380 itaurtcil
246 3315 339 3376 altare
357 3315 564 3374 matutinalem
583 3311 747 3391 inciperent
771 3315 921 3391 synaxim.
977 3323 1090 3393 danda,
1105 3322 1303 3382 utineodem
1317 3339 1368 3382 ore
1382 3338 1460 3397 pene
1474 3322 1547 3382 nihil
1570 3321 1653 3382 aliud
1676 3322 1735 3382 nisi
1759 3323 1809 3382 lex

86 3405 182 3481 Quod
200 3410 302 3484 utique
317 3405 527 3465 convenienter
541 3407 643 3464 ectum
666 3407 720 3477 est,
751 3410 784 3465 ut
807 3401 860 3482 qui
877 3408 922 3465 lu·
975 3416 1130 3471 resonaret
1156 3412 1279 3484 divina;
1303 3417 1332 3471 et
1357 3412 1431 3490 quie
1459 3413 1610 3490 Scriptura
1635 3411 1729 3472 dicit:
1750 3412 1809 3484 Qut

84 3517 159 3558 men
175 3497 325 3570 religionis
340 3496 495 3554 ostendere
507 3497 669 3554 veniebant
689 3495 835 3554 intrarent
854 3488 921 3550 luce
975 3503 1072 3574 audit,
1087 3503 1169 3562 dicat
1182 3517 1194 3560 ,·
1215 3501 1551 3576 Venitrtpoc.xx11‚ttl,
1564 3501 1632 3561 ideo
1653 3516 1808 3576 quoscun-

84 3585 144 3647 diei
163 3585 437 3663 appropinquante.
467 3582 592 3643 Proinde
623 3580 680 3642 illis
705 3583 764 3643 hac
784 3583 833 3642 vel
854 3583 921 3640 illac
974 3608 1034 3665 que
1048 3595 1174 3668 poterat,
1190 3590 1464 3668 asecutrequtia
1477 3590 1635 3650 suadendo
1649 3591 1807 3650 subrahe-

84 3676 295 3754 pergentibus,
301 3670 348 3734 isti
360 3673 391 3732 in
408 3673 475 3732 loco
488 3675 629 3747 degentes
645 3675 801 3748 caeperunt
815 3671 920 3731 sancta
973 3682 1036 3741 bat,
1049 3684 1082 3739 Et
1091 3681 1168 3740 sicut
1178 3681 1297 3740 coeleste
1309 3697 1364 3755 per
1376 3681 1560 3742 desidorium
1573 3682 1642 3740 tofis
1658 3682 1724 3759 ipso
1736 3681 1806 3742 viri.

84 3765 315 3828 conversatione
327 3762 528 3838 resplendere,
544 3768 573 3822 et
589 3761 675 3822 locus
689 3764 742 3838 qui
755 3765 844 3821 antea
853 3780 920 3838 pra·
973 3771 1032 3828 bus
1046 3771 1086 3828 ad
1101 3786 1267 3846 supernum
1294 3786 1423 3843 regnum
1449 3771 1621 3842 anhelabat,
1644 3771 1684 3828 ila
1703 3787 1806 3832 mum

83 3861 127 3917 vis
145 3853 265 3916 actibus
279 3849 308 3914 et
325 3847 469 3911 ineffabili
481 3851 662 3925 negligentia
677 3869 695 3910 a
714 3853 829 3910 cunctis
841 3849 921 3909 ride-
974 3875 1098 3935 pergere
1112 3876 1218 3918 omnes
1231 3859 1380 3928 homines,
1395 3859 1419 3916 si
1433 3859 1498 3918 lieri
1507 3863 1622 3933 posset,
1630 3860 1804 3932 exoptabat.

83 3951 180 4007 batur
194 3945 346 4014 sensusne,
362 3959 444 4002 nuno
459 3941 534 4000 felici
550 3941 757 4000 exercitatione
776 3939 920 3999 virtutum
976 3949 1033 4008 Sed
1045 3948 1216 4006 nullatenus
1229 3952 1274 4006 est
1287 3947 1445 4006 fraudatus
1468 3963 1488 4004 a
1509 3945 1659 4018 desiderio
1676 3947 1761 4019 quod
1773 3947 1806 4004 in

83 4029 227 4097 omnium
241 4031 390 4092 videretur
405 4049 470 4091 esse
484 4029 620 4091 floridus.
845 4104 852 4113 .
975 4053 1006 4094 se
1019 4041 1199 4110 conceperat
1212 4049 1283 4092 vera
1296 4034 1427 4092 dilectio.
1441 4031 1586 4100 lileenim
1608 4031 1662 4105 qut
1675 4033 1805 4092 charitas

119 4131 147 4184 3.
171 4125 281 4181 Verum
300 4123 371 4197 quia
403 4119 537 4196 proedicti
561 4119 655 4178 Patris
679 4111 826 4178 industria
845 4113 919 4176 locis
974 4130 1028 4196 est,
1042 4126 1096 4201 qut
1109 4141 1140 4182 se
1155 4124 1326 4182 amentum
1338 4122 1469 4197 complet
1479 4121 1738 4192 salmanasaro·
1752 4123 1804 4187 tici

84 4217 153 4274 aliis
169 4213 283 4271 intenta
293 4215 364 4284 erat,
379 4216 408 4269 et
420 4211 468 4269 hic
479 4209 564 4268 locus
580 4209 642 4268 sine
657 4207 767 4269 abbate
781 4221 920 4272 essenon
972 4215 1137 4274 ferventem
1150 4213 1291 4272 affectum
1305 4211 1446 4287 perdruit
1457 4212 1498 4270 ad
1511 4211 1661 4274 ellectum.
1675 4211 1722 4270 nd
1736 4213 1804 4287 ejus

83 4307 215 4378 poterat,
229 4303 336 4360 iterum
351 4298 455 4358 domni
470 4298 616 4356 Bruncnis
632 4297 767 4374 praesulis
781 4295 919 4374 pulsatus
934 4347 957 4403 D
972 4306 1086 4380 quippe
1098 4303 1213 4362 monita
1224 4301 1311 4360 multi
1325 4317 1393 4376 qun
1411 4301 1610 4376 possederant
1631 4302 1802 4379 [nunquan.

83 4389 240 4466 precibus,
256 4391 422 4465 quemdam
448 4389 566 4460 fatrem,
591 4383 843 4446 ferventissimum
873 4385 918 4446 sui
972 4395 1026 4464 tes,
1040 4392 1170 4466 reginari
1191 4409 1222 4450 sa
1251 4391 1417 4466 disciplinae
1445 4392 1653 4460 subdiderunt,
1680 4395 1803 4456 etbemi

84 4480 205 4539 ordinis
218 4483 432 4546 exsecutorem,
449 4482 477 4536 et
491 4475 580 4536 totius
600 4473 762 4535 nobilitatis
775 4473 918 4550 lampade
972 4483 1123 4544 Benedicti
1136 4485 1294 4557 sequentes
1307 4482 1444 4554 vestigia,
1458 4483 1636 4558 semotim
1645 4483 1800 4554 abnagm.

84 4569 310 4646 prefulgidum,
326 4574 415 4644 atque
428 4569 458 4626 in
469 4584 541 4626 vera
554 4567 720 4626 humilitate
733 4572 763 4624 et
780 4563 918 4625 iraternra
971 4579 1027 4646 tes,
1042 4589 1113 4632 vero
1131 4573 1202 4646 Regi
1229 4572 1296 4629 totis
1309 4571 1424 4632 vnihus
1437 4573 1648 4632 militaverunt.
1664 4571 1801 4632 Parthus

84 4660 255 4720 dilectionis
271 4659 422 4730 charitate,
442 4673 561 4717 necnon
580 4673 708 4714 summae
721 4653 917 4724 discretionis,
971 4678 1104 4740 namque
1118 4679 1155 4722 οι
1168 4661 1344 4722 diversiscd
1358 4663 1424 4735 ψη
1445 4661 1618 4720 coenobium
1639 4658 1800 4720 multitado

84 4767 157 4826 quse
181 4751 324 4808 virtutum
354 4749 490 4806 omnium
515 4751 612 4804 meter
636 4762 701 4804 esse
720 4745 917 4819 dignoscitur,
971 4753 1114 4812 confluxit
1140 4751 1378 4810 innumerabilis.
1406 4751 1464 4810 sed
1490 4749 1663 4808 canonibus
1675 4748 1801 4808 ltcatdi·

83 4842 244 4898 honestate
256 4837 446 4897 laudabiliter
459 4837 626 4895 radicatum
639 4841 668 4894 et
680 4836 850 4908 fundatum,
865 4853 918 4894 no·
970 4844 1058 4918 versi,
1099 4847 1198 4900 mente
1221 4845 1324 4898 tamen
1351 4843 1437 4898 mant
1460 4839 1559 4910 uniti,
1598 4837 1731 4898 utillud
1758 4838 1800 4896 ad

84 4932 169 4988 minc
185 4929 382 4994 Witlelmum,
396 4928 486 5000 hujus
498 4927 671 4984 monasterii
682 4927 765 5000 gregi
775 4926 915 5002 prefecit,
969 4933 1097 4992 litteram
1121 4932 1153 4990 in
1179 4931 1222 4989 eis
1246 4929 1405 5004 impletum
1442 4926 1591 4986 videretur
1602 4965 1614 5000 ,
1647 4927 1733 5000 quod
1759 4928 1799 4987 dc

85 5023 248 5096 etpatrem
263 5017 428 5094 spiritalem
451 5015 507 5076 sibi
529 5017 722 5094 poscentibus
747 5011 815 5076 liliis
833 5013 917 5078 insti·
970 5023 1055 5082 initio
1068 5019 1218 5080 nascentia
1233 5017 1370 5076 Ecclesiae
1394 5017 1427 5076 in
1451 5015 1658 5090 apostdcmn
1680 5015 1799 5075 acubus

86 5111 152 5168 tuit.
169 5110 219 5168 itio
232 5108 315 5167 ltalia
326 5107 437 5166 exstitit
448 5107 604 5178 oriundus,
620 5107 681 5165 atto
695 5107 768 5166 satis
782 5108 917 5180 germine
969 5111 1077 5184 legitur
1091 5125 1100 5167 a
1114 5109 1193 5166 Ie'tut
1205 5107 1268 5165 iiiia
1278 5119 1333 5164 cor
1346 5117 1439 5164 naam
1460 5109 1489 5162 et
1501 5103 1606 5166 estimo
1631 5115 1696 5164 erro
1717 5105 1797 5180 (aar.

86 5205 115 5257 et
128 5197 225 5257 nobili
240 5197 384 5272 prosapta
397 5197 505 5254 editis.
517 5199 613 5263 Quem
626 5197 817 5270 supradictus
831 5195 916 5256 dom·
970 5217 1008 5271 rv,
1023 5199 1078 5272 ³2).

85 5304 146 5345 nus
160 5287 526 5346 ltaiolusttomaveniens
539 5281 653 5342 invenit
678 5281 710 5342 ln
733 5285 916 5348 monasterio
1007 5289 1033 5344 a.
1055 5286 1209 5345 cresceme
1233 5283 1335 5342 autem
1360 5277 1483 5342 interius
1509 5277 1661 5356 religionis
1686 5285 1798 5359 sarda

85 5377 215 5437 Leuceio
229 5368 309 5436 dicto
335 5375 387 5435 ubi
402 5394 421 5434 a
435 5393 529 5453 puero
543 5371 688 5434 educatus
706 5369 811 5435 luerat.
827 5379 918 5437 Aesu-
971 5374 1124 5437 exterioris
1139 5373 1312 5432 subsanna
1326 5371 1573 5447 supptementum
1592 5373 1683 5449 coepit
1698 5375 1799 5434 ebuis

86 5483 236 5542 mensque
265 5483 335 5524 eum
364 5467 430 5541 ipso
449 5467 638 5539 deprecante,
669 5481 772 5523 secum
791 5465 918 5526 adduxit
971 5468 1044 5527 dare
1056 5480 1118 5522 non
1132 5463 1260 5533 modice,
1276 5466 1366 5537 prout
1380 5461 1524 5520 nominas
1537 5463 1749 5539 promisitsnis
1766 5461 1799 5522 in

88 5557 277 5625 Cluniacum,
293 5560 378 5613 aetate
390 5553 517 5628 Juvenili
531 5554 697 5612 florentem.
973 5553 1153 5629 Evangelio:
1170 5553 1299 5624 Quarta
1309 5554 1442 5626 pomum
1463 5565 1589 5627 regnam
1601 5553 1656 5613 Dei
1662 5559 1692 5612 et
1710 5555 1800 5626 jasti-

123 5649 153 5705 t.
174 5643 334 5706 ordinatus
350 5641 489 5720 esttgltur
496 5639 624 5707 abbaee
646 5643 760 5706 domno
781 5647 918 5707 Brunone
973 5650 1046 5709 twm
1057 5651 1132 5724 qus,
1149 5645 1253 5707 errae
1265 5643 1368 5706 neam
1378 5641 1655 5718 commeate
1674 5644 1798 5718 tm
