3984 6182
239 123 306 177 ,027
761 109 917 168 leucum
938 108 1234 168 emnmmnusrs
1253 110 1422 168 nomem.
1869 119 1923 174 rose

237 243 282 301 ob
294 234 663 312 hoeetquifttttlicenliam
676 233 791 290 dabant
803 231 1101 289 monachiscum-A
1118 233 1203 298 Quod
1227 249 1304 304 aegre
1331 233 1456 290 ferentes
1475 231 1568 304 aliqui
1590 249 1626 290 ex
1641 234 1894 292 consacerdotibus
1904 247 1926 294 et
1959 231 1960 242 ¹

236 333 274 391 de
288 330 439 404 acquirere
454 342 509 401 pro
523 325 603 380 victu
617 329 646 380 et
662 323 765 378 vestitu
780 339 968 396 quincunque
991 339 1062 395 pos·
1117 323 1293 380 consiliariis
1308 324 1432 390 antistis
1446 322 1603 379 dicebant:
1626 346 1639 372 ιι
1654 327 1688 380 ut
1702 324 1774 396 quid
1800 324 1845 380 ibi
1859 333 1883 382 et
1894 347 1926 384 ῃ.

236 424 310 489 sent,
325 417 397 490 quic
424 414 481 489 ipsi
502 413 684 485 bonisque
709 411 748 469 ad
776 427 931 468 annonam
957 427 1062 468 eorum
1116 413 1286 469 cerdotibns
1302 413 1359 468 tuis
1374 411 1474 484 perdis
1487 411 1578 480 bone,
1590 411 1630 468 ad
1645 415 1672 470 S.
1689 415 1926 474 Emmerammm

234 505 434 581 pertinebant,
449 501 489 560 ad
506 519 596 558 suum
611 500 814 558 abutebantur
829 500 991 558 servitium.
1006 524 1019 550 s
1116 503 1317 573 pertinentia?
1339 500 1475 557 Laudant
1501 505 1528 556 ge
1550 501 1647 571 mum,
1673 502 1725 558 sed
1750 503 1780 558 ,n
1803 503 1862 559 hoc
1884 523 1926 562 nen

270 596 320 651 His
344 593 440 662 dietis,
455 591 545 648 frater
566 605 635 646 oum
656 605 717 661 qno
732 588 887 658 dialogum
902 588 979 660 coepi
994 604 1063 644 con·
1114 594 1259 660 laudant3
1283 591 1344 648 imo
1360 591 1540 663 vituperant.
1558 593 1644 648 Utere
1658 607 1730 662 ergo
1744 593 1893 666 pontilicis
1904 613 1925 650 n:
1959 653 1960 658 1

233 699 341 750 Βθΐθΐθ,
356 698 430 738 utus
443 678 565 736 [101Πὶὓο
580 694 645 745 ⁸¹10,
662 677 821 732 fldmffllssil
842 693 889 733 me
913 676 944 732 ill
957 693 1060 732 affl'em
1116 682 1233 739 abbatis
1246 680 1354 751 officio,
1371 679 1447 737 sicut
1460 683 1664 736 antecessores
1693 682 1734 738 tui
1759 681 1861 738 lacere
1875 701 1926 740 eon·
1959 703 1960 706 ¹

233 773 355 830 theone:
381 791 395 821 o
408 771 541 841 Loquere
556 771 652 836 caute,
668 770 696 821 at
709 765 829 822 scribito
844 765 969 822 caudens.
987 769 1061 822 Nam
1115 775 1274 828 sueverant
1294 785 1389 842 usque
1413 768 1516 838 modo,
1531 783 1569 824 ne
1585 775 1719 826 carerent
1740 775 1928 844 quarumdem

233 863 258 918 si
271 858 406 935 episcopi
433 858 496 914 baec
518 854 667 912 audierint
689 854 769 910 diota
783 855 830 910 vel
846 853 970 910 viderint
993 854 1063 910 sori-
1114 876 1214 916 rerum
1237 858 1450 914 emolumento,
1471 857 1791 934 Hujusmodiquoque
1808 859 1927 933 insipien.

232 958 295 1026 pia‚
318 947 452 1006 fortassis
478 947 578 1002 dicant
598 944 673 1000 velle
706 949 733 1002 ta
757 961 808 1000 cos
836 945 1010 1018 rapinarum
1033 949 1062 1002 et
1115 952 1166 1015 tia,
1179 953 1224 1006 est
1238 947 1390 1020 sapientiae
1405 947 1465 1004 sale
1480 947 1675 1004 contienda.»
1691 948 1928 1024 Quibuslllepru-

232 1038 382 1112 injustitie
405 1041 528 1102 notare,
555 1035 657 1108 sicque
674 1033 842 1092 libertatem
855 1039 939 1092 tuam
956 1051 1060 1107 super-

231 1130 288 1188 biae
303 1128 501 1202 depntebnnt,
517 1126 603 1199 quasi
619 1130 650 1180 tu
666 1130 775 1182 temere
790 1142 842 1182 eos
862 1141 984 1198 carpere
1000 1132 1060 1182 teu-

232 1218 350 1290 teveris,
366 1233 421 1291 pro
435 1232 566 1290 qnorum
580 1214 754 1272 defensione
775 1216 925 1288 Scriptura
938 1215 1058 1284 clamat,

231 1309 293 1365 imo
318 1306 462 1364 Dominus
483 1321 537 1378 per
564 1303 747 1378 Scripturem
770 1305 911 1378 praecipit
934 1305 1057 1362 dicens:

232 1419 246 1448 v
258 1395 353 1452 Nolite
376 1399 497 1466 tangere
520 1393 646 1449 christos
662 1409 746 1449 meos
760 1393 827 1464 (98).
842 1416 857 1444 ι
878 1397 910 1448 ni
931 1394 1056 1450 iteruin:

231 1509 245 1538 ι
260 1487 316 1553 Qui
329 1501 384 1542 vos
397 1485 501 1554 tangit,
518 1483 611 1552 tangit
627 1483 774 1555 pupillam
794 1483 872 1539 oculi
888 1483 947 1540 mei
961 1485 1027 1555 (99).
1044 1506 1058 1534 ι»

1115 1039 1218 1096 denter
1228 1037 1390 1110 respondit,
1401 1037 1505 1093 dicens
1520 1055 1526 1092 ε
1543 1060 1557 1086 o
1566 1041 1630 1094 Non
1642 1039 1792 1094 erubesco
1802 1039 1928 1113 insipiens

1115 1133 1143 1186 et
1157 1129 1263 1184 stultus
1277 1127 1335 1184 dici
1351 1133 1472 1200 propter
1487 1131 1590 1186 Deum.
1606 1129 1667 1184 Hoc
1685 1134 1789 1184 aulem
1809 1147 1879 1184 scire
1891 1148 1928 1184 vos

1114 1215 1183 1272 volo
1207 1215 1275 1289 quie
1302 1231 1459 1287 nunquam
1487 1216 1560 1272 mibi
1585 1217 1731 1288 inponam
1761 1233 1844 1273 onus
1865 1219 1928 1290 quoi

1113 1310 1233 1378 portare
1249 1321 1312 1361 non
1327 1306 1423 1374 valeo,
1436 1305 1569 1378 episcopi
1583 1321 1694 1362 nomen
1709 1311 1738 1364 et
1755 1307 1875 1364 abbatis
1888 1309 1926 1364 mi-

1115 1395 1146 1450 hi
1159 1395 1351 1452 vindicando.
1367 1398 1441 1451 Nem
1455 1399 1489 1451 nt
1512 1395 1618 1452 beatus
1640 1396 1803 1466 Gregorius
1825 1401 1926 1452 testatur

1114 1487 1200 1556 (loo),
1215 1485 1302 1542 valde
1318 1485 1519 1554 incongruum
1534 1489 1588 1556 est,
1604 1485 1629 1540 si
1648 1502 1717 1542 cum
1733 1502 1836 1542 unum
1849 1504 1880 1542 ex
1893 1487 1925 1541 bis

230 1575 282 1632 Cui
306 1574 450 1647 respondi
472 1572 577 1642 begua
603 1576 632 1627 et
656 1571 742 1642 stylo.
770 1593 783 1620 ι
798 1571 826 1628 Si
841 1572 974 1645 episcopi
990 1577 1093 1639 suntss
1111 1591 1167 1648 pro
1187 1574 1233 1630 sui
1249 1573 1464 1644 magnitudine,
1482 1573 1558 1630 sicut
1572 1579 1697 1646 oportet,
1714 1575 1790 1647 quis
1804 1591 1925 1646 nonpoe

229 1665 314 1739 quod
333 1665 483 1731 dicuntur,
499 1677 561 1718 non
575 1661 663 1717 nobis
677 1661 797 1728 obsunt,
815 1661 867 1718 sed
882 1662 969 1719 valde
988 1678 1044 1735 pro
1112 1664 1149 1720 sit
1163 1663 1292 1736 explere,
1308 1663 1348 1720 ad
1360 1667 1521 1736 utrumque
1535 1663 1683 1734 judicetur
1696 1663 1842 1720 idoneus.
1859 1665 1924 1722 Suli-

230 1759 309 1810 sunt.
326 1751 412 1819 Quod
436 1755 465 1806 et
490 1749 607 1806 efficere
631 1748 770 1820 dignetur
794 1750 934 1822 Princeps
960 1755 1059 1823 pasto
1112 1754 1150 1810 cit
1171 1753 1251 1810 enim
1274 1753 1428 1826 episcopo,
1446 1757 1478 1808 ut
1503 1768 1624 1809 summa
1650 1753 1809 1823 vigilantia
1832 1755 1924 1810 insistat

229 1858 308 1906 rum.
338 1843 369 1898 in
396 1857 458 1914 quo
483 1838 637 1911 plenitudo
662 1842 705 1894 est
730 1839 867 1896 omnium
895 1839 1056 1896 bonorum.
1112 1843 1252 1918 pastorali
1264 1842 1373 1898 officio.
1386 1845 1418 1898 Et
1430 1841 1533 1900 abbati
1545 1843 1616 1898 setis
1628 1843 1923 1917 laboriosumquau-

229 1931 293 1988 Tibi
307 1946 379 1987 vero
402 1929 475 2002 quie
499 1928 542 1983 sic
568 1927 674 2000 placet,
690 1927 751 1984 imo
773 1927 846 2001 quie
866 1929 982 2000 justum
1001 1934 1057 1999 est,
1112 1934 1156 1990 vis
1171 1933 1298 1990 multum
1313 1931 1511 2001 fructuosum,
1527 1933 1681 2005 providere
1695 1932 1828 1990 fratrum
1846 1933 1923 1991 saluti.

229 2019 397 2078 habeamus
412 2033 519 2090 pacem
533 2034 604 2074 curn
618 2017 670 2084 eis,
686 2021 714 2073 et
736 2017 830 2074 simus
854 2017 965 2075 subditi
989 2018 1055 2075 illis.
1111 2029 1140 2080 et
1153 2039 1207 2095 per
1220 2021 1324 2078 omnia
1348 2021 1425 2078 bene
1447 2037 1607 2094 procurare
1631 2038 1677 2078 res
1692 2023 1867 2079 monasterii
1880 2023 1920 2077 sui.

229 2109 305 2166 lllud
331 2113 432 2165 summ
456 2107 530 2164 scire
545 2111 572 2164 te
595 2106 674 2175 volo,
689 2107 761 2179 quia
786 2123 847 2162 nou
871 2123 919 2163 me
934 2109 1058 2180 poenitet
1111 2111 1194 2167 Unde
1218 2109 1323 2182 etipse
1339 2109 1428 2168 etiam
1443 2108 1620 2166 distribuere
1639 2110 1729 2166 debet
1744 2109 1921 2167 interimus

229 2215 301 2256 vera
315 2198 434 2266 dixisse,
449 2197 697 2270 quandoquidem
713 2197 785 2253 boni
809 2213 870 2253 non
893 2197 990 2254 solum
1005 2197 1057 2254 bo·
1110 2197 1218 2267 officie,
1233 2197 1264 2253 in
1287 2197 1398 2270 quibus
1422 2213 1484 2253 non
1509 2196 1612 2254 leviter
1637 2197 1744 2270 leviget
1774 2215 1919 2264 oneresue,

228 2289 285 2357 nis,
300 2288 352 2345 sed
367 2289 456 2344 adam
478 2286 565 2342 malis
581 2290 704 2342 utuntur
717 2286 757 2342 ad
779 2286 905 2342 bonum.
921 2287 977 2342 Sed
992 2287 1056 2357 jem
1110 2287 1340 2344 rememorando
1365 2287 1474 2343 scilicet
1496 2287 1551 2344 viri
1574 2287 1742 2360 prudentis,
1762 2305 1850 2362 quem
1866 2305 1920 2360 pre

229 2384 347 2452 tempus
361 2377 461 2447 exigit,
476 2381 505 2433 et
518 2375 700 2432 desiderium
716 2381 812 2442 tuum,
828 2381 861 2434 ut
875 2383 1004 2434 revertas
1017 2377 1056 2434 ad
1111 2376 1345 2446 nominavimus,
1359 2376 1439 2432 dicta
1452 2381 1480 2432 ct
1494 2377 1616 2450 scripte,
1631 2377 1792 2450 inquibus
1813 2379 1917 2434 contim-

228 2467 408 2526 narrationis
422 2481 497 2524 meae
511 2465 662 2538 reliquias.
679 2467 729 2522 Est
741 2482 863 2539 quoque
883 2465 941 2522 alia
965 2482 1057 2522 causa
1111 2471 1177 2524 tur:
1195 2466 1275 2523 Sicut
1288 2465 1464 2521 indecorum
1489 2470 1533 2522 est
1556 2471 1587 2522 ut
1611 2465 1642 2522 iu
1665 2483 1795 2540 corpore
1810 2468 1916 2522 humano

228 2573 390 2634 perquam
417 2572 478 2613 non
498 2561 568 2612 sunt
591 2555 740 2612 constituti
760 2556 928 2612 abbatesin
943 2572 1057 2629 praeno-
1111 2555 1237 2613 alterum
1262 2555 1432 2612 membrum
1459 2555 1579 2611 alterius
1602 2555 1748 2626 fungetur
1775 2556 1872 2620 officio,
1888 2555 1917 2610 ite

228 2648 343 2704 minato
364 2644 558 2702 monasterio.
581 2647 620 2700 lix
642 2661 678 2700 eo
701 2645 814 2718 quippe
838 2648 971 2715 tempore
995 2661 1056 2716 quo
1111 2645 1253 2702 nimirum
1272 2645 1396 2700 nonium
1421 2644 1569 2718 simulque
1593 2645 1817 2718 turpissimum.
1833 2649 1853 2702 si
1874 2646 1916 2700 sio-

229 2738 361 2812 primum
386 2752 403 2791 a
427 2735 516 2790 beato
542 2733 692 2789 ttonifacio
708 2732 875 2805 apostolicae
889 2733 967 2789 sedis
979 2733 1057 2789 vica·
1111 2733 1181 2804 gule
1195 2749 1294 2790 rerum
1310 2732 1473 2790 ministeria
1493 2735 1630 2809 personis
1656 2735 1783 2792 totidem
1802 2751 1857 2792 non
1870 2735 1915 2790 fue-

228 2827 283 2892 rio,
296 2827 382 2895 juxta
407 2823 526 2879 decreta
541 2833 703 2888 canonum,
721 2820 751 2876 in
777 2821 913 2892 Bajoaria
940 2821 1057 2877 ordina-
1110 2824 1169 2879 rint
1183 2821 1349 2878 distributa.
1367 2823 1523 2891 ceterum,
1538 2829 1571 2880 ut
1592 2840 1765 2898 prosequar
1787 2843 1849 2900 qun
1865 2840 1915 2898 pro

228 2913 338 2969 bantur
361 2910 504 2983 episcopi,
520 2909 649 2965 vicissim
670 2909 726 2965 sibi
741 2909 944 2968 succedebant
958 2911 989 2966 in
1003 2911 1091 2995 huc
1110 2913 1261 2986 posuistis,
1279 2913 1308 2966 lt.
1325 2912 1538 2968 Emmerammi
1551 2913 1643 2986 bona,
1659 2930 1729 2987 quea
1745 2931 1792 2970 me
1813 2929 1916 2988 pessun-

226 3003 275 3074 Jus
294 2999 469 3072 episcopatu
492 2999 633 3055 monachi
655 3002 745 3071 etque
769 2998 913 3066 canonici,
931 2999 971 3055 ita
986 3005 1017 3056 ut
1032 3001 1056 3057 si
1110 3002 1183 3058 dare
1207 3000 1360 3074 conquesti
1384 3001 1462 3070 estis,
1487 3003 1611 3074 perdere
1637 3002 1719 3074 nolo,
1745 3004 1796 3060 sed
1822 3005 1857 3060 illi
1879 3003 1914 3057 uri

227 3094 403 3162 antecessor
412 3092 491 3144 esset
505 3086 679 3155 canonicus,
691 3088 774 3144 lieret
785 3105 939 3144 successor
952 3105 1056 3146 mone·
1110 3091 1217 3148 tradite
1231 3095 1299 3147 sunt
1312 3105 1347 3146 ac
1362 3106 1517 3146 servornm
1532 3091 1583 3146 liei
1593 3091 1698 3148 usibus
1710 3097 1739 3148 et
1748 3097 1850 3149 nostra
1865 3091 1915 3145 sedi

228 3182 314 3248 chus,
329 3179 478 3236 etiterum
493 3178 563 3242 hnic
582 3177 763 3234 antecessori
776 3178 949 3234 succederet
963 3195 1054 3236 cano·
1109 3179 1292 3236 omnimodis
1307 3194 1484 3235 conservare
1499 3179 1578 3235 volo.
1594 3180 1651 3236 Sed
1665 3179 1753 3252 longe
1772 3181 1914 3236 abursmc

226 3271 323 3330 nicus.
340 3270 407 3326 Haeo
422 3267 608 3326 consuetudo
623 3284 718 3340 usque
734 3267 774 3327 ad
792 3273 898 3334 nostra
913 3285 1054 3340 perman·
1111 3285 1156 3324 res
1187 3267 1300 3325 habent
1328 3267 1541 3338 hujuscemodi
1572 3284 1667 3340 quam
1704 3267 1840 3339 cogitatis.
1869 3267 1914 3321 fin

227 3357 264 3413 sit
289 3361 434 3431 tempora.
459 3355 643 3429 Episcopelis
671 3373 743 3412 vero
768 3356 853 3412 sedes
882 3361 945 3414 erat
972 3357 1053 3429 epud
1109 3357 1198 3414 etiam
1222 3371 1328 3429 poenas
1343 3355 1469 3412 evadere
1493 3356 1666 3430 poterimus,
1689 3358 1738 3431 qui
1757 3365 1913 3414 sanctorum

218 3449 255 3504 ·S.
272 3450 529 3502 Emmerammum
549 3461 644 3517 usque
659 3444 700 3502 ad
714 3450 849 3518 temporo
863 3445 958 3502 Caroli
974 3446 1054 3520 prin·
1108 3447 1190 3502 bona
1214 3445 1372 3502 famulatui
1393 3449 1495 3501 nostro
1518 3446 1729 3519 deputavimus,
1743 3461 1801 3500 non
1820 3445 1911 3498 solum

227 3534 372 3608 cipis,qui
387 3535 466 3591 hane
481 3535 646 3591 restituitin
659 3535 808 3592 civitatem
822 3535 874 3591 ubi
884 3535 967 3608 prius
979 3540 1051 3592 erat.
1107 3535 1272 3607 quantitate
1286 3535 1414 3606 majora,
1432 3535 1484 3591 scd
1500 3535 1590 3592 etiam
1604 3533 1728 3610 qualitate
1739 3531 1863 3592 meliore.
1880 3537 1908 3587 et

227 3624 314 3689 Quod
328 3628 430 3680 eutem
443 3628 636 3696 percontatus
653 3641 695 3696 es,
711 3623 769 3680 sub
784 3625 869 3695 cujus
887 3623 991 3693 regula
1004 3625 1054 3682 de·
1107 3623 1163 3678 illis
1175 3623 1290 3694 justitie
1303 3623 1397 3680 coacti
1413 3639 1465 3679 scu
1476 3625 1608 3698 superati
1617 3622 1775 3696 reliquimus
1787 3620 1906 3686 minore,

226 3719 340 3786 gerent,
356 3713 460 3787 paucis
475 3711 641 3770 absolvam.
659 3718 690 3770 ln
709 3713 813 3786 primis
832 3727 903 3782 ergo
926 3714 1052 3786 promis·
1107 3712 1159 3786 qui
1174 3712 1328 3768 viciniores
1344 3729 1379 3768 eo
1403 3729 1465 3786 quo
1479 3713 1691 3786 frequentiores
1712 3711 1756 3768 die
1773 3715 1912 3782 noctuque

225 3803 508 3874 cionemfaciebent,
523 3803 691 3860 seeundum
706 3802 841 3872 regulam
857 3803 951 3859 sancti
966 3807 1054 3861 Bene-
1106 3801 1272 3858 familiarus
1299 3802 1486 3860 adhaererent
1500 3803 1625 3872 Christo,
1640 3803 1792 3859 laudantes
1811 3816 1877 3856 cum
1889 3798 1915 3854 in

224 3893 305 3963 dicti,
321 3911 425 3952 eoram
446 3893 590 3967 episeopo
612 3891 729 3949 abbatis
748 3891 828 3948 vices
847 3899 963 3963 egente.
980 3895 1053 3952 Dein
1108 3891 1218 3947 sanctis
1233 3891 1297 3962 ejus
1321 3891 1429 3947 electis.
1442 3915 1456 3941 ιι
1482 3889 1527 3946 Ad
1552 3891 1616 3948 haec
1640 3889 1858 3964 respondebant
1874 3887 1918 3962 qui

224 3981 376 4041 licentiam
391 3982 473 4039 dedit
487 3982 528 4038 eis
550 3981 710 4054 episcopus
731 3980 825 4037 dandi
844 3985 872 4036 et
887 3982 1052 4055 accipiendi
1106 3981 1303 4054 questionem
1324 3981 1506 4038 movebant:
1535 4005 1549 4032 ι
1563 3981 1794 4040 Misericordiam
1812 3985 1839 4036 et
1854 3979 1919 4051 judi·

224 4073 346 4142 propter
368 4069 504 4142 inopiam
526 4068 594 4124 loci.
618 4069 713 4124 Lineis
738 4068 868 4124 camisiis
892 4070 1053 4128 utebantur
1107 4071 1186 4127 cium
1203 4069 1329 4126 Domino
1342 4071 1478 4138 cantasti,
1490 4071 1632 4127 humenis
1647 4070 1762 4144 divine,
1778 4071 1920 4142 utjustum

225 4155 365 4224 seniores,
379 4158 432 4230 qui
446 4173 498 4214 eas
513 4157 625 4214 habere
639 4161 819 4230 potuerunt;
845 4159 943 4214 caeteri
956 4159 1051 4216 laneis
1106 4166 1161 4231 est,
1177 4159 1341 4232 praetulisti,
1352 4176 1423 4216 vere
1438 4159 1545 4218 utiliter
1558 4161 1738 4218 immutasti.
1757 4159 1834 4228 Qirid
1847 4163 1921 4216 restet

223 4243 436 4314 induebantur,
453 4247 493 4303 ob
504 4245 663 4320 penuriam
683 4245 793 4302 scssieet
807 4246 991 4306 cilicinarum
1004 4267 1053 4308 ve-
1106 4256 1210 4306 nostra
1222 4254 1317 4323 parte,
1331 4249 1387 4306 nisi
1403 4255 1434 4306 ut
1445 4251 1556 4325 pariter
1573 4251 1724 4322 dicamus,
1741 4255 1804 4310 Deo
1819 4251 1922 4326 gratias

223 4332 324 4390 stium
338 4334 517 4407 Praeposilus
539 4338 568 4390 et
590 4334 725 4392 decanus
739 4336 954 4394 monasterium
970 4355 1051 4410 rege·
1107 4355 1206 4406 amen,
1221 4338 1368 4396 feliciter?

222 4422 298 4482 bant
324 4426 393 4496 post
416 4422 602 4496 episcopum.
632 4423 687 4490 Qui
715 4424 838 4496 majoris
870 4431 955 4484 erent
979 4433 1050 4485 ecla·
1141 4426 1287 4483 -Finem
1302 4427 1924 4502 sententiaehujus‚inquitammonieus,ut

222 4513 271 4582 tis,
285 4513 440 4570 habebant
464 4513 553 4572 cellas
568 4529 620 4570 seu
635 4514 812 4584 caminatas,
825 4516 996 4587 junioribus
1008 4519 1051 4574 in·
1104 4517 1177 4573 mihi
1192 4516 1319 4585 videtur,
1335 4516 1406 4574 satis
1421 4533 1553 4589 congrue
1568 4519 1755 4576 conclusisti.
1770 4520 1924 4578 Sedecim

221 4604 267 4660 ter
280 4601 426 4658 sedivisis
436 4606 559 4676 propter
569 4602 748 4660 custodiam.
761 4606 964 4662 communiter
979 4623 1051 4680 pau·
1105 4605 1146 4661 sis
1164 4605 1314 4678 aliquibus
1329 4605 1385 4661 boc
1407 4605 1571 4680 disciplicei
1585 4607 1667 4680 quod
1690 4611 1758 4665 tam
1780 4613 1925 4668 moroseet

222 4707 325 4765 peram
352 4706 508 4748 annonem
534 4692 699 4760 habebant,
723 4693 855 4750 volatilia
883 4696 1049 4752 manduce-

220 4779 304 4838 bant.
322 4783 434 4839 Cetera
448 4780 598 4839 faciebant
622 4782 788 4840 secundum
804 4785 1046 4850 consuetudines

220 4885 289 4944 qnae
303 4870 335 4928 in
349 4870 541 4928 monasteriis
564 4871 717 4944 regalibus
731 4872 771 4928 ad
785 4873 816 4929 id
831 4874 972 4947 temporis
985 4874 1048 4931 fue-

220 4963 297 5016 rant.

257 5069 272 5098 κ
281 5049 353 5115 Quae
365 5064 436 5106 cum
449 5049 670 5124 displicuissent
683 5050 902 5126 praenominato
915 5050 990 5119 viro,
1004 5069 1048 5108 re-

219 5137 352 5196 verendo
373 5138 484 5197 scilieet
497 5138 639 5214 episcopo
654 5139 839 5212 Wcllgango,
855 5140 899 5198 uti
911 5140 1048 5214 praedixi-

219 5242 300 5298 mus,
313 5227 515 5284 llamualdum
529 5228 616 5286 annis
638 5232 667 5285 et
684 5228 821 5287 moribus
834 5233 987 5286 maturum
1000 5247 1047 5287 es-

220 5315 351 5389 sumpsit
359 5314 389 5372 in
403 5331 480 5389 opus
492 5317 647 5374 ministerii
660 5318 763 5386 divini,
776 5322 805 5374 et
817 5319 968 5376 constituit
977 5336 1046 5376 eum

219 5405 353 5479 primum
373 5407 579 5479 prepositum,
601 5407 671 5464 dein
697 5407 838 5465 abbatem
862 5409 1044 5466 monasterii.

256 5514 313 5586 (07)
329 5513 371 5569 At
391 5514 425 5568 ui
437 5527 493 5585 pro
507 5514 608 5587 itaque
623 5531 703 5589 sape
718 5519 854 5588 usmpat.

257 5586 314 5656 (98)
332 5585 352 5642 f
388 5599 435 5642 ar.
449 5599 507 5642 xvi.

1104 4696 1192 4769 quasi
1206 4695 1397 4752 dormitando
1413 4695 1516 4752 scribis
1533 4713 1566 4754 ac
1581 4697 1686 4755 dictas.
1707 4702 1792 4772 Ergo
1802 4699 1925 4774 jubeatq-

1102 4783 1166 4840 lum
1182 4783 1321 4840 velociter
1336 4799 1463 4840 currere.
1475 4808 1489 4834 ιι
1507 4785 1560 4842 isio
1575 4785 1615 4842 ad
1628 4803 1700 4843 eum
1715 4805 1722 4843 :
1743 4811 1758 4838 «
1768 4787 1924 4846 infirmius

1103 4872 1253 4930 interdum
1269 4877 1296 4928 et
1311 4873 1544 4946 occupationum
1558 4874 1698 4932 verietate
1711 4879 1924 4952 praepediorne

1103 4961 1403 5034 citoquoeseribenda
1412 4969 1482 5020 sunt
1492 4965 1654 5038 proferam.
1663 4965 1724 5022 Sed
1738 4967 1817 5042 quia
1831 4967 1924 5025 tibihor

1103 5055 1219 5108 comate
1235 5051 1420 5110 satisfactum
1443 5069 1507 5110 esse
1526 5069 1588 5110 non
1610 5055 1732 5126 ignoro,
1749 5057 1925 5114 dilectionem

1103 5139 1145 5196 tui
1155 5144 1183 5196 et
1195 5145 1381 5211 caeterorum,
1397 5142 1508 5216 quibus
1523 5143 1711 5218 impatientia
1723 5145 1860 5222 longum
1873 5151 1926 5201 nn

1101 5244 1173 5303 pore
1187 5230 1266 5300 facit,
1275 5231 1356 5288 haud
1368 5231 1482 5302 ordine,
1497 5232 1521 5288 si
1535 5233 1609 5307 quid
1620 5233 1811 5308 aliquandiu
1821 5233 1926 5313 proice·

1101 5323 1159 5390 tur,
1168 5321 1250 5394 quod
1258 5321 1356 5378 indere
1364 5321 1536 5380 desiderent
1545 5327 1575 5381 et
1584 5324 1697 5392 audire,
1708 5327 1855 5400 primum
1861 5323 1927 5382 detis

1100 5408 1180 5466 beati
1191 5410 1360 5485 Hieronymi
1370 5413 1628 5472 commonefacere
1636 5413 1705 5472 volo
1715 5434 1723 5486 ;
1734 5415 1814 5476 dein
1824 5417 1928 5488 subjun-

1148 5519 1201 5647 ῗῧὲ
1213 5521 1304 5578 Zocb.
1320 5538 1349 5577 u.
1391 5592 1396 5606 ι
1460 5593 1465 5604 .
1611 5593 1617 5605 ¹

1203 5591 1307 5664 idrag.
1321 5593 1431 5665 Regnat.
1447 5591 1499 5652 bb.
1515 5599 1656 5669 u1,ep1st.
1673 5595 1715 5652 ll.
