3984 6182
103 221 172 274 tarr
200 217 202 222 ’
497 219 542 276 DE
561 220 749 278 bisacutis
769 217 797 274 S.
818 211 1030 272 bauaflabfflt
1050 217 1140 275 Lllllll
1161 223 1243 279 DUO.
1265 251 1299 264 ·-·
1319 225 1383 282 LlB.
1405 228 1425 282 l.
1749 235 1817 288 tols

102 349 159 400 tem
176 343 395 413 thesaurorum,
411 359 483 415 qrsos
497 343 639 413 insipiens
654 359 691 401 oc
705 357 804 399 minos
826 343 932 395 contus
951 339 973 392 ll
988 341 1016 394 el
1030 341 1136 410 malos,
1150 361 1203 417 per
1215 362 1309 418 parva
1324 364 1359 405 ac
1383 349 1567 407 insensibilia
1592 353 1723 425 operaris
1750 373 1817 414 mg.

101 433 132 489 in
146 433 373 503 sugillationem
391 435 450 489 mci
462 433 603 488 subtraxi
627 435 691 501 ejus
717 431 825 488 notiori
848 427 938 485 serui-
992 443 1051 496 gna
1067 446 1121 487 nec
1134 449 1194 490 non
1211 436 1369 504 mirabilia,
1385 443 1417 495 ut
1430 439 1567 496 homines
1578 441 1715 499 cordatos
1728 443 1817 502 bene·

101 522 295 579 tiiCoiicem
311 526 411 578 nutem
426 535 563 586 auream,
578 537 664 593 quern
680 535 769 591 opere
788 535 824 576 oc
835 519 939 602 formo
992 516 1118 576 dictione
1135 527 1184 580 tua
1196 524 1307 583 efficias
1324 532 1488 601 coaptatos.
1508 529 1590 586 lianc
1604 531 1754 604 siquidem
1765 535 1818 606 qui

102 613 184 678 satu,
212 615 247 665 ut
272 610 390 679 opinor,
418 609 535 666 decenti
560 609 652 666 adem
679 610 845 666 clarissimo
870 606 938 661 testl
991 623 1062 664 aure
1077 611 1174 667 cordis
1187 617 1381 689 perceperint,
1396 622 1425 674 et
1437 617 1468 674 in
1481 619 1547 690 ejus
1563 619 1757 678 obauditione
1771 639 1819 678 us-

102 701 273 771 passionum
289 698 405 756 Chrs'sti
416 701 551 771 potroui,
566 714 633 756 cum
649 699 694 756 itis
709 698 856 767 omnibus,
871 708 937 767 qua
991 713 1049 769 que
1063 698 1093 754 in
1108 698 1198 758 finem
1212 707 1473 779 perseveraverint,
1486 708 1610 765 mirrime
1620 709 1775 783 pavebunt
1788 712 1819 768 in

104 787 192 847 lobiis
207 789 341 858 distinxi,
357 803 447 858 super
461 795 488 846 ct
498 790 580 847 circo
595 791 688 860 ipsios
699 790 798 846 ultore
806 787 934 858 ponetis.
991 785 1038 840 die
1053 788 1226 859 novissimo,
1237 809 1293 850 nec
1308 811 1395 852 altres
1408 812 1512 853 eorum
1524 797 1651 855 tinnient
1662 798 1701 854 ab
1715 797 1820 857 auditu

102 879 203 950 sicque
214 893 251 934 cor
265 879 443 934 numilitatis
458 893 529 934 mea
545 879 693 950 tepouone
708 878 835 934 dicetis:
851 899 865 926 s
882 876 936 930 Mi·
989 875 1081 943 malo,
1110 880 1234 950 quando
1258 882 1396 940 inimicus
1420 885 1556 943 exriltans
1584 903 1675 960 super
1697 887 1818 946 interitu

102 967 210 1024 stoici
225 967 278 1023 itte
287 973 430 1036 peccator
445 967 542 1038 tomo,
556 968 693 1039 qrsonuu's
717 969 749 1023 in
773 971 878 1022 sanctu
892 981 936 1022 ec·
990 963 1163 1036 impiorum,
1179 985 1210 1024 se
1219 972 1375 1040 jactaverit
1388 973 1490 1030 dicens
1506 977 1560 1048 (77)
1579 995 1585 1032 :
1608 977 1755 1034 Provolat
1765 978 1819 1034 od·

102 1057 192 1112 clesio
204 1056 319 1112 ordinis
329 1057 403 1124 jure
426 1057 508 1112 socri
528 1057 682 1126 particeps
701 1057 794 1114 irruit
807 1054 935 1110 concissis
990 1068 1091 1109 uersus
1105 1070 1162 1111 eos.
1179 1059 1201 1113 0
1215 1060 1284 1114 iesu
1298 1058 1387 1128 boue,
1401 1063 1474 1134 quid
1496 1079 1552 1120 nos
1579 1069 1750 1139 peccatores
1776 1064 1818 1120 ibi

102 1145 241 1216 angelici,
257 1145 437 1201 iinmeritam
460 1150 559 1202 tomen
584 1151 613 1202 et
640 1147 726 1216 longe
748 1145 885 1214 inparem
905 1157 935 1198 sc
988 1141 1094 1198 dicturi
1111 1160 1227 1213 sumus,
1245 1147 1295 1202 ubi
1307 1148 1357 1203 vix
1371 1149 1443 1221 justi
1457 1151 1653 1209 salvabuntur
1667 1154 1681 1208 ‘l
1697 1157 1760 1210 Non
1774 1155 1818 1210 est

103 1233 286 1304 perpendens
302 1235 382 1291 tonti
397 1234 570 1290 ministeriis
585 1235 689 1304 officii,
702 1249 804 1290 seruus
819 1245 935 1304 quoque
987 1231 1075 1288 nobis
1090 1249 1158 1306 spes
1171 1235 1274 1305 altera,
1291 1237 1348 1292 nisi
1363 1254 1456 1311 quam
1475 1240 1579 1296 delinit
1600 1241 1647 1297 ille
1671 1246 1739 1298 tuus
1759 1242 1818 1299 ele·

104 1329 182 1392 tntis,
198 1323 281 1380 teate
294 1323 524 1390 Emmcrommc,
543 1323 700 1392 adoptione
712 1324 767 1378 srsls
780 1323 851 1392 ipsis
862 1337 935 1391 pon·
988 1323 1052 1374 olus
1068 1321 1235 1392 psalmista,
1251 1324 1304 1396 qui
1319 1325 1373 1382 fuit
1384 1343 1436 1382 rex
1448 1331 1477 1382 et
1491 1330 1646 1400 propbeta,
1672 1329 1738 1386 tofis
1755 1344 1819 1385 mo·

103 1412 263 1481 tificolibus
278 1412 386 1483 insulis
400 1413 513 1482 factos,
525 1413 556 1468 in
572 1413 712 1469 entrcrnis
726 1413 815 1469 etium
828 1413 934 1466 consti-
987 1407 1077 1464 dullis
1092 1409 1131 1465 ad
1147 1415 1173 1466 te
1188 1409 1346 1468 clamitans
1361 1415 1460 1470 cordis
1475 1417 1533 1484 (78)
1551 1435 1556 1471 :
1569 1417 1640 1486 Spes
1653 1431 1718 1474 mco
1731 1431 1759 1473 es
1775 1423 1818 1486 tn,

102 1505 195 1568 tutus,
211 1515 282 1570 erpo
297 1501 496 1556 reuerentiam
510 1501 556 1556 tui
568 1500 700 1570 deuotus,
726 1499 781 1555 tibi
805 1501 867 1555 isac
881 1500 934 1554 mi·
986 1499 1085 1567 portio
1099 1515 1164 1556 meo
1179 1501 1210 1556 in
1226 1506 1308 1559 terro
1324 1504 1485 1560 uiuentium
1499 1519 1511 1572 ,·
1524 1521 1616 1577 quam
1632 1505 1663 1561 in
1687 1509 1739 1562 tuo
1763 1521 1819 1562 no-

101 1590 377 1661 sitotqnersrnisit,
398 1604 452 1646 noc
477 1605 537 1646 non
561 1592 700 1646 ultimum
714 1591 853 1660 spiritum
869 1595 931 1645 tro·
987 1585 1077 1654 mine,
1092 1587 1165 1645 dum
1181 1593 1299 1664 tempus
1314 1597 1358 1647 est
1377 1593 1599 1662 misericordiae,
1623 1597 1742 1651 aPatre
1764 1609 1819 1667 po-

102 1679 175 1735 nens
184 1681 317 1735 animum
331 1695 399 1736 cum
415 1695 539 1750 corpore
559 1681 727 1750 patrocinio
739 1686 789 1736 too
801 1679 932 1736 commis·
951 1692 973 1744 B
989 1675 1160 1734 stulandam
1173 1678 1334 1736 didicimus
1349 1696 1402 1753 per
1421 1683 1627 1753 evangelicam
1640 1684 1818 1740 doctrinam.

100 1769 150 1824 sit.
169 1791 183 1816 n
203 1769 270 1824 llaec
299 1783 370 1824 vero
396 1767 474 1825 iacta
500 1772 528 1824 et
552 1769 632 1826 dicta
650 1785 720 1826 cum
744 1785 806 1826 non
818 1785 933 1843 paucos
988 1765 1033 1822 Sic
1050 1764 1129 1821 onim
1151 1771 1246 1837 tuum,
1260 1784 1279 1824 o
1293 1770 1413 1838 veritas,
1429 1771 1520 1828 habet
1533 1772 1722 1842 evangelium
1737 1773 1817 1844 (79);

101 1857 297 1913 convenirent
324 1872 358 1914 ac
386 1857 567 1914 deterrerent
592 1873 648 1931 pro
675 1858 799 1915 abusive
823 1858 934 1914 usitata
986 1855 1147 1912 ambulate
1160 1857 1231 1913 dum
1251 1859 1379 1926 dieresi,
1406 1875 1444 1916 ne
1471 1862 1601 1918 tenebroe
1621 1877 1670 1918 oos
1685 1877 1819 1932 compre-

101 1949 276 2002 sanctorum
291 1945 366 2002 inter
376 1946 516 2002 mortales
530 1933 727 2016 neglegentia,
749 1963 931 2020 campanum
987 1944 1140 2014 amioum
1156 1945 1325 2003 etiterum:
1341 1949 1420 2004 Dum
1437 1950 1536 2006 lumen
1552 1950 1676 2019 bobetz's,
1706 1950 1820 2006 credite

102 2033 259 2106 quoddam
273 2035 436 2107 quantitate
453 2034 616 2102 modicum,
633 2051 652 2092 a
672 2034 776 2105 legatis
798 2035 932 2108 episcopi
986 2033 1017 2088 in
1034 2033 1139 2100 locon,
1156 2035 1344 2104 utfitiilucis
1358 2037 1432 2092 sitis.
1464 2039 1496 2092 Et
1519 2036 1592 2093 illud
1617 2035 1818 2094 excusationis

101 2133 172 2177 cum
187 2121 252 2178 aliis
262 2123 352 2178 rebus
366 2123 397 2179 in
412 2122 538 2180 basilica
551 2123 670 2195 patroni
695 2123 789 2179 nostri
815 2124 933 2197 exposi·
985 2122 1127 2177 humanae
1156 2122 1359 2180 exclusorium
1387 2125 1612 2196 diligentissime
1654 2127 1819 2184 adtenden-

98 2213 176 2279 tum,
191 2211 304 2280 grando
318 2227 372 2284 per
386 2227 420 2267 os
439 2211 602 2268 dicentium
630 2211 816 2285 praedicabat
841 2212 931 2269 mira·
986 2210 1071 2280 dum,
1085 2227 1139 2268 nec
1154 2228 1216 2268 non
1231 2214 1343 2270 intimis
1368 2215 1503 2288 suspiriis
1527 2215 1725 2272 annitendum
1738 2217 1793 2287 (80)
1809 2233 1816 2270 :

95 2297 211 2354 culum.
229 2298 323 2370 Hujus
337 2314 409 2370 ergo
420 2315 489 2356 cum
503 2300 667 2373 imperator
690 2303 756 2358 Otto
782 2303 931 2358 secundus
987 2299 1197 2374 Quodcumque
1208 2305 1356 2372 ¹petieritis
1370 2306 1491 2361 Putrem
1509 2307 1540 2360 in
1555 2307 1673 2362 nomine
1683 2320 1755 2371 meo,
1767 2304 1820 2361 do·

96 2385 265 2460 aliquando
279 2388 363 2460 apud
378 2390 520 2446 Sanctum
535 2391 793 2446 Emmerammum
816 2391 933 2446 audiret
987 2389 1032 2445 bet
1046 2390 1135 2446 nobb.
1155 2391 1283 2446 Petimus
1297 2407 1369 2461 ergo
1384 2391 1423 2448 ad
1440 2397 1466 2448 te
1481 2393 1628 2463 conversi,
1653 2396 1737 2449 Pater
1763 2393 1819 2448 llo-

95 2475 241 2532 tinnitum
256 2477 439 2548 singularem
463 2483 492 2534 et
519 2493 572 2550 pre
601 2479 704 2534 ceteris
725 2479 823 2549 magis
846 2495 933 2534 sono
986 2478 1061 2534 mini
1075 2479 1167 2534 nostri
1182 2483 1251 2535 lesu
1273 2480 1391 2548 Christi,
1421 2485 1452 2536 ut
1479 2481 1510 2536 in
1538 2481 1660 2537 nomine
1681 2481 1819 2552 ejusdem

94 2581 177 2634 rum,
191 2564 283 2622 fertur
296 2565 418 2635 dixisse,
427 2566 546 2623 authoc
557 2571 609 2622 aut
622 2566 692 2624 huic
707 2567 802 2623 simile
817 2585 848 2624 se
857 2567 932 2623 velle
986 2566 1130 2636 unigeniti
1146 2568 1197 2636 tui,
1212 2568 1299 2638 cujus
1312 2568 1446 2624 karitatis
1457 2567 1564 2625 beatus
1577 2573 1818 2627 Emmerammus

94 2655 221 2712 hebere.
238 2657 303 2722 Qua
318 2657 476 2714 occasione
491 2655 642 2730 predictus
654 2656 789 2729 pontifex
800 2657 869 2714 inde
886 2675 933 2714 su·
987 2655 1091 2710 martir
1104 2659 1172 2711 tuus
1193 2656 1269 2712 inter
1283 2657 1307 2692 ²²
1323 2655 1453 2728 plurales
1469 2659 1594 2714 ”testes
1609 2659 1633 2694 ¹²
1648 2658 1779 2714 imitator
1794 2661 1818 2694 ¹¹

96 2744 217 2802 blatum
231 2745 312 2802 idem
329 2746 548 2819 campanulum
569 2747 600 2803 in
616 2747 664 2804 via
676 2747 766 2818 jussit
779 2753 932 2822 transpor-
987 2744 1216 2818 quodammodo
1229 2747 1252 2781 ²²
1268 2745 1360 2802 extitit
1376 2746 1546 2818 singularis,
1563 2746 1706 2804 ineffabili
1720 2751 1748 2802 et
1771 2762 1820 2802 so-

95 2836 155 2892 teri
171 2851 285 2906 secum,
299 2835 460 2893 arbitratus
475 2835 546 2892 satis
574 2852 606 2892 se
631 2836 781 2894 iacturum
807 2838 933 2913 principi
986 2834 1038 2891 lita
1052 2834 1130 2892 circa
1144 2839 1316 2907 peccatores
1331 2851 1405 2892 usus
1420 2835 1588 2904 clementia,
1606 2833 1820 2892 confitentibus

96 2924 252 2982 oblatione
267 2925 369 2998 cupiti.
386 2925 472 2992 Quod
496 2930 660 2999 postquam
684 2931 730 2982 est
752 2927 790 2984 de
804 2929 933 2986 martiris
986 2927 1015 2978 et
1029 2923 1173 2980 contessis
1185 2923 1317 2981 dimittas
1328 2923 1512 2997 impietatem
1534 2925 1633 2982 cordis
1658 2941 1693 2981 ac
1718 2923 1764 2981 ini
1806 2953 1819 2967 ·

96 3013 225 3071 ecclesia
243 3014 367 3087 elatum,
392 3014 435 3072 uti
462 3015 666 3088 comperimus
695 3030 749 3088 per
774 3017 933 3088 cujusdam
950 3035 973 3094 C
988 3012 1043 3068 das
1068 3012 1253 3084 unctionem}
1265 3017 1321 3068 tuse
1335 3013 1495 3070 uberrimae
1517 3013 1742 3081 consolationis,
1762 3029 1819 3069 nec

95 3103 266 3178 presbyteri
280 3103 419 3172 relatum,
449 3103 488 3160 ad
513 3104 565 3160 Dei
584 3105 797 3177 omnipotentis
825 3110 933 3163 nutum
986 3118 1048 3159 non
1064 3102 1224 3158 confirmes
1239 3102 1270 3158 in
1280 3102 1368 3159 nobis
1381 3119 1473 3175 opera
1481 3103 1590 3159 divina
1601 3102 1817 3169 miserationis3

96 3192 308 3249 immutatione
324 3192 390 3249 soni
404 3191 517 3249 iactum
533 3196 717 3264 estmutum,
729 3209 783 3250 nec
799 3193 876 3250 illius
891 3211 933 3251 ar·
986 3196 1019 3248 ut
1033 3191 1116 3264 quod
1129 3191 1159 3245 in
1175 3192 1232 3247 boc
1246 3191 1347 3246 seculo
1362 3191 1676 3250 dulceacdeleclabile
1692 3191 1818 3258 videtur,

96 3281 190 3337 tificio
205 3281 302 3353 aptari
312 3281 409 3354 potuit
420 3281 580 3355 euphonia
592 3280 691 3338 officio
704 3299 798 3356 usque
811 3283 841 3339 in
852 3283 932 3340 diem
987 3280 1100 3338 timoris
1114 3281 1156 3336 lui
1169 3280 1334 3337 reverenda
1348 3280 1585 3336 consideratione
1599 3282 1775 3346 amarescat,
1792 3281 1821 3334 et

97 3368 259 3438 ethoram,
272 3384 334 3442 qua
351 3371 410 3425 Deo
424 3369 523 3426 dilecti
552 3370 681 3426 martiris
710 3387 787 3426 casse
815 3372 932 3428 restitu-
986 3370 1233 3443 quodamnmm,
1249 3369 1415 3426 dilectionis
1435 3374 1491 3425 tusa
1514 3368 1695 3426 suavissima
1717 3382 1822 3440 specu·

96 3463 174 3523 tum,
191 3457 245 3514 etsi
258 3456 443 3527 insensibile,
460 3457 641 3531 presentiam
658 3458 773 3515 domini
797 3459 844 3514 sui
868 3475 932 3516 sen·
985 3458 1095 3516 latione
1108 3458 1270 3515 dulcescat.
1289 3459 1394 3531 Sicque
1410 3459 1485 3514 dum
1497 3458 1567 3531 ipse¹
1585 3457 1712 3514 volvitur
1735 3471 1822 3512 mun-

97 3547 184 3604 sibus
195 3546 322 3603 humani
337 3562 368 3603 so
384 3546 492 3604 sentire
506 3547 623 3620 indidit,
645 3563 680 3604 ac
701 3548 827 3604 dulciter
847 3549 934 3605 tinni-
986 3548 1053 3618 dus,
1069 3564 1087 3604 a
1101 3547 1190 3621 lapsu
1204 3553 1233 3604 et
1245 3563 1347 3605 amoro
1362 3553 1566 3621 peccatorum,
1581 3550 1607 3603 te
1614 3545 1820 3614 resuscitante,

96 3637 149 3692 vit.
164 3637 235 3692 Vere
249 3639 310 3702 tua,
327 3636 449 3705 Christe,
465 3636 529 3693 berc
545 3640 613 3693 sunt
628 3653 730 3710 opera,
757 3637 809 3710 qui
830 3639 932 3694 crede·
987 3653 1160 3711 surgamus,
1176 3653 1213 3694 ne
1228 3638 1259 3694 in
1274 3637 1333 3694 fine
1349 3638 1530 3700 seculorum,
1550 3653 1620 3694 cum
1642 3652 1749 3694 omues
1765 3635 1820 3690 ho-

98 3725 142 3780 ris
154 3729 182 3780 et
197 3741 228 3782 es
241 3724 344 3781 aterni
358 3725 450 3781 Patris
463 3722 631 3798 sapientia;
653 3725 700 3782 isui
725 3727 818 3784 David
842 3727 932 3784 corde
986 3729 1083 3785 mines
1099 3727 1315 3784 resurrexerint
1333 3743 1403 3784 cum
1418 3727 1606 3800 corporibus,
1622 3726 1653 3782 in
1676 3731 1821 3782 aeternum

95 3813 231 3886 jubilans
244 3813 354 3870 clamat
367 3815 424 3885 (74)
441 3833 448 3870 ι
463 3815 558 3883 Quom
567 3829 679 3885 magna
692 3816 853 3872 multitudo
866 3817 933 3872 dul·
987 3817 1209 3872 confundamur
1236 3831 1271 3872 ac
1298 3815 1476 3888 puniamur;
1508 3815 1560 3870 sed
1590 3814 1717 3886 emptitii
1745 3811 1822 3868 servi

99 3903 213 3960 rodinis
229 3909 298 3974 tues,
311 3905 447 3975 Domine,
463 3919 552 3976 quom
568 3904 751 3961 abscondisti
763 3906 933 3962 timentibus
986 3920 1068 3960 nunc
1082 3920 1153 3959 cum
1164 3903 1323 3960 collibertis
1340 3902 1436 3972 gratia
1448 3908 1500 3957 tua
1515 3901 1598 3970 digni
1619 3900 1723 3966 effecti,
1750 3903 1822 3952 tunc

99 4000 148 4064 te,·
158 3997 186 4048 et
201 3993 308 4049 iterum
323 3997 381 4062 (75)
398 4010 405 4048 :
420 3993 549 4049 auditui
562 4009 626 4050 meo
645 3994 729 4049 stabis
744 3995 891 4066 portdium
905 4000 934 4051 ct
988 3992 1078 4049 etiam
1093 3992 1150 4047 tuis
1168 4008 1237 4047 cum
1251 3989 1356 4046 amieis
1378 4003 1497 4061 semper
1512 3985 1663 4042 mansuris
1688 3983 1822 4058 deputati

100 4083 264 4152 luticiam·
279 4089 306 4138 et
321 4082 502 4139 enunciant
516 4098 582 4139 osso
597 4082 757 4139 humiliata
768 4084 874 4154 :cujus
885 4083 935 4139 de
987 4080 1118 4153 gaudiis,
1133 4068 1230 4135 secur'i
1245 4078 1404 4133 videamus
1422 4075 1582 4132 Dominum
1601 4077 1701 4130 insum
1717 4071 1823 4130 Filium
1932 4143 1939 4160 x

101 4171 214 4228 siderio
237 4170 413 4243 delectatus,
440 4172 557 4228 nomini
580 4177 632 4228 tiro
661 4172 813 4228 credentes
828 4172 860 4228 in
874 4171 934 4230 fine
988 4172 1073 4226 tuum
1088 4167 1279 4225 liberatorem
1294 4169 1322 4222 et
1339 4165 1515 4238 episcopum
1531 4164 1702 4221 animarum
1717 4168 1745 4219 et
1759 4177 1823 4218 cor·

98 4259 290 4335 psalmorum
304 4259 344 4316 ad
358 4261 666 4333 periecbonislaudes
687 4277 865 4334 provocans,
893 4263 935 4319 ait
988 4275 1097 4333 porum
1127 4263 1310 4328 nostrorum,
1334 4255 1468 4327 judicem
1495 4256 1611 4326 justum
1636 4253 1774 4311 vivorum
1794 4255 1823 4309 et

89 4351 161 4422 ,(76)
176 4367 183 4406 :
199 4351 336 4408 Loudote
349 4352 507 4406 Dominum
523 4353 554 4406 in
571 4351 714 4422 cymbulis
731 4352 801 4409 bene
823 4369 933 4410 sonon-
952 4386 975 4441 n
991 4354 1189 4415 mortuorum,
1203 4352 1301 4404 tecum
1313 4345 1464 4402 viventem
1479 4350 1569 4418 atque
1588 4345 1619 4401 in
1635 4344 1745 4401 unitate
1759 4341 1822 4415 Spi-

104 4439 201 4508 tibus3
219 4439 341 4496 undare
354 4455 420 4496 cum
433 4441 464 4495 in
479 4440 625 4510 mentulis
635 4440 838 4510 Jubitotionis.
860 4445 933 4498 Ecce
990 4440 1062 4496 ritus
1076 4437 1170 4494 sancti
1182 4440 1370 4508 regnantem,
1386 4451 1440 4508 per
1452 4435 1634 4492 immortalia
1650 4432 1823 4490 seculorum

104 4530 245 4585 humanis
261 4529 366 4586 salutis
386 4535 513 4603 amator,
530 4530 647 4600 generis
669 4531 761 4587 nostri
791 4531 884 4589 iactor
908 4539 937 4591 et
990 4529 1099 4586 secula.
1115 4531 1219 4584 Amen.

103 4623 268 4690 reparator,
283 4618 335 4692 qui
351 4618 442 4674 cnam
459 4618 609 4690 benignus
637 4635 670 4674 es
697 4635 787 4692 super
800 4621 934 4693 ingratos

166 4715 420 4787 PROOEMIUM
445 4717 567 4786 LlBlll
594 4719 651 4785 DE
676 4717 886 4788 MEMORIA
911 4721 950 4791 B.
975 4715 1255 4789 subsannati
1279 4713 1335 4781 ΕΤ
1359 4712 1466 4781 atus
1489 4705 1754 4776 AMATORUM.

141 4824 218 4878 inter
226 4828 333 4879 caetera
344 4823 554 4895 mysteriorum
563 4823 727 4880 coelestium
736 4829 936 4897 sacramenta,
993 4822 1350 4898 (Enod.xxxvl.0uorum
1361 4817 1418 4890 pia
1429 4814 1572 4872 oblationi
1588 4817 1616 4869 et
1629 4809 1826 4884 pauperiores

103 4911 937 4988 Veterisbegistestanturscriplaquodadoedificationem
992 4903 1538 4985 eodempraeceptoconducti‚indices
1553 4898 1825 4958 mentiumdevota·

103 4999 291 5058 tabernaculi
301 5001 449 5076 principes
465 5003 596 5060 tribuum
609 5007 637 5059 et
651 5003 770 5061 ditiores
781 5005 894 5078 quique
907 5005 937 5061 in
991 5020 1070 5072 rum,
1079 5003 1168 5057 etiam
1174 4995 1606 5071 pilosaddideruntcaprarum
1619 4989 1728 5060 (ibid).
1747 4986 1824 5054 Quid

104 5090 220 5166 populo
229 5092 279 5148 liei
288 5092 527 5166 pretiosadivino
532 5093 621 5163 jussu
631 5091 936 5150 obtuleruntdonaria
991 5097 1092 5150 autem
1114 5093 1195 5145 Nova
1215 5089 1272 5142 Lex
1285 5099 1375 5157 super
1396 5084 1452 5138 hac
1467 5097 1498 5137 re
1514 5079 1675 5149 contineat,
1691 5095 1745 5135 seu
1762 5093 1825 5150 qua

1021 5199 1029 5250 l
1081 5196 1133 5250 ES.

145 5287 168 5321 ¹²
182 5287 308 5358 Reliqua
324 5289 355 5343 in
372 5291 396 5343 t.
413 5303 505 5344 muno
519 5301 584 5344 sac.
604 5285 669 5342 XV.
685 5195 1131 5357 scriptnvsislrzrltsssfoliiocgegcqsnti
1142 5297 1209 5337 cuns
1223 5281 1314 5349 liujus
1328 5277 1400 5334 libri
1410 5276 1471 5345 fine
1483 5276 1607 5347 antiquo
1622 5275 1732 5330 arcuo.

908 5374 1020 5430 NOTAE.

156 5445 200 5516 74)
220 5445 295 5503 Psal.
311 5461 382 5511 xxx,
397 5447 443 5500 20.
1030 5441 1088 5514 (78)
1107 5437 1187 5495 Psal.
1203 5454 1277 5506 nm,
1293 5443 1319 5494 6.

144 5444 191 5728 ki
222 5515 298 5573 Psal.
313 5532 339 5588 a,
357 5519 399 5572 so.
1030 5517 1087 5586 (79)
1106 5514 1191 5568 ioan.
1204 5527 1256 5580 xn,
1272 5513 1316 5580 35,
1334 5513 1378 5566 36.

174 5590 190 5644 6
223 5588 299 5644 Psal.
316 5603 359 5656 ru,
373 5591 400 5642 ὅ.
1030 5585 1087 5657 (80)
1105 5585 1190 5639 toan.
1206 5599 1256 5652 xv,
1275 5585 1315 5636 tn.

155 5663 190 5714 77
221 5657 364 5726 Psol.1u,
380 5661 406 5712 5.
