3996 6178
228 225 297 284 ιιιι
856 266 860 280 .
910 227 1057 292 rotonis
1076 225 1131 285 xlx
1149 217 1248 284 rere
1871 223 1925 282 ιιι

222 363 332 408 cesano
347 349 573 429 archiepiscopo
586 355 789 429 lugdunensi,
798 357 926 418 salutern
938 355 1050 415 charis·
1063 351 1088 407 Α
1102 349 1206 409 filium.
1221 350 1286 410 ribi
1311 365 1393 425 ergo,
1405 349 1448 409 flli
1461 345 1646 418 charissime,
1667 345 1744 404 inter
1758 361 1868 404 omnes
1888 350 1927 406 ab

222 438 330 496 simam
346 457 416 498 cum
429 441 637 504 benedictione
653 449 827 522 apostoliea,
1102 441 1189 500 bates
1204 441 1303 500 Gallim
1316 447 1345 500 et
1354 441 1519 499 Germanias
1532 439 1697 515 primatum
1710 435 1846 494 sedendi
1859 443 1887 495 et
1893 441 1931 510 jn

258 529 441 588 Gnuslcnum
476 534 722 595 llatisconcnsem
751 539 977 612 suffraganeum
1002 552 1051 594 vc·
1104 530 1226 588 dicandi
1240 535 1270 589 et
1284 531 1445 590 concilium
1463 546 1533 588 cum
1558 527 1672 586 satem
1694 525 1864 584 abbatibus
1884 529 1929 585 ha-

222 620 327 691 strum,
353 619 555 680 cluniacensis
578 627 750 685 monasterii
773 628 867 686 nostri
890 627 1050 688 ordinatio-
1104 621 1196 678 bandi
1211 622 1414 680 concedimus.
1431 619 1508 678 Nulli
1529 618 1756 693 episcoporum,
1781 617 1928 691 mchiepis

221 721 292 762 nem
318 711 346 766 et
369 712 624 771 consecrationem
649 717 735 773 avide
765 721 870 775 contra
895 715 1051 791 privilegia
1106 724 1262 785 collorum,
1282 708 1523 783 patriarcharum
1535 712 1656 774 femere.
1671 704 1731 762 nisi
1747 721 1768 762 ὃ
1789 704 1874 762 V⁰bi⁵
1891 723 1926 763 at·

222 796 389 868 apostolica
404 814 548 872 usurpare
570 809 765 876 querentem,
788 805 875 863 valde
900 806 1049 875 dolemus,
1105 803 1192 873 cepta
1204 797 1333 869 ιιιιιιιιι,
1349 813 1440 872 super
1452 796 1545 854 altare
1558 795 1646 853 vestri
1659 794 1825 870 patrocinii
1838 795 1927 851 missa-

222 898 260 940 ex
283 899 319 941 eo
340 886 438 956 magis
453 889 537 960 quod
560 894 711 950 tentorum
741 895 976 968 apostolicorum
1003 910 1052 951 cx·
1105 903 1174 946 rum
1199 888 1346 946 solemnia
1373 887 1524 945 celebrare
1548 885 1645 943 liceat.
1667 883 1787 942 Nullius
1813 900 1926 958 persona

223 973 531 1035 communicationum
545 995 614 1038 rcus
628 982 693 1041 sola
706 983 869 1058 cupiditate
885 984 981 1041 factus
995 986 1048 1040 est.
1105 977 1251 1052 principis
1275 993 1373 1052 neque
1398 980 1493 1034 totum
1520 991 1618 1049 neque
1642 979 1765 1049 partem
1788 973 1827 1030 de
1851 973 1926 1030 rebus

223 1062 257 1116 Et
283 1061 355 1135 quia
381 1079 436 1138 pro
461 1081 563 1126 amore
577 1071 673 1129 sancti
696 1072 782 1144 Petri,
798 1073 885 1147 cujus
900 1071 1050 1144 singulare
1106 1067 1244 1139 ejusdem
1258 1066 1431 1125 monasterii
1446 1065 1535 1123 alicui
1554 1064 1728 1122 mortalium
1745 1062 1873 1121 subdere
1889 1063 1925 1120 rat

223 1153 440 1212 monasterium
455 1160 508 1228 est,
525 1175 588 1216 suas
602 1162 680 1234 parti
694 1162 804 1221 favisse
829 1167 858 1220 et
882 1163 980 1220 favere
994 1177 1051 1218 vos
1105 1157 1136 1215 in
1150 1156 1332 1215 beneficium
1345 1160 1487 1234 prestare
1500 1155 1620 1220 audeat,
1646 1157 1777 1228 excepto
1801 1153 1864 1210 solo
1882 1153 1923 1210 ab

223 1239 431 1315 intelleximus,
445 1247 557 1318 gratias
577 1249 664 1308 vobis
686 1253 858 1327 apostolicis
872 1251 1052 1310 benedictio·
1105 1247 1186 1318 bate,
1201 1247 1255 1321 qui
1267 1245 1400 1318 legitima
1419 1244 1567 1303 beneficio
1589 1243 1660 1301 viris
1683 1259 1721 1300 ec
1744 1242 1923 1299 ministeriali·

223 1329 314 1387 nibus
336 1333 493 1394 referimus
506 1339 685 1414 cumulatas,
701 1347 729 1399 et
751 1347 785 1400 ut
809 1342 991 1400 incessanter
1010 1341 1053 1398 fu·
1105 1333 1164 1392 bus
1179 1335 1241 1394 suis
1255 1342 1397 1410 praestare
1409 1336 1518 1406 hahcl;
1532 1335 1585 1392 sed
1600 1333 1655 1392 soli
1675 1337 1825 1392 llomanae
1845 1333 1922 1390 Eccle

224 1418 317 1488 cistis,
332 1422 471 1495 petimus.
489 1427 551 1485 Sub
566 1445 633 1502 quoe
646 1430 737 1488 etiam
750 1447 894 1502 rogamus
908 1436 941 1488 ut
954 1430 1052 1488 eidem
1107 1425 1158 1482 siae
1174 1425 1311 1501 specialis
1325 1426 1386 1484 filia
1409 1425 1561 1484 fuldensis
1584 1424 1717 1482 Ecclesia
1742 1424 1834 1482 libere
1850 1429 1920 1498 atquc

224 1507 366 1584 episcopo
380 1511 572 1588 interdicatis,
588 1517 664 1575 sicut
678 1535 734 1575 nos
748 1519 851 1577 litteris
864 1519 973 1578 nostris
985 1519 1053 1576 feci·
1108 1532 1212 1572 secure
1240 1517 1397 1575 deserviat.
1422 1517 1460 1586 Si,
1482 1516 1567 1590 quod
1582 1516 1679 1574 absit!
1710 1515 1823 1589 aliquis
1845 1515 1919 1572 alrbes

223 1613 293 1654 mus
311 1602 577 1678 consecrationem,
603 1607 834 1680 ordinationem,
858 1609 907 1666 vel
929 1608 1052 1683 aliquod
1107 1605 1145 1661 de
1159 1609 1258 1662 vestro
1272 1605 1452 1663 monasterio
1468 1603 1570 1678 aliquo
1596 1603 1723 1661 crimine
1738 1603 1857 1659 infamis
1875 1604 1919 1659 lue

221 1685 271 1758 jus
285 1687 316 1745 in
329 1694 431 1748 nostro
444 1695 626 1752 monasterio
640 1712 784 1770 quaerere,
795 1713 833 1754 na
847 1698 921 1755 dum
936 1698 995 1755 hoc
1007 1697 1051 1755 in·
1067 1715 1088 1769 g
1107 1693 1154 1757 rit.
1178 1693 1370 1769 precipimus
1384 1699 1417 1750 ut
1431 1692 1610 1767 pulsationis
1628 1690 1784 1765 judicium
1797 1705 1855 1748 nou
1867 1705 1917 1744 sen·

220 1776 300 1847 J'uste
313 1779 435 1853 appetit,
452 1781 535 1853 quod
550 1783 629 1855 juste
643 1784 699 1841 sibi
712 1784 779 1843 lieet
803 1802 929 1859 prosus
952 1785 1054 1844 inobe·
1107 1781 1170 1851 tiat,
1184 1781 1281 1840 donec
1294 1799 1313 1840 a
1327 1787 1432 1840 nostre
1444 1781 1610 1857 apostoliea
1629 1779 1700 1838 sede
1725 1779 1870 1836 audiatur.
1888 1777 1917 1832 li·

224 1863 345 1932 dientia,
361 1867 464 1925 iterata
479 1874 629 1930 tantorum
645 1875 763 1931 Petrum
783 1873 916 1948 querela,
931 1878 1053 1949 aposto·
1107 1877 1173 1929 ceat
1188 1872 1278 1930 etiem
1292 1872 1355 1941 tibi,
1372 1871 1546 1930 charissime
1570 1869 1622 1938 tili,
1641 1869 1767 1943 tuisque
1787 1881 1915 1925 successe

224 1952 282 2012 lica
296 1957 470 2016 auctoritate
483 1966 592 2019 careat.
1107 1961 1191 2018 ribus
1205 1961 1367 2019 abbatibus
1381 1961 1518 2034 ejusdem
1529 1959 1716 2028 monasterii,
1731 1957 1915 2032 episcoporum

606 2055 672 2110 lth.
1107 2066 1201 2118 more,
1232 2050 1431 2125 apostolicam
1461 2049 1565 2108 sedem
1589 2049 1630 2107 ad
1657 2047 1860 2106 defensionem
1884 2045 1913 2100 tui

259 2135 390 2194 locanes
404 2140 477 2198 XIX
488 2145 662 2202 monasterii
675 2146 834 2203 Futdensis
843 2147 1015 2218 priuilegio,
1108 2144 1227 2214 turaque
1242 2139 1377 2198 Ecclesia
1392 2139 1555 2215 appellare,
1571 2144 1600 2196 et
1614 2141 1723 2195 contrua
1737 2151 1914 2194 omnesomn-

341 2235 460 2299 petente
473 2231 626 2291 Richards
638 2234 754 2300 trecate,
766 2235 933 2304 confirmat.
1107 2229 1154 2287 los
1169 2235 1284 2287 vestros
1298 2231 1440 2286 Romane
1464 2228 1628 2300 maJestatis
1652 2233 1742 2284 scuto
1766 2242 1817 2284 ros
1836 2223 1911 2281 delen·

538 2321 635 2390 (Anno
652 2323 743 2395 ιθὶιι.)
1108 2317 1188 2376 dere.
1204 2318 1400 2376 craterensi>
1414 2333 1549 2376 amorem
1561 2321 1590 2374 et
1604 2316 1803 2374 reverentiam
1817 2329 1912 2371 renem·

349 2405 571 2478 [onerantium
588 2412 828 2482 diplomffluld„
844 2413 920 2485 ιιι]
1107 2408 1176 2465 hdie
1203 2408 1358 2466 Fuldensis
1384 2407 1520 2466 Ecclesia
1545 2406 1609 2478 tibi,
1636 2406 1732 2464 freter
1757 2405 1906 2464 charissime.

259 2495 380 2553 loannes
395 2512 565 2572 episcopus,
580 2515 683 2558 servus
698 2515 854 2558 servorum
870 2501 931 2572 liei,
945 2501 1053 2560 dilecto
1109 2497 1227 2576 tuisque
1242 2497 1469 2556 successoribus
1483 2495 1644 2555 abbatibus
1658 2511 1754 2553 usum
1772 2495 1906 2552 dalmatica

224 2583 256 2642 in
268 2584 382 2644 Christo
396 2586 457 2646 filio
470 2588 625 2658 fiscannus,
641 2590 745 2649 abbati
759 2589 1053 2648 venerabilismona-
1087 2581 1092 2590 '
1108 2593 1138 2646 et
1152 2587 1356 2646 sandaliorum
1372 2587 1404 2645 in
1417 2586 1727 2645 celebrationamisses
1737 2585 1905 2644 concedmus.

197 2657 200 2680 ¹
225 2674 305 2732 stcrii
319 2675 479 2735 salvatoris
492 2680 587 2738 nostri
607 2683 676 2738 iesu
690 2681 795 2739 Christi
809 2684 837 2738 et
849 2681 944 2740 sancti
969 2681 1054 2739 Boni·
1108 2683 1141 2736 ut
1153 2681 1181 2734 et
1195 2677 1226 2734 in
1241 2677 1300 2736 hoc
1313 2694 1374 2753 praa
1396 2676 1509 2734 ceteris
1531 2675 1624 2734 nostri
1649 2676 1765 2734 amoris
1784 2673 1907 2749 privilegio

224 2763 292 2822 fecii
318 2768 469 2840 martyris,
492 2769 539 2826 siti
553 2769 584 2826 in
602 2769 669 2826 loco
696 2770 750 2844 qui
776 2775 902 2829 vocatur
925 2771 1054 2829 ιιοιοιιιι
1109 2766 1275 2842 specialiter
1287 2766 1447 2838 insignitus
1467 2781 1626 2840 appareas.
1652 2765 1836 2823 Deercrimus
1854 2777 1908 2837 qno·

222 2852 308 2924 juxta
322 2854 421 2928 ripam
435 2855 569 2914 fluminis
593 2858 702 2929 ruine,
727 2862 756 2916 et
777 2875 832 2933 par
854 2863 882 2916 te
910 2859 1052 2916 omnibus
1108 2872 1167 2929 que
1181 2855 1381 2914 deliberantes
1399 2860 1432 2913 ut
1454 2855 1596 2928 congruis
1620 2855 1805 2928 temporibus
1824 2857 1906 2911 nostra

224 2941 283 2998 tuis
297 2943 531 3002 successoribus.
958 2955 965 2964 ·
1108 2963 1164 3021 pro
1187 2944 1275 3004 vobis
1295 2945 1487 3004 sollicitudini
1510 2945 1662 3003 intimetur
1686 2945 1810 3020 qualiter
1827 2941 1906 3013 rafigis

260 3031 403 3101 Congruit
426 3033 591 3107 apostolico
615 3036 814 3096 moderamini
833 3037 884 3112 pia
910 3037 1053 3110 religione
1070 3072 1090 3129 C
1109 3037 1277 3095 monastica
1291 3035 1419 3106 regulari
1439 3035 1544 3094 babitu
1558 3034 1704 3106 dirigatur
1732 3040 1758 3092 et
1776 3031 1907 3092 concordia

223 3119 405 3195 pollentibus
427 3123 577 3183 benevola
600 3127 813 3201 compassione
834 3143 1007 3186 succurrere
1025 3132 1055 3186 et
1108 3126 1234 3184 fratrum
1249 3125 1348 3183 studio
1362 3124 1568 3182 ecclesiastice
1580 3123 1771 3198 professionis
1784 3119 1906 3179 custodia·

222 3211 414 3285 poscentium
429 3214 797 3277 animisalacridevotione
812 3235 970 3276 assensum
980 3234 1054 3293 pree·
1108 3219 1167 3287 tur,
1179 3230 1218 3272 ne
1232 3215 1317 3282 forte,
1333 3213 1416 3287 qnod
1430 3213 1526 3271 absit!
1544 3213 1600 3269 sub
1623 3213 1714 3284 hujus
1726 3210 1852 3286 privilegii
1864 3210 1905 3264 cb

223 3299 304 3360 bers.
316 3302 421 3374 igitur,
437 3304 508 3379 quia
526 3307 686 3379 postulasti
706 3323 787 3366 ame
800 3309 843 3366 tili
866 3308 1052 3381 charissime,
1109 3309 1192 3362 tantu
1219 3303 1339 3360 animus
1368 3318 1548 3378 gressusque
1575 3305 1680 3360 vestrm
1707 3299 1868 3358 rectitudinis
1890 3313 1904 3352 a

222 3395 560 3468 quatenuspredictum
573 3397 718 3454 luidense
733 3399 951 3455 monasterium
966 3398 1055 3471 privi-
1107 3409 1215 3451 norma
1228 3392 1350 3465 justitiae
1362 3391 1557 3466 aliquomodo
1573 3395 1776 3465 retorqueatur.
1797 3386 1902 3444 latudi-

221 3479 384 3550 legiisedis
403 3482 575 3555 apostolice
597 3484 1054 3559 infulisdecoretur,utsub1u-
1108 3483 1205 3540 cimus
1226 3483 1327 3550 etiam,
1349 3480 1517 3539 secuudum
1540 3481 1704 3555 petitionem
1725 3475 1808 3534 sancti
1825 3473 1899 3529 Boni-

222 3566 393 3668 risdictione
415 3575 526 3670 sanctae
554 3571 698 3670 Romanae
725 3574 861 3632 Ecclesiae
888 3574 1054 3649 specialiter
1107 3571 1176 3629 ιιιιι
1188 3576 1217 3628 ιι
1231 3572 1384 3652 decretum
1399 3570 1549 3628 zacharie
1570 3565 1745 3629 antmesscris
1758 3561 1845 3626 nostri,
1859 3575 1891 3615 ne

222 3743 281 3802 bus
295 3744 506 3806 submittatur.
528 3747 639 3806 idcirco
662 3749 721 3824 ptis
741 3749 898 3808 desideriis
920 3751 1053 3809 faventes
1107 3750 1216 3807 diatur.
1235 3749 1333 3809 Sedet
1346 3745 1897 3824 hocsummoporeprrecipimnsetcom·

221 3833 279 3892 hec
292 3838 397 3894 nostra
422 3836 597 3896 auctoritate
611 3837 642 3895 id
665 3838 750 3912 quod
768 3838 960 3914 exposcimur
982 3841 1052 3899 etie-
1107 3855 1277 3908 monemus,
1302 3845 1336 3898 ut
1355 3839 1455 3896 nudus
1478 3839 1639 3896 hominum
1662 3838 1699 3895 de
1717 3833 1860 3894 redditibus
1879 3833 1902 3884 ct

221 3923 282 3982 ciui
294 3925 516 4000 mancipamus.
531 3928 788 3986 Commendamus
798 3927 899 4003 itaque
913 3935 972 3988 tuse
983 3929 1054 3988 fidei
1107 3930 1209 3988 fundis
1222 3930 1270 3987 vel
1283 3929 1408 3987 decimis
1429 3929 1603 4003 caeterisque
1626 3927 1756 3987 fidelium
1774 3919 1903 3982 oblationi·

222 4017 251 4071 et
264 4014 435 4073 discretioni
448 4017 608 4091 praefatum
621 4019 839 4077 monasterium
864 4036 934 4077 cum
958 4020 1054 4079 omni·
1105 4020 1164 4077 bus
1190 4036 1243 4077 seu
1265 4019 1385 4078 familiis
1408 4019 1448 4077 ud
1468 4018 1617 4093 hospitale
1638 4032 1800 4093 pauperum
1821 4009 1902 4068 saled

220 4101 280 4159 bus
290 4102 382 4160 rebus
396 4103 559 4164 mobilibus
571 4113 602 4165 et
613 4107 819 4166 immobilibus
830 4108 887 4167 sibi
902 4109 1053 4183 pertinen·
1106 4113 1224 4183 portam
1237 4109 1393 4183 hospitum
1407 4107 1625 4182 pertinentibus
1636 4107 1749 4181 aliquid
1759 4097 1903 4169 celerasset

220 4190 301 4248 tibus
315 4207 393 4266 quas
405 4208 486 4252 nunc
509 4195 718 4266 behetselin
741 4197 875 4255 futurum
891 4201 951 4258 ileo
970 4200 1054 4257 auxi·
1106 4197 1137 4254 iu
1151 4195 1489 4270 beneficiumsuscipere
1501 4202 1685 4270 presumat3
1701 4195 1761 4264 sed,
1776 4189 1905 4249 sicutbea·

221 4279 454 4341 liantehabebit.
471 4285 670 4342 concedimus
684 4285 774 4344 etiam
788 4291 879 4362 atque
901 4287 1053 4346 donamus
1106 4285 1239 4343 tissimus
1254 4285 1361 4344 Christi
1384 4291 1500 4360 martyr
1524 4285 1695 4344 Bonifacius
1714 4282 1837 4350 institutit,
1857 4293 1905 4335 om·

220 4366 307 4426 vobis
321 4370 539 4431 monasterium
554 4373 653 4432 Sancti
667 4375 802 4444 andree,
817 4376 901 4449 quod
926 4380 1089 4490 vocaturD
1106 4375 1157 4433 nia
1171 4375 1230 4432 sint
1241 4379 1307 4433 rata
1319 4380 1348 4434 et
1363 4375 1513 4449 ordinata,
1526 4379 1588 4434 tam
1602 4391 1639 4433 ec
1652 4391 1723 4449 quae
1737 4373 1775 4431 ad
1790 4385 1854 4428 usus
1864 4367 1907 4423 ira·

221 4457 368 4527 Exailum,
384 4459 473 4518 situm
485 4460 572 4533 juxta
589 4461 748 4520 basilicum
767 4469 878 4522 sancte
893 4464 989 4523 itariae
1012 4435 1089 4524 adD
1106 4469 1186 4521 trum
1198 4479 1292 4538 quam
1305 4479 1341 4520 ea
1355 4479 1424 4537 qum
1439 4463 1479 4521 ad
1493 4463 1627 4521 diversos
1648 4463 1811 4520 officiorum
1831 4455 1907 4516 cultus

221 4549 365 4622 Praesepe,
378 4549 604 4607 cumomnibus
627 4551 838 4609 mansionibus
854 4551 927 4609 suis.
953 4555 1053 4611 llona
1107 4553 1409 4628 pertinereridentur.
1427 4555 1522 4628 Super
1535 4553 1599 4610 baec
1613 4548 1907 4611 omniaconstituimns

222 4635 344 4696 sterium
371 4652 443 4709 ergo
476 4637 632 4708 Fuldense,
667 4639 751 4713 quod
786 4644 908 4698 sanctus
938 4647 1054 4717 martyr
1106 4659 1160 4718 per
1182 4643 1273 4715 buJus
1290 4643 1400 4700 decreti
1418 4643 1512 4704 nostri
1532 4643 1689 4717 paginam,
1714 4639 1907 4715 utquomque

222 4725 330 4786 Christi
345 4727 515 4785 bonifacius
529 4728 668 4803 primitus
683 4729 857 4798 construxit,
873 4735 902 4788 et
915 4730 1053 4804 pluribus
1108 4731 1268 4804 cujuslibet
1282 4731 1419 4788 Ecclesiae
1433 4731 1544 4805 praesul
1563 4731 1612 4788 vel
1636 4745 1815 4805 quacunque
1836 4721 1908 4794 digni

222 4817 378 4876 ornatibus
395 4833 431 4875 ac
454 4819 576 4892 prediis
596 4819 701 4877 ditavit
723 4834 891 4894 regumque
914 4836 949 4878 ac
970 4822 1053 4896 prin-
1107 4825 1166 4878 tate
1180 4819 1306 4895 proedita
1320 4835 1451 4893 persona
1465 4821 1545 4878 hanc
1568 4823 1664 4878 nostri
1686 4817 1827 4896 privilegii
1845 4815 1906 4872 char·

222 4905 325 4979 cipum
338 4906 563 4966 defensionibus
577 4908 714 4979 munivit,
735 4925 805 4967 cum
828 4909 970 4968 omnibus
993 4911 1052 4969 cel·
1107 4915 1181 4982 tam,
1194 4908 1472 4984 quamauctoritatc
1493 4910 1637 4984 principis
1657 4909 1854 4985 apostolorum
1873 4901 1905 4957 fir·

221 4991 268 5066 lis,
283 4995 416 5053 ecclesiis
431 5001 461 5054 et
469 4997 603 5054 curtibus
618 4998 793 5073 cunctisque
805 4999 846 5057 ad
861 5014 893 5057 se
905 5001 1053 5074 pertinen·
1106 5016 1228 5060 memus
1243 5004 1387 5058 temerare
1402 5000 1567 5075 tentaverit,
1583 5001 1746 5059 anathema
1759 5000 1803 5067 sit,
1813 5001 1839 5054 et
1852 4995 1904 5052 ian

222 5082 303 5141 tibus
315 5086 408 5143 noemi
431 5085 578 5160 privilegii
598 5087 798 5162 praeceptione
825 5087 1051 5160 confirmamus,
1106 5090 1157 5147 llei
1168 5090 1325 5147 incurrens
1339 5106 1357 5147 a
1370 5093 1448 5146 coetu
1463 5090 1600 5147 omnium
1615 5094 1788 5148 sanctorum
1809 5081 1904 5143 extem

221 5173 340 5248 hocque
352 5175 496 5246 jubemus
510 5180 540 5233 ιι
554 5175 712 5234 statuimus
727 5180 760 5234 ut
778 5177 879 5235 nullus
892 5177 962 5236 inda
975 5179 1053 5236 futu-
1105 5178 1223 5248 existat,
1238 5182 1268 5236 et
1282 5177 1476 5235 nihilominus
1490 5177 1786 5254 prefatimonasterii
1804 5172 1903 5246 dignit·⁵

222 5278 274 5321 rus
289 5263 386 5323 abbas
400 5265 657 5324 consecrationem
671 5279 803 5340 usquam
826 5270 990 5342 praesumat
1002 5283 1052 5326 ac·
1106 5267 1226 5326 anobis
1240 5266 1357 5326 indulta
1370 5267 1582 5341 perpetualiter
1604 5267 1748 5326 inviolate
1762 5259 1904 5341 permaneri

224 5351 322 5427 cipere
341 5352 399 5410 nisi
413 5353 453 5412 ab
467 5355 524 5412 hac
548 5356 618 5413 sede
637 5353 813 5429 apostolica.
840 5358 934 5423 Quem
961 5358 1052 5416 etiem
1107 5356 1272 5432 apostolico
1285 5357 1460 5415 auctoritato
1475 5355 1614 5415 subnixa.

223 5441 1052 5521 idcircospecialiterordinamusetconsccramusatquc
1142 5445 1291 5520 Scn'ptum
1312 5461 1366 5520 par
1392 5460 1519 5502 manum
1541 5445 1633 5518 Sergii
1650 5445 1794 5502 scriniarii
1821 5439 1902 5498 sande

222 5532 537 5610 privilegiisllomanae
548 5534 755 5608 etapostolieae
769 5535 848 5592 sedis
859 5535 1053 5608 insignirivo·
1106 5536 1251 5594 Romane
1264 5534 1353 5606 sedis,
1369 5551 1473 5596 mense
1486 5535 1597 5606 llartio,
1611 5535 1772 5595 indictione
1786 5547 1839 5590 ιιι.

224 5619 337 5688 tumus,
360 5626 393 5678 ut
413 5620 550 5678 novenni
576 5627 689 5679 caeterae
712 5623 848 5681 Ecclesia
875 5624 1052 5682 Euldenscm

225 5705 388 5768 Ecclesiam
399 5706 677 5791 specialem-sancta
688 5713 830 5774 llomanoe
840 5712 977 5776 Ecclesiae
986 5729 1051 5773 essa
