3990 6184
197 121 265 175 ιιιι
869 103 1052 163 srusorcu
1073 105 1106 162 ιι
1124 109 1233 165 ries.
1453 69 1458 76 ⁸
1846 115 1916 168 ιιιι

194 239 315 315 plebem
329 240 356 296 S.
369 237 464 296 llariae
478 235 510 292 in
525 233 642 292 Olibula
656 247 726 289 eum
741 231 837 303 terris,
865 228 1060 308 ctrineish
1080 231 1720 307 essem.1nqutbusquinquedisbus,st
1742 235 1840 294 rabis
1867 252 1915 295 re-

193 333 224 386 ct
238 327 321 386 titulo
335 341 400 398 suo,
417 329 446 381 at
456 326 484 380 S.
500 321 607 393 angeli
636 337 706 378 oum
734 319 828 390 terris,
853 321 881 375 et
908 317 1023 383 vineis,
1080 320 1207 394 atrisque
1221 321 1445 379 successoribus
1459 323 1528 379 utile
1540 324 1640 381 visum
1659 324 1748 381 fuerit
1777 325 1914 398 aliquare

195 417 364 490 pariterque
378 411 572 470 concedimus
588 415 617 467 et
631 406 951 466 confirmamusavobis
978 421 1026 461 re·
1078 409 1276 470 diaconarum
1290 417 1463 467 nostrorum
1478 412 1647 470 ministrare
1660 414 1700 471 cb
1715 415 1873 471 honorem
1887 418 1914 471 S.

195 507 307 578 trisque
320 502 546 560 successoribus
561 501 592 557 in
604 504 761 574 perpetuo,
773 497 858 554 sicuti
872 512 890 553 a
904 494 1025 552 sanctis
1077 498 1153 554 Petri
1166 503 1195 555 et
1207 503 1341 557 rosham
1351 499 1546 556 reverentiam
1562 499 1701 560 volumus
1716 507 1834 575 petere.
1866 505 1917 558 Pe

195 593 272 650 simo
283 591 385 663 Sergio
395 607 487 666 papa,
500 590 591 648 sisca
619 588 735 646 canteris
750 584 1022 660 praedecessoribus
1077 590 1214 646 testatem
1226 593 1327 646 autem
1343 589 1481 659 ciusdem
1491 588 1622 646 ecclesie
1634 593 1661 647 S.
1678 591 1755 648 Petri
1766 595 1915 665 strupra-

192 681 302 739 nostris
327 680 518 755 pontificibus
545 693 692 736 concessa
717 681 746 732 et
770 675 948 732 confirmata
962 672 1023 730 iue-
1076 675 1224 732 dictorum
1239 692 1364 733 suorum
1377 677 1629 734 monasteriorum
1642 683 1672 735 at
1684 679 1915 737 mansionario·

192 768 628 842 tunt;videlicetmonasterie
652 767 797 841 quinque,
823 767 851 822 S.
881 761 1023 837 Stephani
1076 764 1495 821 rumomniummensionum
1509 769 1537 823 S.
1551 767 1636 834 Petri,
1653 783 1707 823 seu
1722 765 1817 824 totins
1841 766 1914 822 ciri·

192 861 326 932 majoris,
356 865 385 917 et
412 859 547 930 minoris,
574 859 812 928 sanatorumque
848 853 970 910 loannis
995 853 1023 907 et
1076 852 1142 910 tatis
1157 853 1294 910 leoninas
1309 855 1571 928 rolrisrastrisquc
1586 855 1816 913 successoribus
1844 871 1914 912 aon

191 950 284 1022 Pauli,
297 955 326 1009 et
341 953 370 1006 B.
388 949 512 1017 lderhni,
525 953 615 1021 atque
630 945 743 1003 Theclae
760 942 923 1000 constitutae
936 941 1023 1012 iuxta
1075 941 1211 1003 cedimus
1226 947 1254 998 et
1268 943 1495 1012 confirmamus,
1511 943 1712 1002 inthronizare
1727 949 1758 1001 et
1773 945 1914 1001 menthe·

190 1053 336 1110 magnam
348 1038 505 1096 ecclesiam
517 1040 545 1095 S.
563 1036 649 1108 Petri,
666 1041 717 1092 aut
737 1034 767 1090 in
793 1033 905 1089 creeris
932 1030 1023 1088 eccle-
1074 1032 1162 1088 drare
1173 1032 1347 1106 pontificem
1373 1035 1542 1090 Romanum
1571 1034 1602 1090 in
1631 1035 1801 1108 apostolica
1828 1034 1913 1106 sede,

191 1121 855 1202 sris,qurssuntconstitutrsintotacivitete
881 1120 1019 1188 leonina,
1074 1120 1170 1193 vobis,
1194 1121 1247 1195 qui
1272 1121 1439 1194 quotidiani
1467 1122 1537 1178 cstis
1558 1122 1589 1179 in
1612 1123 1731 1180 servitio
1758 1127 1789 1181 S.
1822 1124 1911 1192 Pani

190 1217 244 1274 etsi
270 1217 474 1274 necesarium
496 1215 590 1272 iuerit
611 1228 797 1282 consecrare,
819 1210 919 1267 nullus
945 1209 1022 1266 alius
1075 1211 1300 1280 committimus,
1328 1227 1383 1267 nec
1409 1227 1472 1272 nan
1495 1212 1534 1268 ad
1561 1213 1811 1271 benedicendum
1842 1229 1913 1270 cun

189 1306 351 1379 spiscopus
366 1305 406 1362 ad
422 1306 479 1366 tale
494 1303 695 1361 ministerium
710 1302 757 1358 val
766 1299 1022 1359 consecrationem
1075 1299 1141 1357 aliis
1151 1317 1204 1357 vos
1221 1299 1386 1374 specialiter
1396 1315 1600 1358 convocamus
1619 1321 1625 1370 ;
1642 1302 1798 1376 similique
1814 1303 1911 1358 mede

189 1393 586 1468 accederapresumet,nisi
601 1392 817 1464 rcsrestrique
833 1403 1022 1446 successores
1074 1389 1113 1446 ad
1151 1389 1328 1459 ungendum
1368 1393 1398 1446 et
1424 1391 1663 1454 consecrandum
1678 1392 1911 1464 imperatorem,

187 1483 321 1558 episcopi
330 1487 358 1542 S.
370 1484 463 1557 Sylva
475 1482 618 1540 Candide
630 1480 771 1546 ecclesiae,
784 1480 815 1534 in
829 1483 1019 1552 perpetuum,
1073 1479 1207 1553 primum
1246 1485 1379 1536 vestram
1429 1483 1656 1554 vernarumque
1693 1497 1912 1542 successorum

224 1574 422 1631 concedimus
438 1578 539 1630 autem
558 1577 587 1628 et
612 1571 829 1626 confirmamus
857 1567 943 1623 vobis
969 1583 1055 1644 rep
1074 1569 1288 1642 cpiscoporum
1302 1568 1515 1626 fraternitatem
1534 1585 1749 1638 convocamus,
1781 1575 1816 1628 ut
1844 1571 1911 1644 qeni-

188 1662 317 1737 atrisque
328 1661 553 1719 successoribus
568 1661 792 1734 inperpetuum
807 1661 836 1716 S.
853 1657 933 1713 ιιιιιιι
947 1656 1022 1713 sab·
1073 1659 1132 1714 bus
1155 1657 1290 1728 ιιειιιιιιι
1304 1657 1394 1714 tctim
1415 1657 1549 1716 ecclesie
1575 1661 1602 1716 S.
1628 1660 1705 1722 Pan-i
1728 1665 1759 1717 ct
1781 1661 1911 1717 civitatis

187 1751 302 1810 beliad
321 1751 466 1826 baptismi
492 1753 716 1808 sacramentum
741 1746 966 1813 celebrandum,
993 1751 1045 1802 et·
1075 1748 1212 1804 leoninas
1222 1747 1420 1808 commissum
1430 1751 1485 1820 est,
1499 1748 1539 1806 ab
1553 1748 1600 1805 his
1612 1750 1745 1822 primum
1764 1751 1805 1807 ἀι
1821 1750 1910 1806 bene

187 1843 282 1897 totum
311 1840 444 1896 cllidum
473 1839 645 1896 iaciendum
671 1837 702 1893 ia
730 1835 857 1892 ccclesia
886 1837 916 1891 a.
946 1837 1021 1907 Petri
1074 1837 1181 1908 diahrs,
1197 1851 1252 1894 nce
1266 1853 1328 1894 non
1341 1843 1452 1896 ιιιιιιιι
1466 1851 1552 1893 ιιιιι
1564 1836 1672 1909 cilicia,
1688 1854 1745 1895 seu
1776 1839 1910 1895 ministe—

186 1929 324 2001 spastoli,
341 1934 369 1985 et
383 1943 476 2001 supra
490 1943 638 1998 magnum
653 1925 757 1996 altura,
773 1925 804 1980 in
814 1939 877 1997 quo
889 1927 951 1980 tata
973 1939 1021 1980 vc·
1074 1926 1200 2000 risque
1212 1943 1267 1984 nos
1277 1926 1609 1986 etsuccessorcsnostri
1624 1927 1724 1984 lacere
1745 1927 1908 1998 debemus,

184 2017 310 2075 acrabili
321 2017 417 2088 altari,
432 2033 487 2073 scu
500 2017 531 2072 in
554 2014 754 2084 consessione,
780 2012 930 2086 quidquid
955 2012 1020 2068 auri
1074 2016 1287 2087 siagritudinc
1301 2015 1348 2076 val
1363 2015 1465 2088 aliqua
1477 2029 1549 2074 cura
1561 2014 1696 2090 impediti
1719 2016 1823 2075 iacere
1848 2033 1906 2074 nor

184 2107 231 2164 vel
242 2107 367 2179 argenti,
384 2107 476 2181 pallii,
492 2106 634 2176 valacras,
666 2105 727 2160 sive
753 2103 881 2160 aliarum
907 2117 1017 2171 rerum,
1073 2121 1250 2178 possumus,
1263 2109 1325 2162 tam
1339 2104 1370 2160 in
1386 2103 1558 2177 supradicta
1585 2105 1750 2162 venerabili
1780 2106 1905 2163 ιιιιιιιι

184 2198 318 2271 pesitum
331 2197 377 2254 vel
389 2197 526 2253 oblatum
541 2196 588 2252 vel
596 2195 743 2267 iactatum
757 2191 855 2262 iucrit,
870 2192 915 2248 vel
930 2191 1018 2248 vobis
1072 2197 1099 2250 S.
1111 2196 1196 2266 Petri,
1212 2200 1241 2252 ct
1255 2194 1443 2252 monasteriis
1453 2197 1526 2263 suis,
1542 2209 1636 2267 quam
1650 2211 1706 2268 per
1721 2201 1815 2253 totam
1830 2197 1901 2252 cirr-

185 2287 330 2356 ohlatum,
346 2287 387 2343 ab
402 2287 477 2344 hora
489 2285 625 2342 videlicet
639 2283 699 2340 diei
715 2283 887 2355 tertiaque
902 2279 1018 2352 ingredi
1071 2290 1162 2342 tatem
1174 2285 1346 2353 leoninam,
1360 2299 1414 2357 per
1428 2299 1481 2340 vos
1510 2289 1685 2358 vestrosque
1713 2301 1897 2346 successores

184 2375 341 2433 ecclesiam
354 2376 394 2434 ad
409 2375 612 2433 ordinandum
626 2379 655 2429 et
669 2372 877 2445 peragendum
902 2370 1017 2427 dictum
1070 2375 1134 2430 fieri
1148 2373 1316 2448 apostolica
1329 2373 1504 2430 auctoritate
1514 2373 1716 2430 decrevimus.
1742 2378 1902 2432 &escara-

183 2463 317 2521 officium
327 2481 383 2522 vos
398 2463 551 2530 volumus,
567 2468 595 2519 ct
609 2475 767 2535 usquequo
782 2463 893 2516 sanctae
916 2459 1015 2515 Domi·
1069 2463 1182 2520 tionem
1195 2479 1265 2519 vero
1276 2462 1416 2520 altarium
1432 2463 1459 2519 S.
1476 2463 1551 2518 Petri
1565 2467 1593 2519 et
1608 2479 1736 2521 suorum
1747 2469 1902 2521 moneam.

184 2552 259 2612 niae
273 2553 333 2612 diei
346 2553 472 2610 missam
487 2549 684 2624 expleveritis,
700 2564 753 2622 per
775 2552 888 2604 vestras
913 2551 1015 2603 custa-
1067 2552 1192 2622 riorum,
1207 2567 1262 2610 uec
1277 2567 1338 2608 non
1349 2552 1606 2608 consecrationem
1629 2553 1839 2624 eccledarum,
1863 2553 1903 2610 al-

183 2642 237 2699 des
250 2644 656 2712 investramrcstrorumque
670 2641 1014 2706 successorum,remota
1068 2642 1187 2713 tarium,
1203 2642 1404 2711 sacerdotum,
1439 2641 1625 2712 clericorum,
1642 2659 1696 2699 seu
1721 2643 1905 2702 diaeomste

182 2731 266 2788 omni
278 2731 523 2799 contradictione,
544 2729 647 2786 veniat
667 2731 854 2801 potestatem.
882 2729 915 2782 Et
940 2725 1014 2798 quia
1066 2748 1135 2788 rum
1150 2731 1238 2790 tatius
1253 2730 1378 2788 civitatis
1391 2732 1538 2804 Leoniaae,
1553 2731 1639 2788 vobis
1652 2734 1825 2808 vestrisque
1837 2751 1903 2791 suc-

182 2821 222 2877 ad
236 2825 355 2895 tempus
370 2819 599 2893 predecessoris
629 2817 721 2873 nostri
748 2816 865 2874 Domini
890 2815 1013 2873 ioannis
1067 2821 1235 2878 sessoribus
1258 2821 1501 2895 inperpetuum,
1525 2821 1602 2878 sicut
1634 2822 1832 2896 prelibatum
1862 2831 1902 2881 ει

181 2908 212 2964 in
225 2909 350 2981 praelata
363 2908 488 2965 ecclesia
500 2909 528 2962 S.
542 2906 626 2974 Petri,
642 2921 736 2979 aqua
746 2921 822 2978 pene
837 2921 943 2962 omnes
958 2906 1048 3000 ιιι-0
1067 2910 1261 2966 concedimus
1288 2914 1317 2966 et
1357 2909 1583 2966 contlrmamus.
1627 2912 1762 2985 Quaequc
1800 2919 1901 2971 autem

182 2997 277 3054 clasiae
290 2998 459 3055 doctrinam
471 3000 661 3069 acceperunt,
676 2996 752 3052 sicut
772 3011 790 3052 a
815 2995 958 3067 magistra
985 3001 1014 3054 et
1068 2999 1210 3057 usualiter
1219 2998 1308 3056 rabis
1331 3013 1348 3054 a
1373 2999 1617 3056 ministerialibus
1641 3000 1744 3057 altaris
1773 3005 1900 3076 majoris

182 3087 316 3155 domina,
331 3087 395 3144 dies
408 3087 559 3144 dominica
572 3086 754 3157 palmarum,
770 3092 799 3143 et
822 3085 885 3142 dias
914 3089 1012 3144 Coenae
1068 3093 1250 3163 competunt,
1264 3088 1322 3144 hoc
1337 3088 1447 3160 scripto
1460 3087 1544 3144 vobis
1562 3090 1714 3163 vestisque
1742 3109 1900 3151 ιιιιιιιιο-

182 3179 310 3249 llomini,
327 3183 356 3236 ct
370 3193 532 3253 parasceve
546 3177 740 3234 irreverenter
755 3174 953 3245 celebrantur,
983 3179 1013 3232 ut
1066 3178 1149 3235 ribus
1165 3177 1393 3233 confirmamus.
1423 3176 1506 3232 idem
1520 3176 1551 3233 in
1567 3178 1698 3235 Sabbata
1721 3187 1831 3239 sancto
1845 3201 1900 3257 pro

180 3283 236 3325 nea
245 3267 398 3343 processio
412 3283 482 3324 cum
497 3267 605 3340 palmis
616 3266 646 3322 in
658 3266 728 3339 ipsa
743 3265 791 3320 die
804 3264 959 3322 Dominice
971 3263 1012 3321 ibi
1066 3284 1154 3324 coena
1164 3267 1276 3323 solidas
1289 3265 1452 3323 duodecim
1462 3267 1602 3323 denarios
1612 3267 1716 3342 quales
1740 3287 1799 3344 per
1824 3279 1899 3330 tem

179 3357 272 3428 fieret,
286 3373 342 3415 nec
356 3358 388 3414 in
402 3358 450 3414 die
464 3358 563 3414 Goenae
586 3355 704 3412 Domini
731 3355 838 3411 Gloria
859 3355 891 3410 ia
914 3356 1012 3412 ercet-

179 3450 219 3505 ιιι
235 3451 294 3506 Dec
309 3449 467 3518 diceretur,
484 3451 512 3503 et
527 3447 557 3503 in
572 3447 736 3502 Parasceve
752 3459 814 3501 non
838 3448 900 3501 mm
927 3459 1012 3500 reve·

178 3542 286 3600 renler,
302 3542 335 3593 ut
348 3536 485 3607 decebat,
501 3534 634 3592 officium
646 3534 689 3590 ibi
714 3535 827 3601 tiebat;
857 3533 1010 3589 condolui·

179 3641 258 3697 mus,
270 3630 299 3681 et
311 3624 468 3681 meliorare
479 3624 536 3681 hoc
552 3623 704 3695 cupientes
732 3639 786 3694 per
812 3637 867 3678 vos
896 3627 1009 3678 vestro-

179 3727 254 3787 sque
269 3727 456 3770 successores
471 3712 640 3778 statuimus,
658 3710 733 3767 sicut
746 3714 889 3768 statutum
900 3715 929 3768 et
940 3726 1009 3768 con·

1066 3373 1141 3431 pora
1153 3355 1338 3413 cucurrerint
1350 3355 1573 3430 percipiendos,
1588 3358 1755 3432 etquinque
1769 3359 1803 3417 in
1820 3379 1898 3419 uno·

1065 3459 1188 3519 quoquc
1197 3443 1331 3502 Sabbata
1341 3445 1474 3507 Quatuor
1484 3447 1671 3520 temporum,
1683 3451 1710 3502 et
1723 3447 1803 3504 duos
1817 3467 1892 3512 cum

1065 3534 1192 3591 candela
1205 3533 1272 3603 aiei,
1299 3538 1327 3590 ct
1341 3533 1433 3590 cercis
1445 3549 1500 3608 per
1514 3549 1603 3592 unam
1613 3551 1758 3608 quamque
1770 3537 1886 3595 festivi

1064 3627 1165 3691 tatem,
1178 3622 1331 3697 inquibus
1345 3623 1458 3680 ibidem
1467 3629 1636 3700 pernoctare
1659 3623 1780 3682 debetis.
1797 3625 1888 3683 ldem

1063 3712 1094 3769 in
1107 3711 1262 3770 testivitate
1288 3713 1316 3770 S.
1342 3713 1427 3784 Petri,
1454 3717 1483 3769 et
1505 3713 1538 3770 in
1558 3713 1668 3771 oetavis
1687 3712 1718 3770 in
1731 3715 1894 3773 bominica

1063 3803 1201 3875 gaudete
1225 3801 1256 3858 in
1276 3801 1359 3858 lestis
1388 3804 1416 3860 S.
1444 3803 1581 3875 Andreas,
1610 3804 1641 3860 in
1663 3805 1843 3879 Epiphania,
1862 3805 1895 3862 in

1062 3891 1255 3961 escensione,
1270 3891 1302 3947 ln
1315 3892 1500 3962 Pentecoste,
1513 3893 1544 3950 in
1560 3893 1644 3951 iestis
1662 3897 1690 3952 S.
1704 3895 1821 3952 liuline
1847 3896 1896 3952 tri·

177 3817 296 3860 cassum
311 3807 340 3860 ct
354 3801 564 3859 confirmatum
581 3799 667 3856 vobis
682 3803 726 3856 est
739 3799 779 3857 ab
799 3798 906 3856 eisdem
933 3815 1008 3878 prae-

176 3893 333 3951 decessore
343 3896 456 3964 nostro,
471 3896 503 3948 ut
517 3889 602 3947 omni
616 3906 697 3948 anno
712 3888 759 3946 die
776 3889 931 3947 Dominica
941 3888 1006 3948 Pal·

174 3999 295 4045 marum
321 4000 391 4042 cum
419 3981 609 4058 processione
634 3980 673 4038 ab
688 3980 826 4038 ecclesia
853 3982 881 4037 S.
911 3980 1007 4040 liaris
1062 3982 1144 4054 ginta
1170 3981 1264 4038 libras
1283 3995 1382 4048 cerce;
1411 3984 1440 4037 et
1467 3981 1528 4038 duo
1555 3983 1710 4055 congiaria
1723 3983 1895 4056 deoleo,ct

174 4073 205 4128 in
219 4074 353 4134 Thermis
368 4071 489 4141 exeatis,
504 4075 533 4128 ct
546 4070 699 4128 venientes
729 4070 768 4128 ad
794 4084 942 4141 magnum
967 4070 1007 4127 al·
1061 4070 1138 4128 duas
1153 4070 1244 4127 libres
1259 4069 1297 4125 de
1313 4067 1434 4127 clibana
1451 4071 1612 4139 ;candelas
1626 4087 1698 4129 raro
1726 4073 1894 4147 pendentes

174 4165 236 4220 tere
252 4161 503 4221 S-Pctrimissam
518 4159 681 4220 celebretis.
707 4159 844 4218 Similiter
866 4165 894 4216 et
921 4160 1005 4218 omni
1061 4177 1131 4217 cum
1168 4158 1376 4230 clamastariis,
1418 4163 1447 4216 ct
1478 4159 1651 4219 cicindellas
1678 4161 1719 4220 ad
1742 4161 1894 4221 srafflcien·

174 4265 254 4309 anno
294 4251 342 4308 die
380 4255 478 4310 Coenae
516 4249 634 4318 Domini
665 4265 719 4323 per
744 4265 798 4308 vos
826 4253 1003 4324 vestrosque
1061 4250 1143 4320 tiam,
1160 4248 1245 4307 sicuti
1260 4264 1379 4323 semper
1393 4249 1456 4307 tuit.
1471 4255 1503 4308 ln
1518 4251 1652 4308 secunda
1671 4252 1747 4311 teria
1770 4255 1891 4311 Pascha·

173 4353 360 4406 successores
376 4339 501 4396 missam
516 4353 608 4412 supra
623 4338 714 4396 altare
728 4339 756 4396 S.
771 4337 845 4396 Petri
870 4337 1003 4401 celebra·
1059 4341 1205 4413 quoniam
1220 4339 1387 4396 secundum
1403 4339 1562 4414 antiquum
1583 4357 1700 4398 morem
1725 4341 1767 4399 ad
1796 4343 1889 4401 Stelli-

170 4445 213 4501 rc,
232 4429 337 4498 Gloria
350 4429 381 4484 ia
392 4428 516 4492 excelsis
531 4428 591 4484 Dec
605 4427 714 4496 (heere,
732 4429 759 4484 S.
774 4427 906 4494 chrisme
933 4444 1002 4488 con·
1058 4429 1128 4498 lem,
1144 4428 1196 4486 ubi
1211 4429 1249 4485 dc
1274 4444 1353 4502 equo
1376 4429 1600 4502 descendimus,
1624 4447 1681 4488 nos
1707 4437 1891 4507 nostrosque

170 4518 269 4589 ficere,
284 4521 390 4591 etque
406 4515 445 4577 ad
460 4515 638 4589 episcopum
665 4515 814 4588 pertinent
834 4531 922 4600 agere
950 4533 1002 4586 vo
1058 4531 1247 4574 successores
1263 4517 1402 4592 recipitis,
1431 4518 1628 4594 chirothecas,
1653 4519 1770 4594 quibus
1800 4523 1892 4578 etiem

169 4608 280 4678 luanus.
295 4610 354 4668 seu
366 4605 450 4674 omni
461 4620 542 4666 anne
557 4603 605 4664 die
619 4607 886 4678 Parasceuasupra
899 4605 1001 4678 ipsum
1057 4605 1239 4663 admissam
1260 4607 1390 4664 utisoliti
1404 4609 1498 4666 simus
1513 4608 1750 4668 admemoriam
1778 4611 1893 4670 servitii

169 4698 262 4762 altare
274 4697 375 4770 majus
391 4699 419 4756 S.
448 4695 523 4754 Petri
548 4699 644 4754 totum
662 4692 797 4753 officium
820 4699 998 4766 reverenter,
1056 4695 1159 4768 nostri,
1170 4696 1223 4770 qui
1236 4711 1356 4772 semper
1369 4713 1444 4771 pure
1456 4701 1483 4757 S.
1499 4701 1532 4756 li.
1549 4699 1685 4768 Ecclesia
1700 4700 1816 4758 fecistis
1838 4719 1893 4762 ne

168 4788 363 4848 utrosdecct
384 4791 558 4860 vestrosque
587 4799 786 4855 successores,
816 4783 940 4855 iacietis,
968 4785 1000 4844 in
1054 4786 1161 4859 bisque
1183 4791 1212 4842 et
1235 4787 1473 4846 antecessoribus
1504 4789 1613 4846 nostris
1637 4805 1700 4848 non
1724 4790 1827 4849 solum
1851 4797 1891 4862 te,

166 4878 277 4953 quibus
292 4877 386 4934 tribus
399 4875 510 4949 missis,
525 4874 664 4948 primain
689 4873 787 4931 missa
815 4873 998 4946 eumarum,
1054 4875 1107 4931 sed
1120 4879 1304 4932 omnestuas
1319 4891 1524 4934 suaccessores
1540 4878 1708 4952 episcopos,
1723 4879 1891 4939 bibliothe-

165 4985 219 5026 sau
245 4968 276 5034 in
303 4966 397 5024 missa
422 4969 520 5023 Caena
546 4963 674 5033 Domini,
691 4963 761 5021 etin
781 4963 880 5022 officia
908 4967 996 5022 rrra-
1053 4964 1150 5022 carias
1165 4964 1243 5021 sedis
1258 4967 1892 5050 nostrasesseperpetuoapostclicaaucto-

163 5073 261 5126 sacve,
275 5054 423 5130 quidquid
438 5053 503 5110 auri
517 5053 564 5112 val
578 5053 688 5126 agenti,
709 5052 802 5127 pallii,
831 5069 884 5110 scu
909 5069 995 5124 aare,
1052 5050 1138 5108 ritate
1153 5063 1322 5122 censemus,
1335 5051 1487 5123 etmerito,
1499 5052 1552 5128 qui
1565 5052 1595 5110 in
1609 5053 1776 5128 apostolica
1790 5058 1891 5116 Ecclc

162 5147 208 5205 val
219 5147 346 5206 aliarum
360 5159 462 5201 rerum
475 5157 567 5217 supra
576 5143 641 5216 jam
654 5143 733 5199 dieto
749 5142 835 5200 altari
851 5145 879 5201 S.
907 5143 992 5213 Petri,
1053 5134 1098 5191 sia
1112 5134 1275 5204 desudatis,
1289 5135 1319 5190 in
1334 5133 1513 5209 apostolicis
1521 5138 1637 5213 scriptis
1665 5137 1769 5196 fideles
1795 5146 1889 5201 testes

160 5239 221 5294 sive
248 5237 279 5293 in
295 5235 481 5292 confessione
495 5233 627 5306 posihrm
649 5236 702 5288 aut
721 5231 867 5302 jactatum
894 5231 993 5307 tuerit,
1051 5238 1169 5296 semper
1194 5223 1336 5280 existatis·
1376 5225 1518 5284 Proedicic
1554 5242 1626 5283 vcro
1667 5228 1771 5286 omnia
1810 5233 1889 5290 siem

158 5322 505 5384 velvobisablatumab
521 5323 666 5395 horaque
680 5321 753 5394 ipsae
773 5321 873 5378 missa
897 5327 925 5379 et
946 5323 991 5379 ol·
1050 5312 1186 5388 superius
1219 5313 1299 5370 dicta
1332 5319 1402 5371 sunt
1430 5329 1448 5372 a
1475 5315 1619 5388 praedicta
1650 5333 1679 5374 ιι
1704 5318 1886 5386 indictione.

157 5412 227 5468 ficia
240 5412 382 5468 inchoata
395 5408 505 5465 luerint
519 5405 685 5480 etexplata,
709 5421 763 5480 per
786 5412 900 5464 vestros
919 5423 988 5463 cus·
1048 5414 1109 5457 una
1137 5414 1207 5455 cum
1229 5413 1280 5454 sex
1311 5399 1448 5472 partibus
1481 5399 1602 5458 filorum
1632 5403 1803 5463 salinarum
1829 5423 1885 5482 po-

158 5495 426 5554 tadcsinvcstram
454 5497 680 5566 vestrorumque
706 5507 925 5562 successorum,
953 5493 989 5548 si·
1048 5486 1109 5545 sitis
1137 5487 1168 5544 in
1192 5487 1299 5561 pedica
1322 5503 1404 5546 nava
1424 5488 1552 5548 invicem
1575 5489 1633 5548 sibi
1646 5494 1884 5568 coherentibus,

155 5579 263 5638 militer
276 5577 741 5648 remataomnicontradictronc,
768 5577 909 5635 deveniat
935 5593 989 5650 po·
1044 5577 1130 5650 juxta
1152 5577 1220 5634 filas
1249 5577 1404 5636 herecum
1417 5579 1612 5655 loannisWa,
1636 5599 1691 5640 sau
1703 5583 1781 5658 Petri
1797 5587 1880 5644 cari.
