3996 6186
166 165 216 219 091
448 167 449 172 ’
652 159 805 218 hunoltts
825 161 953 220 utetur
973 161 1002 222 S.
1024 158 1181 228 ottftttfttt
1198 159 1389 220 monasti.
1833 153 1888 210 Μ

166 287 219 340 tua
232 282 370 340 custodia
380 285 408 338 et
419 281 584 339 enutriatur
595 287 623 340 et
635 284 778 342 educetur
798 303 868 343 curn
882 301 996 357 magna
1012 290 1036 343 Α
1050 286 1103 342 bat
1116 285 1148 343 in
1162 289 1241 344 statu
1254 286 1333 344 illius
1347 284 1485 360 pectoris.
1502 287 1567 360 lpse
1580 285 1693 353 autom,
1709 277 1889 337 secundum

167 371 330 442 diligentia,
347 370 464 427 fervens
478 371 658 445 loquacitate
671 375 788 447 Dacica,
802 375 995 450 tamquedis-
1050 374 1127 431 vires
1152 375 1255 440 statis,
1282 373 1433 449 quidquid
1453 373 1527 431 boni
1551 375 1669 447 poterat
1692 367 1890 442 adimplebat

168 477 239 520 cens
254 459 350 518 tenaci
368 461 525 528 memoria,
552 467 585 519 ut
608 469 699 536 queat
720 465 913 522 sermocinari
928 481 996 539 pro
1051 463 1140 536 gestis
1152 465 1283 537 optimis.
1301 467 1336 522 Ut
1350 469 1449 521 autem
1462 462 1602 520 adolebat
1609 458 1822 532 vegetabiliter
1832 457 1889 514 hu·

167 550 263 609 fusius
299 549 371 606 olim
409 555 514 608 contra
550 552 725 624 Dacigenas.
743 576 758 606 »
789 558 870 612 Tunc
903 555 1018 627 botho„
1050 553 1149 610 manis
1163 554 1363 624 incrementis,
1376 553 1417 610 ita
1430 551 1650 609 fecundabatur
1668 547 1798 605 feliciter
1822 547 1889 602 vita

167 639 361 714 acquiescens
376 639 501 698 senioris
514 641 689 700 voluntaria
704 645 848 717 petitioni,
864 648 893 700 et
906 643 997 700 susci·
1050 639 1889 716 meritistlucaqueboniaudiebatmemoriterrctraotans

167 729 254 806 piens
278 728 466 804 praecipuum
480 729 624 788 infantem
649 733 688 790 ad
707 749 811 790 curam
835 731 996 804 educandi,
1050 731 1216 801 retinabat3
1249 732 1331 789 mala
1355 747 1428 788 vero
1454 745 1600 804 respuens
1628 724 1889 800 floccipendebat

167 817 236 874 urbi
261 833 330 874 cum
356 817 460 874 detulit
487 819 601 876 concite
630 821 831 892 bajocacensi,
866 837 997 894 eumque
1052 822 1244 894 Quaecunque
1267 820 1341 890 legis
1368 819 1546 892 tegebantur
1573 818 1714 882 obscura,
1745 816 1889 870 sesama

168 904 340 964 cusdodivit
364 909 398 963 ut
420 907 567 980 pupillam
582 909 660 965 ocull
675 910 731 966 sui.
750 913 813 966 ltux
838 927 909 967 vero
933 909 998 966 Wil-
1051 910 1235 968 enucleatius
1243 910 1378 968 solvebat
1389 909 1672 967 omnial‘atrerero
1684 903 1851 972 willelmo,
1859 907 1889 958 ut

167 995 277 1057 lalmus
305 995 345 1053 ob
369 1011 505 1052 amorem
523 997 707 1055 dilectissimi
727 998 780 1054 tilii
803 1000 858 1066 sni,
885 1001 999 1056 Pascha
1050 999 1229 1057 recensitum
1252 1005 1295 1056 est
1319 998 1388 1056 licet
1409 998 1515 1054 hebete
1537 997 1623 1069 stylo,
1638 992 1778 1069 perfidiae
1801 1007 1890 1048 naevo

168 1085 263 1160 ipsius
275 1084 347 1142 anni
360 1085 485 1156 Baiocas
495 1085 665 1155 celebravit,
681 1088 859 1145 coadunatis
871 1089 998 1161 optima·
1051 1088 1253 1162 martyrisata,
1264 1092 1294 1145 et
1302 1089 1333 1146 in
1341 1087 1480 1145 stellifero
1490 1101 1584 1157 regno
1595 1083 1714 1141 feliciter
1722 1085 1887 1146 coronato,

169 1175 249 1234 tibus
271 1173 448 1230 Britannice
470 1175 770 1250 Northmannicaeque
798 1177 937 1248 regionis.
966 1179 999 1233 lit
1051 1179 1214 1248 antequam
1229 1176 1405 1234 humaretur
1418 1191 1528 1249 corpus
1543 1175 1607 1246 ejus
1622 1170 1774 1245 sepulcro,
1792 1167 1889 1225 adda

169 1262 227 1322 illio
248 1267 383 1320 moratus
398 1266 445 1319 est
458 1261 554 1318 donec
570 1269 669 1321 essent
681 1267 822 1323 transacti
842 1282 935 1322 sacrae
950 1282 997 1322 so·
1050 1267 1350 1324 seruntllichardum
1364 1281 1493 1340 puerum
1512 1264 1564 1338 qui
1579 1261 1690 1320 residui
1711 1260 1843 1316 fuerumt
1859 1258 1887 1314 in

169 1351 331 1410 lemnitatis
345 1355 531 1408 Pentecostes
543 1352 607 1410 dies
621 1353 727 1412 festivi.
746 1355 875 1428 Cupiens
897 1360 999 1412 autern
1051 1370 1154 1425 regno,
1176 1359 1204 1412 et
1228 1356 1281 1429 qui
1295 1371 1357 1412 non
1379 1355 1475 1412 ierant
1488 1354 1527 1411 ad
1545 1354 1715 1410 luctuosum
1735 1347 1888 1421 placitum

169 1441 315 1500 infantem
352 1441 535 1498 Richardum
571 1459 695 1500 suorum
724 1444 859 1501 fidelium
897 1457 998 1503 'sacra-
1052 1459 1122 1500 cum
1135 1459 1181 1501 co.
1196 1447 1278 1501 func
1302 1443 1498 1502 Northmanni
1517 1441 1690 1499 etBritones
1704 1441 1800 1493 tantas
1823 1433 1887 1508 pul

170 1534 272 1590 mento
296 1534 325 1587 et
344 1531 516 1604 juramento
541 1530 573 1588 in
592 1547 687 1602 regno
714 1533 886 1592 confirmari
908 1539 936 1591 et
952 1550 999 1590 su·
1052 1533 1228 1590 chritndinis
1242 1537 1271 1590 ct
1283 1533 1436 1605 dignitatis
1449 1547 1578 1606 puerum
1592 1529 1735 1596 videntes,
1762 1523 1887 1596 lugubri

170 1617 300 1686 blimari,
316 1618 480 1694 assumpsit
495 1623 609 1692 septem
628 1620 787 1693 optimates
809 1622 932 1694 majoris
943 1638 997 1696 po-
1017 1639 1037 1695 g
1052 1621 1203 1696 flebilique
1218 1637 1291 1680 voce
1307 1622 1524 1693 singultientes,
1548 1619 1668 1690 altaque
1690 1615 1886 1671 diversorum

170 1707 278 1776 tantiae,
295 1712 324 1764 et
336 1707 443 1786 pandit
455 1707 511 1764 illis
526 1724 596 1764 eum
611 1709 705 1766 tribus
721 1711 941 1785 suprascriptis
956 1725 1000 1768 se-
1054 1711 1169 1768 alutatu
1188 1711 1317 1784 suspiria
1337 1710 1514 1775 emittentes,
1534 1708 1673 1764 dixerunt
1697 1702 1884 1758 unanimes:

171 1801 286 1855 cretum
299 1796 460 1854 voluntatis
476 1813 556 1853 suae:
586 1821 600 1848 «
615 1801 724 1855 Rerum
743 1799 863 1857 fortuna
877 1800 997 1858 casibus
1053 1825 1067 1852 a
1084 1803 1158 1858 Ecce
1168 1801 1216 1857 cui
1226 1800 1345 1867 servire,
1361 1813 1430 1856 ecce
1443 1798 1491 1854 eui
1501 1797 1638 1862 militare,
1653 1811 1722 1852 cccc
1736 1795 1884 1868 culpetra

172 1885 244 1960 qula
255 1884 422 1941 innumeris
436 1900 555 1958 semper
565 1890 689 1956 rotatur,
698 1903 827 1961 raroque
840 1888 890 1945 ulli
899 1893 996 1945 certus
1052 1890 1210 1964 superstite
1221 1889 1313 1946 iidem
1335 1888 1472 1945 fecimus.
1486 1907 1501 1936 s
1523 1889 1604 1943 Tunc
1624 1885 1804 1955 Beringerus
1829 1883 1884 1938 Bri·

171 1988 332 2032 causarum
356 1979 500 2043 eventus3
530 1975 682 2048 quocirca,
709 1976 796 2032 vobis
818 1977 997 2046 faventibus,
1052 1979 1179 2036 tannicoe
1192 1978 1323 2048 regionis
1336 1993 1439 2034 comes
1455 1975 1635 2049 praecipuus,
1658 1971 1722 2028 infit
1742 1971 1880 2029 flexibilis
1967 1993 1968 2018 r

169 2061 238 2120 volo
252 2066 346 2118 ulma
362 2062 519 2135 superstite
533 2061 612 2119 iilius
626 2063 890 2122 meuslliehardus
904 2065 998 2121 haeres
1053 2073 1082 2125 et
1096 2072 1222 2124 moestns
1244 2067 1327 2140 prior
1345 2079 1401 2138 pro
1424 2064 1589 2120 omnibus:
1616 2063 1670 2118 «0
1697 2060 1833 2117 seniores
1856 2063 1882 2114 at

170 2167 246 2208 meae
259 2149 999 2228 ditionisavobisconstituatur,manusquevestras
1054 2154 1296 2226 domni,hmulli
1309 2151 1555 2228 perfidiadolose
1574 2150 1700 2224 decepti,
1722 2153 1879 2206 moemntss
1967 2189 1968 2230 3

170 2240 234 2298 vics
248 2239 347 2297 cordis
366 2241 430 2312 eius
446 2240 617 2297 concedatis
638 2242 789 2310 manibus,
805 2247 954 2318 pactaque
968 2241 1001 2299 fi·
1054 2253 1083 2305 et
1098 2247 1193 2304 tristes
1207 2245 1346 2322 plorabili
1361 2259 1433 2301 nece
1447 2243 1574 2318 piissimi
1588 2240 1784 2309 marchionis,
1791 2239 1879 2312 prius·

171 2329 277 2388 delitas
298 2345 377 2386 verae
390 2328 461 2385 fidei
484 2335 588 2386 vestrae
600 2331 752 2402 iuramine
776 2331 885 2388 obnixe
899 2332 1000 2388 firme·
1055 2353 1148 2410 quarn
1161 2334 1353 2392 lamentabile
1369 2349 1478 2406 corpus
1493 2330 1607 2388 tumulo
1623 2329 1781 2396 condatur,
1791 2328 1880 2384 senio

171 2423 230 2488 tur,
245 2425 336 2492 atque
351 2423 449 2476 vestro
464 2418 589 2476 consilio
614 2419 771 2477 utilissimo
783 2420 850 2494 ipsa
871 2425 932 2477 tota
946 2437 1001 2495 pa·
1055 2440 1119 2481 rem
1133 2423 1279 2480 faciamus
1293 2421 1391 2478 nobis.
1409 2425 1463 2476 lstc
1477 2434 1562 2494 puer,
1577 2422 1611 2475 ut
1623 2417 1686 2473 dux
1700 2414 1789 2472 nobis
1803 2413 1838 2468 sit
1852 2413 1877 2465 et

172 2507 228 2566 tria
240 2508 403 2582 prudenter
416 2511 545 2578 regatur.
564 2531 577 2558 r
594 2509 644 2564 llis
659 2509 914 2582 propositionibus
927 2508 1002 2566 hila·
1055 2513 1207 2588 patricius,
1220 2513 1251 2568 in
1264 2511 1334 2567 sede
1348 2509 1442 2585 patris
1457 2513 1501 2566 est
1515 2505 1737 2578 subrogandus.
1753 2507 1793 2560 Ne
1806 2505 1878 2557 exte·

171 2611 219 2653 res
240 2594 462 2669 responderunt
487 2600 601 2670 septem
625 2597 808 2669 optimates:
834 2597 889 2654 «si
902 2596 1002 2670 praeri-
1055 2617 1094 2657 ras
1120 2606 1222 2673 gentes
1249 2615 1340 2674 super
1360 2614 1415 2655 nos
1436 2599 1592 2660 irruentes,
1618 2595 1737 2666 hocque
1763 2588 1874 2661 negotio

172 2684 250 2745 marl
263 2688 292 2741 el
305 2683 509 2758 praecogitare,
522 2685 659 2762 quinimo
671 2685 834 2759 predicere
842 2685 925 2759 quod
934 2701 1002 2759 pro
1055 2690 1145 2762 hujus
1158 2688 1323 2746 traditionis
1336 2687 1471 2744 inaudito
1485 2683 1647 2759 principari
1661 2695 1816 2756 supernos
1829 2677 1874 2732 de·

170 2773 297 2856 posuisti
312 2773 415 2830 animo
430 2789 492 2830 non
507 2775 654 2846 aestuaris,
672 2791 840 2846 congruum
856 2777 884 2830 et
898 2789 1002 2830 conse-
1055 2777 1225 2843 liberantes,
1239 2775 1390 2833 vindicent
1403 2775 1460 2830 sibl
1479 2771 1728 2830 Nortbmannicas
1740 2764 1872 2825 Britanni·

172 2878 269 2944 quens
286 2878 479 2936 summopere
494 2863 582 2919 nobis
596 2868 684 2930 esset,
703 2868 737 2920 ut
749 2868 852 2920 nostro
866 2866 1000 2936 precatu,
1055 2883 1166 2941 casque
1191 2867 1276 2936 fines,
1299 2866 1356 2923 iste
1380 2879 1455 2938 puer
1477 2863 1674 2920 consumatur
1696 2860 1778 2917 istius
1797 2853 1872 2926 regni

171 2957 335 3026 nostraque
363 2951 488 3009 sollicita
510 2952 715 3009 exhortatione
743 2952 915 3009 admonitus
943 2951 1001 3008 boc
1055 2957 1204 3032 princeps.
1221 2958 1404 3028 scutumque
1418 2953 1569 3027 perditum
1583 2951 1677 3026 patris
1689 2953 1771 3006 scuto
1789 2945 1870 3003 refor-

172 3043 295 3112 faceres,
309 3042 381 3117 quia
395 3041 598 3098 necessarium
613 3041 670 3098 hoc
690 3041 854 3114 negotium,
871 3045 899 3098 et
913 3057 1002 3115 pecu·
1055 3050 1182 3114 mantes,
1197 3049 1457 3116 restaurantesque
1472 3043 1537 3113 ejus
1551 3039 1658 3102 soboli,
1672 3038 1817 3095 obstemus
1828 3047 1865 3086 re

173 3131 276 3190 liarius
288 3130 377 3187 nobis
393 3133 445 3187 est.
464 3152 477 3177 n
492 3130 539 3187 llis
559 3128 645 3186 dictis
658 3129 805 3188 Richards
818 3130 923 3187 infanti
937 3145 1001 3186 ma·
1055 3134 1221 3208 pugnando
1233 3132 1402 3190 volentibus
1417 3129 1568 3187 dominari
1586 3129 1710 3185 nobis.»
1730 3125 1774 3180 llis
1785 3119 1859 3178 diris

171 3219 263 3278 nibus
294 3219 355 3276 suis
383 3219 471 3292 datis,
507 3236 597 3295 super
630 3225 836 3276 sacrosanctas
861 3219 1002 3292 reliquias
1056 3222 1237 3279 unanimiter
1249 3220 1453 3278 callaudantes
1461 3220 1518 3276 hoo
1529 3210 1861 3286 consiliumaggrediun·

172 3309 264 3367 fidem
292 3308 485 3383 obsequentis
504 3309 667 3367 famulatus
693 3314 723 3365 et
748 3309 933 3367 militationis
957 3307 1001 3364 fa·
1056 3315 1104 3368 tur
1132 3311 1255 3368 comites
1284 3326 1354 3366 enm
1382 3321 1495 3379 magna
1522 3306 1689 3380 frequentia
1713 3299 1865 3377 principum

172 3399 294 3466 cientes,
308 3399 537 3472 spoponderunt
544 3402 573 3455 et
580 3397 778 3455 voveruntilli
790 3413 823 3453 se
836 3413 891 3470 per
900 3396 1002 3454 omnia
1057 3403 1210 3457 cummoto
1220 3399 1335 3471 impetu
1347 3402 1376 3454 et
1385 3412 1539 3453 murmure
1556 3393 1734 3451 ululantium
1754 3385 1868 3460 ingentis

172 3503 237 3544 esse
250 3486 364 3544 fideles.
1055 3487 1226 3546 reverentiis
1254 3486 1436 3543 Richardum
1465 3497 1603 3558 puerum.
1629 3476 1870 3539 tumultuantium

494 3589 686 3630 crasmarus.
1056 3581 1156 3634 autem
1169 3574 1352 3650 populorum
1361 3589 1517 3631 murmure
1535 3572 1650 3643 sedato,
1663 3571 1711 3627 vix
1728 3569 1830 3642 adepto
1842 3563 1873 3619 si·

245 3660 326 3719 Sacri
339 3664 367 3718 et
382 3659 506 3732 ordinis,
519 3665 548 3718 et
562 3661 784 3735 graduumque,
1055 3665 1156 3734 lentio,
1167 3664 1344 3736 Beringerus
1354 3664 1537 3732 etAlannus,
1546 3661 1713 3734 ceterique
1725 3659 1873 3716 Nothman·

244 3753 320 3807 Puer
333 3749 453 3824 inclyte,
470 3754 499 3808 et
511 3750 620 3808 indolis
636 3750 724 3809 almae
1055 3755 1114 3813 niae
1127 3753 1343 3827 britanniaeque
1357 3754 1490 3821 comites,
1510 3752 1589 3809 datis
1603 3750 1745 3807 manibus
1760 3747 1817 3804 suis
1837 3742 1874 3801 lli·

243 3842 327 3897 Patre
343 3839 380 3896 dc
395 3838 489 3898 nitido
506 3845 578 3912 sate,
592 3839 697 3896 matris
1057 3843 1179 3908 charde,
1196 3843 1394 3900 subdiderunt
1401 3842 1565 3900 selibentar
1580 3841 1631 3913 illl,
1646 3843 1677 3896 ut
1687 3835 1874 3912 promiserant

244 3931 355 3986 Genera
367 3944 405 3985 ex
418 3928 517 4001 rutilo,
532 3929 734 4003 ingenuoque.
1056 3933 1128 3991 olim
1142 3931 1219 4006 patri
1228 3931 1346 3990 urenti.
1359 3931 1600 4004 pignoribusque
1610 3928 1874 4002 pretiosorumsan-

244 4018 343 4076 llerito
357 4017 411 4075 tibi
425 4018 564 4076 subditur
576 4018 633 4077 ista
1057 4027 1172 4080 ciorum
1189 4019 1305 4089 delatis,
1319 4020 1457 4076 sanciunt
1475 4019 1517 4075 illi
1531 4024 1664 4076 tenorem
1688 4013 1874 4087 integerrime

243 4107 340 4164 Patria
353 4111 382 4164 et
394 4109 488 4182 regio,
505 4109 602 4167 editus
617 4126 649 4166 es
663 4125 734 4186 qua.
1055 4112 1206 4170 fidelitatis
1222 4113 1250 4168 et
1264 4109 1458 4178 militationis,
1474 4113 1569 4166 morte
1591 4107 1762 4164 christiane
1786 4101 1875 4173 conju·

244 4197 320 4262 Quia
333 4197 396 4254 dux
409 4198 518 4267 bonus,
535 4203 564 4257 et
577 4216 680 4258 eomes
696 4199 795 4258 almus
1056 4202 1190 4260 rationis.
1207 4200 1254 4258 llis
1269 4198 1404 4256 flebiliter
1415 4198 1549 4271 expletis,
1565 4195 1762 4270 pluribusque
1775 4191 1814 4251 sd
1827 4201 1875 4246 sut

245 4284 308 4340 liris
322 4284 471 4354 indigenae
484 4287 646 4345 morulanti
659 4288 718 4359 hic,
1056 4293 1194 4358 rever-is,
1217 4287 1383 4346 Richardus
1408 4303 1483 4360 puer
1508 4289 1686 4359 exspectaus
1712 4277 1874 4346 nobffiuts,

246 4370 309 4428 Eris
322 4375 352 4428 et
363 4371 455 4428 decus
470 4373 669 4432 aeclesiarum
1020 4350 1287 4452 ”lenitudineque
1302 4376 1435 4445 celebris,
1450 4377 1637 4446 ttothomago
1651 4373 1797 4432 remansit
1817 4383 1874 4427 cnm

247 4463 338 4518 Sacra
349 4459 453 4531 glorta,
466 4477 536 4536 spes
551 4463 711 4520 recolenda
1056 4467 1216 4539 tironibus,
1231 4467 1384 4541 patrisque
1397 4465 1577 4536 domigenis.

245 4553 358 4626 Vagus,
373 4551 538 4624 orphanus,
555 4552 648 4621 exsul,
664 4551 822 4630 inopsque,
1376 4569 1567 4613 crosmorm.

247 4639 373 4714 Cupiens
386 4639 453 4714 opis
467 4640 612 4698 auxilium
625 4657 643 4698 a
656 4646 685 4700 te
1056 4647 1243 4718 Rothomags
1257 4661 1349 4720 super
1363 4643 1458 4702 missa
1472 4659 1548 4713 vage
1561 4643 1660 4700 littora
1674 4644 1829 4716 sequane

244 4729 352 4787 Hilaris
365 4733 516 4788 saturatus
529 4729 633 4787 obibit·
1057 4737 1132 4794 llrbs
1143 4735 1274 4794 fecunda
1286 4735 1375 4792 bonis
1388 4733 1540 4800 omnibns,
1555 4737 1584 4788 ct
1598 4731 1743 4788 militibus
1756 4729 1826 4787 feris

209 4819 259 4877 llis
273 4831 407 4893 namque
421 4819 532 4893 sagaci,
546 4819 746 4895 prudentique
766 4825 795 4879 at
809 4822 922 4880 salubri
934 4840 1004 4881 ‹ron—
1056 4825 1179 4898 Semper
1190 4822 1250 4880 feta
1259 4823 1340 4892 laon,
1352 4822 1433 4880 dives
1444 4837 1548 4895 opum,
1557 4821 1874 4895 plenaquemnnsrom.

174 4907 240 4966 silio
258 4907 398 4978 definitis,
414 4907 565 4981 rebusque
590 4908 729 4981 pluribus
752 4925 845 4967 sacrae
867 4911 1003 4968 sceleste
1055 4913 1170 4970 venatu
1179 4911 1329 4980 exhilaris,
1345 4909 1506 4978 sufficiens,
1521 4913 1551 4966 at
1563 4908 1746 4982 locupletiori,

172 4996 278 5071 reique
290 4995 419 5078 publicae
443 4995 602 5054 salubriter
625 4997 788 5066 adornatis,
813 5000 900 5057 rediit
924 5001 1004 5074 quis-
1056 5001 1213 5061 tfultarum
1227 4999 1406 5074 specierum,
1423 5013 1577 5068 generum,
1594 4997 1737 5070 pisceque
1750 4995 1845 5052 ditior

173 5102 233 5162 que
247 5085 286 5144 ad
300 5086 490 5144 suafoetuset
501 5086 613 5144 hilaris.
628 5091 742 5146 interea
752 5089 852 5147 infans
863 5089 950 5148 bonce
962 5090 1004 5147 in-
1056 5090 1129 5148 Altis
1141 5089 1331 5162 alitibusque,
1346 5087 1540 5161 accipitrique
1554 5085 1676 5159 anticipi
1693 5085 1764 5142 scio.

174 5173 262 5242 dolls,
278 5175 427 5254 primique
438 5177 534 5247 gratia
546 5177 637 5246 floris,
653 5177 819 5236 Richardus
837 5179 946 5238 scilicet
959 5195 1005 5238 ce-
1057 5179 1145 5238 Omnl
1156 5177 1230 5252 quin
1244 5177 1360 5247 melior,
1375 5177 1449 5250 quin
1461 5177 1569 5251 potior,
1586 5174 1661 5232 urba
1674 5173 1829 5248 poenior,

173 5261 274 5330 lebria,
291 5262 478 5324 formabatur
491 5267 605 5344 capsim
622 5267 662 5325 ab
677 5267 772 5325 annis.
789 5269 888 5328 Gratia
902 5273 1003 5328 autem
1056 5270 1385 5340 Portusqssmvegctat
1394 5265 1536 5337 Belgicus,
1549 5263 1719 5336 atilsltlcus,
1732 5261 1873 5335 angiam

175 5347 301 5430 Spiritus
315 5349 410 5407 sancti
420 5351 575 5426 adaugens
593 5355 672 5412 illius
686 5361 772 5415 anua
792 5359 932 5431 pectoris,
946 5358 1004 5416 lar·
1056 5356 1159 5415 cande
1171 5355 1349 5430 tripudians,
1363 5355 1528 5422 letificans,
1544 5355 1702 5422 estimans,
1718 5352 1792 5427 quia

174 5438 267 5516 gilluo
281 5453 406 5497 munere
425 5443 556 5500 ardentis
571 5445 672 5513 studii,
688 5447 864 5522 sagacisque
880 5447 1001 5520 ingenii,
1057 5445 1204 5504 Perfectus
1215 5445 1325 5516 senior,
1341 5450 1370 5503 ct
1383 5446 1525 5504 dominus
1536 5444 1639 5516 legifer
1653 5447 1698 5501 ast
1708 5443 1773 5512 tibi,

173 5529 293 5589 duobus
307 5531 391 5605 quod
406 5536 451 5588 est
465 5531 614 5590 sufficiens
638 5536 803 5606 aggerabat
824 5537 1003 5610 propensius
1057 5537 1200 5594 Defuncto
1208 5542 1236 5593 et
1249 5537 1411 5610 petredux,
1420 5529 1872 5610 patriciusmarobiolrabebitm,

172 5618 224 5682 illi.
239 5622 368 5682 romum
383 5621 546 5682 subnixam
561 5623 709 5682 cohunnis
721 5625 1002 5702 sapientiafsbrica-
1056 5627 1223 5687 bichardus
1233 5626 1367 5700 calabris,
1376 5628 1475 5700 iusim
1484 5627 1631 5699 clamas,
1642 5625 1871 5701 pluamooom.
