3990 6184
100 107 163 166 laer
313 139 315 142 -
766 57 1086 159 nudulum—tta.
1102 107 1136 162 11.
1738 115 1809 171 ¹³³2

97 233 196 308 priam
208 241 330 306 quoque
344 227 543 303 patefaceret;
558 227 665 297 0111110,
676 225 728 302 qui
741 231 815 284 natu
829 225 927 296 major
942 225 966 282 Α
983 243 1058 286 0010.
1075 231 1162 298 Quod
1174 232 1227 290 ubi
1241 250 1419 292 concessum
1446 240 1499 307 est,
1524 237 1668 304 ascendit,
1695 238 1812 314 miseri·

97 319 203 392 fueret,
220 320 262 376 sic
275 317 438 376 llaraldum
452 316 572 374 fratrem
589 315 760 390 alloquitur:
774 337 788 365 «
801 313 925 383 adveni,
981 319 1176 394 cordiamque
1188 322 1303 380 domini
1316 323 1362 382 sui
1377 325 1526 398 quaesivit,
1540 330 1571 384 et
1593 325 1634 384 1111
1648 328 1743 402 multo
1770 327 1812 384 la-

98 412 197 481 frater,
223 407 334 483 partim
360 423 452 464 causa
477 405 521 464 tui
548 405 670 475 amoris,
686 407 795 480 partim
810 421 881 462 vero
896 407 929 460 ut
980 407 1054 464 bore
1079 411 1264 481 conciliatus,
1287 412 1339 470 dat
1364 412 1435 471 fidei
1460 420 1682 488 sacramentum
1711 432 1743 473 se
1771 415 1813 490 illi

97 499 280 556 declinarem
314 496 513 570 improvisam
544 497 739 553 temeritatem
779 492 929 552 barbarici
983 496 1124 575 deinceps
1136 489 1261 560 fideliter
1270 501 1538 562 serviturum.cum
1552 520 1614 591 quo
1626 520 1733 562 mense
1743 505 1812 584 plus

97 588 205 646 furoris
220 606 226 656 ;
242 591 418 644 nontamen
432 592 570 644 metuens
590 585 831 662 bellorumque
853 599 929 640 mere
982 583 1097 658 integro
1112 595 1257 662 moratur,
1272 597 1300 648 et
1314 595 1346 648 ut
1359 591 1398 663 ad
1412 592 1525 662 anglos
1547 594 1651 651 redeat
1665 593 1811 663 hortatur,

97 695 127 735 re
151 681 231 750 etam
247 675 358 748 3101111,
375 676 429 732 sed
440 680 473 733 ut
485 680 537 733 tuo
550 675 690 748 consultu
708 675 842 744 edoctus,
853 689 930 748 prae-
983 675 1086 732 dicens
1102 679 1286 744 eumleviter
1304 680 1371 737 illos
1386 697 1475 756 posse
1504 697 1657 759 superare,
1682 699 1814 772 quorum

97 695 233 840 sigioque
249 765 399 836 suffultus,
415 765 537 822 redeam
552 769 650 823 certus
664 764 801 822 victoriae.
817 767 865 820 Est
875 778 930 819 au·
982 763 1058 821 fines
1073 765 1162 838 longe
1171 769 1290 846 lateque
1300 769 1525 828 notificarentur
1538 771 1813 846 utrisquel‘roeser-

97 861 157 930 tem
172 857 314 931 primum,
331 856 416 929 quod
425 855 499 912 mihi
515 855 652 925 facies,si
666 870 727 912 non
743 853 844 926 glories
855 869 929 910 mere
982 854 1036 911 tim
1051 855 1150 914 aiebat
1165 875 1197 915 se
1211 857 1331 930 triginta
1348 842 1441 916 naves
1470 860 1502 916 in
1529 859 1696 932 anglorum
1718 861 1815 944 patria

97 937 225 1016 inrides,
253 949 285 1002 ut
312 937 428 1001 (111111οε
450 961 571 1002 mecum
595 959 724 1016 regnum
765 944 928 1011 Bonorum,
984 961 1053 1002 cum
1069 948 1199 1004 exercitu
1216 948 1363 1006 fidissimo
1392 949 1556 1026 reliquisse,
1576 935 1636 1024 'qui
1662 949 1814 1010 venientes

97 1053 198 1094 meam
224 1035 336 1092 scilicet
367 1035 583 1103 hereditatem,
610 1051 705 1108 quam
735 1033 816 1091 solus
835 1038 928 1102 tenes,
984 1035 1169 1110 susciperent
1180 1037 1558 1114 honorssficeducerentque
1574 1039 1709 1114 perfines
1724 1039 1813 1112 totins

96 1125 204 1182 deinde
219 1139 347 1197 regnum
361 1123 538 1195 anglorum,
558 1125 583 1181 si
596 1124 752 1181 communi
771 1139 864 1197 opera
878 1138 931 1201 po
965 1137 966 1142 ’
983 1125 1096 1199 patrie.
1113 1130 1193 1184 Tunc
1203 1143 1254 1184 rex
1268 1127 1437 1185 valedicens
1454 1128 1543 1184 matri
1555 1131 1583 1185 et
1610 1127 1703 1207 fratri,
1731 1129 1815 1204 curvi

97 1214 220 1271 terimus
230 1219 339 1270 nostrae
354 1213 520 1270 hereditati
542 1213 679 1286 adjicere.
697 1215 795 1270 Unum
819 1212 929 1268 horum
982 1213 1086 1271 littoris
1101 1216 1218 1290 repetiit
1229 1217 1371 1287 confinia,
1382 1234 1444 1292 qua
1456 1218 1522 1300 jam
1545 1217 1733 1276 adunaverat
1758 1219 1814 1276 dn-

97 1303 301 1377 quodcunque
315 1302 439 1372 elegeris
459 1301 581 1359 feliciter
596 1305 705 1373 teneto,
719 1305 748 1358 et
765 1317 821 1372 ego
847 1301 927 1358 aliud
982 1308 1137 1362 ceniarum
1156 1306 1278 1363 navium
1292 1306 1429 1381 speciosa
1448 1306 1630 1386 spectacula.
1662 1310 1738 1363 Nam
1766 1307 1813 1382 hic

98 1391 231 1449 similiter
244 1390 364 1448 tenebo.
380 1391 475 1462 liujus
489 1392 531 1448 rei
548 1391 643 1463 gratia
662 1395 761 1448 tecum
776 1390 928 1461 hiemabo,
982 1398 1044 1449 erat
1060 1398 1141 1451 tanta
1151 1412 1306 1453 armorum
1319 1395 1416 1476 copia,
1433 1399 1466 1452 ut
1484 1412 1546 1466 una
1560 1411 1664 1468 aarum
1680 1395 1813 1471 navium,

97 1485 130 1540 ut
142 1487 261 1558 tempus
277 1487 328 1538 tuo
344 1481 472 1539 sufficiat
486 1482 609 1539 consilio
622 1485 660 1554 et,
676 1486 709 1538 ut
729 1481 858 1557 expedit,
883 1497 928 1538 re-
983 1481 1007 1537 si
1021 1484 1164 1541 omnibus
1191 1485 1314 1560 reliquis
1337 1485 1525 1554 defecissent,
1549 1485 1697 1558 sufficeret
1720 1484 1815 1558 abun·

98 1577 346 1646 parenturnaves
362 1575 390 1628 et
404 1571 560 1640 exercitus,
575 1588 613 1628 ne
626 1571 768 1628 deficiant
789 1587 928 1629 necessa·
944 1581 966 1637 13
983 1570 1158 1634 dantissime
1174 1573 1242 1634 tela.
1257 1578 1349 1634 Erant
1369 1579 1470 1646 eutem
1494 1573 1535 1630 ibi
1555 1578 1708 1646 scutorum
1733 1577 1815 1646 tanta

97 1662 153 1730 ria,
167 1662 242 1718 dum
256 1677 367 1735 pugnae
379 1661 522 1732 ingruerit
538 1665 667 1735 tempus.
677 1660 816 1718 Thurchil
827 1663 930 1727 noster
984 1676 1104 1733 genera,
1119 1669 1151 1721 ut
1177 1665 1313 1722 crederes
1337 1666 1443 1724 adesse
1469 1664 1605 1722 omnium
1631 1665 1812 1747 populorum

97 1767 154 1808 nos
180 1749 388 1822 relinquendo,
415 1754 448 1807 ut
471 1753 599 1825 patrem,
626 1750 657 1806 in
686 1753 764 1806 terra
779 1747 888 1806 resedit
902 1750 930 1805 et
984 1752 1116 1821 agmina.
1131 1756 1372 1828 Tantusquoque
1386 1754 1580 1812 decor-inerat
1601 1753 1766 1832 puppibus,
1782 1757 1815 1820 ut

98 1855 243 1910 magnam
258 1843 376 1912 partem
391 1839 517 1896 navium
544 1843 717 1895 nostrarum
744 1838 872 1910 retinuit,
898 1841 930 1893 ut
983 1841 1163 1898 intuentium
1177 1842 1323 1899 hebetatis
1345 1843 1520 1912 luminibus,
1541 1842 1691 1914 flammea
1715 1840 1813 1914 magis

97 1945 176 2000 reor,
189 1921 277 1986 nobi's
292 1928 482 1986 adversarius
495 1927 559 1996 erit,
575 1928 627 1984 scd
642 1931 744 1985 tamen
766 1944 827 1985 non
853 1943 928 2002 pree-
983 1945 1075 2004 quanr
1091 1931 1187 2002 ignee
1202 1932 1404 1989 viderentura
1428 1931 1518 2012 longe
1547 1931 1770 2001 aspicientibus.
1786 1929 1815 2006 Si

98 2017 216 2076 valebit.
236 2041 251 2068 2»
983 2015 1107 2088 quando
1132 2015 1212 2072 enim
1228 2015 1340 2073 solillis
1353 2015 1446 2092 jubar
1469 2015 1633 2088 immiscuit
1647 2015 1814 2094 radiorum,

133 2105 280 2162 Haraldus
294 2121 357 2177 rex,
373 2105 475 2162 audito
497 2105 582 2179 quod
610 2105 714 2176 noluit,
741 2105 788 2160 his
807 2103 929 2162 fratrem
983 2104 1053 2161 hinc
1065 2105 1250 2183 resplenduit
1263 2096 1362 2180 fulgor'
1375 2123 1541 2178 armorum,
1551 2106 1630 2163 illinc
1646 2104 1816 2180 1010110111-

96 2193 196 2250 verbis
210 2195 326 2267 excepit
342 2210 348 2249 :
366 2194 528 2265 «Gaudeo,
546 2193 646 2266 frater,
663 2195 700 2251 de
715 2198 767 2251 tuo
787 2192 928 2264 adventu,
983 2211 1034 2251 ma
1046 2195 1281 2268 dependentium
1291 2195 1477 2270 clypeorum.
1497 2195 1628 2252 ardebat
1655 2210 1764 2266 aarum
1784 2193 1815 2249 in

96 2283 256 2366 habeoque
272 2283 382 2354 gratias
395 2283 447 2340 tibi
465 2284 549 2356 quod
564 2301 612 2340 me
640 2283 782 2351 visitasti;
807 2281 860 2339 sed
887 2284 931 2338 est
984 2283 1106 2353 nostris,
1135 2283 1268 2356 fulgebat
1283 2287 1575 2364 quoqueargentum
1599 2285 1629 2340 in
1657 2283 1815 2355 1111111110-
1880 2311 1884 2318 .

98 2387 189 2442 grave
202 2372 308 2428 auditu
329 2371 413 2444 quod
441 2371 572 2444 loqueris
596 2373 633 2428 de
662 2371 808 2428 divisione
835 2369 929 2441 regni.
985 2374 1066 2429 vium
1080 2372 1194 2443 figuris.
1208 2376 1319 2430 Tantus
1334 2373 1483 2448 siquidem
1496 2372 1599 2430 classis
1614 2377 1678 2452 erat
1688 2386 1815 2448 appara·

99 2462 308 2520 Hereditatem
322 2477 416 2534 quam
431 2462 505 2517 rnihi
517 2466 612 2536 pater,
627 2466 653 2518 te
669 2461 824 2528 laudante,
841 2458 930 2516 tradi·
984 2465 1044 2534 tus,
1073 2465 1115 2531 ut,
1130 2461 1154 2520 si
1178 2478 1271 2536 quam
1298 2465 1418 2532 gentem
1444 2462 1510 2534 ejus
1528 2461 1616 2519 vellet
1639 2475 1814 2547 expugnare

99 2548 153 2624 dit,
166 2549 324 2622 guberno,
341 2554 456 2612 tuvero
475 2549 553 2608 hanc
580 2550 728 2622 majorem
755 2550 781 2608 si
806 2547 932 2608 amisisti
984 2550 1139 2619 Dominus,
1164 2567 1258 2607 naves
1288 2554 1405 2607 tantum
1442 2551 1630 2608 adversarios
1662 2553 1814 2621 terrerent,

99 2637 198 2708 doleo,
216 2644 302 2713 teque
315 2639 423 2711 juvare
437 2644 701 2712 paratusregnum
711 2655 814 2699 meum
830 2636 931 2712 partiri
984 2639 1163 2714 priusquam
1178 2655 1282 2712 earum
1301 2637 1461 2697 bellatores
1481 2655 1616 2714 pugnam
1644 2637 1738 2714 ullam
1764 2653 1814 2694 ca-

98 2743 161 2800 non
172 2727 337 2797 sustinebo.
349 2751 364 2780 »
382 2729 443 2786 Hoc
462 2730 557 2786 cnuto
584 2729 721 2798 audiam,
749 2728 931 2800 fratremque
984 2733 1147 2804 pesserent.
1165 2733 1239 2786 Nam
1254 2729 1322 2806 quis
1338 2729 1521 2786 eucharium
1539 2728 1641 2785 leones
1667 2727 1732 2789 auri
1760 2725 1816 2782 ful·

96 2823 176 2890 reete
190 2817 324 2890 locutura
339 2819 425 2876 tacite
443 2819 659 2892 perpendens:
690 2843 704 2872 α
720 2819 782 2876 Hoc
797 2822 931 2892 tempore
985 2834 1056 2890 gere
1068 2819 1223 2886 terribiles,
1234 2819 1302 2892 quis
1321 2817 1491 2876 metallinos
1510 2817 1687 2892 [metallicos
1702 2817 1737 2890 l]
1763 2816 1816 2886 ho

97 2905 136 2967 de
150 2906 208 2976 11110
223 2906 375 2979 sileamus,
387 2908 495 2982 iuquit.
523 2911 600 2970 Deua
627 2908 708 2968 enim
734 2908 843 2966 rectius
871 2906 930 2965 for·
950 2937 970 2993 C
984 2908 1081 2965 mines
1093 2925 1184 2966 aureo
1198 2908 1299 2991 fronte¹
1309 2907 1452 2976 minaces,
1466 2907 1533 2990 quis
1543 2907 1690 2982 dracones
1704 2905 1815 2980 obryzo

98 3001 176 3068 tasse
187 2997 244 3066 1100
260 2996 341 3060 solus
360 2997 537 3059 ordinavite
565 2997 684 3056 Talibus
697 2997 822 3071 aliisque
837 2996 932 3054 divar
986 2999 1135 3066 ardentes,
1151 2999 1218 3075 quis
1228 3003 1329 3056 tauros
1355 2994 1542 3055 radiantibus
1571 3013 1645 3054 auro
1672 2990 1816 3072 corpibps

97 3086 139 3156 sis
153 3086 344 3149 sermonibus
357 3085 572 3160 colloquentes,
588 3087 792 3162 conviviisque
823 3085 931 3156 regali·
985 3104 1090 3146 necem
1106 3088 1286 3146 intentantes
1300 3088 1332 3144 in
1344 3087 1498 3175 puppibus
1518 3087 1672 3170 aspiceret,
1684 3093 1713 3142 01
1732 3085 1816 3157 nullo

96 3175 156 3248 bas
171 3176 377 3248 convivaates,
393 3176 548 3250 aliquanto
563 3182 698 3251 tempore
710 3176 801 3236 simul
811 3191 931 3238 manse-
985 3181 1067 3234 metu
1081 3193 1183 3250 regem
1195 3181 1286 3236 ante
1309 3175 1403 3254 copiae
1431 3174 1633 3240 formidaret?
1659 3176 1814 3251 Praeterea,

95 3269 178 3338 rapt,
191 3269 220 3324 et
233 3281 326 3331 naves
339 3265 532 3329 meliorantes
552 3267 716 3328 exercitum
745 3269 931 3326 restaurare·
985 3267 1017 3323 in
1029 3271 1112 3325 tanta
1125 3265 1313 3340 expeditione
1341 3263 1442 3322 nullus
1468 3262 1675 3321 inveniebatur
1701 3278 1816 3334 servus,

94 3358 177 3426 rutil,-
191 3355 302 3424 Pariter
315 3372 387 3420 uero
402 3355 749 3429 sescenisnummis,
762 3359 791 3417 ct
804 3359 932 3418 maren
986 3355 1088 3412 nullus
1103 3372 1139 3412 ex
1153 3371 1237 3412 servo
1251 3354 1387 3422 libertus,
1414 3352 1515 3409 nullus
1538 3350 1687 3442 ignobilis,
1717 3350 1817 3408 nullus

98 3461 199 3515 sustu,
214 3462 282 3520 que
297 3446 357 3507 illic
369 3446 556 3516 morabatur,
567 3446 761 3508 reduxerunt.
987 3443 1074 3504 senili
1088 3442 1330 3502 aetatatedebilis.
1352 3444 1462 3499 Omnes
1473 3439 1554 3498 enim
1582 3442 1667 3496 erant
1689 3438 1816 3508 nobiles,

138 3533 251 3601 interea
261 3534 403 3606 quadam
413 3539 621 3606 matronarum
628 3534 820 3607 anglicarum
829 3534 932 3592 naum
987 3550 1092 3605 omnes
1107 3532 1201 3613 plenae
1214 3531 1307 3591 etatis
1319 3530 1427 3602 robore
1447 3529 1591 3596 valentes,
1605 3543 1711 3585 omnes
1725 3526 1817 3586 cuivis

98 3622 158 3683 albi
172 3622 241 3682 tecit
257 3624 370 3697 parari,
386 3629 415 3682 ct
430 3629 588 3699 assumpto
603 3640 728 3697 corpore
745 3620 932 3702 Sueiniregis
985 3635 1095 3696 pugne
1110 3619 1181 3676 satis
1197 3619 1325 3692 habiles,
1341 3633 1448 3676 omnes
1476 3621 1565 3674 tantae
1588 3615 1759 3684 velocitatis,
1786 3619 1819 3678 ut

97 3728 155 3776 Sita
169 3711 199 3777 ’111
214 3713 312 3786 patria
323 3713 442 3787 sepulti,
458 3713 570 3787 illoque
587 3712 777 3774 aromatibus
800 3711 930 3780 condite,
986 3708 1142 3786 despectui
1155 3709 1197 3766 eis
1212 3712 1311 3765 essent
1326 3707 1524 3784 equitantium
1537 3705 1737 3783 pernicitates.

95 3800 256 3874 palliisque
270 3800 378 3870 velato,
397 3817 483 3863 mare
507 3801 591 3874 adiit,
617 3806 646 3862 et
671 3815 819 3876 prospero
842 3815 933 3856 cursu
1022 3799 1098 3856 Talis
1111 3798 1212 3872 itaque
1226 3797 1343 3870 milities
1355 3795 1498 3851 fastuosis
1511 3795 1625 3852 scansis
1640 3794 1754 3864 ratibus
1772 3793 1818 3858 in-
1912 3863 1913 3868 η

96 3891 228 3966 appulsa
241 3891 282 3950 ad
294 3896 401 3964 portus
412 3895 566 3950 llanor-um
577 3890 723 3965 parvenit.
736 3889 849 3952 llittcns
860 3903 932 3960 ergo
986 3890 1044 3943 trat
1054 3886 1192 3962 pelagus,
1207 3885 1311 3940 solutis
1324 3901 1342 3954 a
1355 3883 1453 3940 littore
1468 3882 1607 3956 anchoris
1633 3886 1661 3938 et
1684 3881 1818 3952 funibus,

96 3979 232 4054 utrisque
246 3980 388 4046 fratibus
398 3980 680 4053 nuntinmnrandat
695 3995 807 4052 corpus
821 3978 933 4039 adesse
987 3975 1097 4050 talique
1111 3974 1325 4048 verritimpetn
1346 3973 1464 4041 fluctus,
1494 3974 1526 4033 ut
1553 3969 1638 4028 alatis
1664 3969 1819 4053 puppibus

96 4074 270 4144 paternum,
286 4071 386 4131 uthoc
399 4074 550 4130 maturent
569 4070 730 4143 suscipere,
756 4066 932 4139 tumuloque
986 4065 1065 4121 hanc
1079 4061 1271 4140 supervolare
1287 4059 1386 4122 undas
1396 4063 1530 4137 putares,
1554 4057 1603 4114 vix
1633 4056 1716 4116 tanto
1741 4059 1819 4132 mari

96 4159 183 4232 quod
198 4158 254 4220 sibi
268 4164 491 4233 preparaverat
505 4159 616 4222 locare.
631 4158 674 4218 lili
689 4156 931 4224 hilaresadsunt,
987 4151 1173 4210 rudentibus.
1190 4147 1307 4223 Regalis
1318 4152 1420 4206 autem
1432 4146 1518 4204 navis
1533 4146 1657 4226 reliquis
1680 4150 1744 4205 erat
1764 4147 1819 4207 ho

96 4246 262 4304 honorifice
282 4264 393 4322 corpus
421 4249 598 4323 suspiciunt,
626 4246 933 4318 honorificentiusque
987 4259 1044 4312 nor
1058 4246 1085 4299 01
1098 4240 1232 4309 intentio,
1248 4239 1320 4316 quia
1335 4237 1418 4295 nulla
1432 4237 1497 4294 aliis
1516 4237 1613 4294 inerat
1638 4235 1732 4313 optio,
1760 4236 1818 4310 nisi

97 4333 174 4392 illud
192 4336 223 4392 in
238 4335 422 4394 monasterio
435 4337 592 4394 inhonore
608 4340 719 4394 sanctae
729 4334 878 4393 Trinitatis
890 4332 932 4402 ‚ab
988 4334 1105 4390 tantum
1115 4333 1148 4388 ut
1159 4328 1237 4404 regis
1251 4327 1297 4384 sui
1308 4326 1388 4384 faces
1411 4323 1590 4400 ampliarent
1615 4329 1677 4382 toto
1706 4325 1816 4382 studio.

10 4463 11 4472 .
97 4425 206 4482 eodem
220 4441 289 4497 rege
305 4430 486 4500 constructo,
502 4427 534 4484 in
547 4426 685 4500 sepulcro
708 4424 792 4498 quod
808 4423 864 4480 sibi
880 4439 932 4498 pa·
989 4418 1186 4495 Exspectabili
1200 4417 1300 4491 itaque
1320 4415 1434 4488 ordine,
1460 4413 1534 4472 flatu
1557 4415 1700 4484 secundo,
1725 4412 1817 4484 Sand-

10 4549 11 4570 1
95 4519 218 4572 raverat
229 4516 405 4574 recondunt.
417 4518 482 4584 Ono
504 4514 647 4590 perfecto,
672 4514 797 4591 jamque
821 4499 953 4588 appro·'
987 4509 1088 4578 huich,
1103 4508 1155 4585 qui
1170 4505 1362 4564 estomnium
1377 4504 1542 4578 anglorum
1565 4507 1709 4578 portuum
1723 4501 1818 4558 famo·

96 4602 201 4678 plante
217 4603 279 4662 sole
294 4605 396 4662 estivo
425 4604 571 4662 accelerat
598 4607 703 4674 cnuto,
730 4602 932 4676 redintegrato
989 4598 1134 4672 sissimus,
1152 4601 1221 4654 sunt
1233 4594 1362 4674 appulsi,
1386 4593 1547 4666 ejectisque
1561 4589 1710 4659 anchoris,
1725 4589 1816 4647 bacu-

97 4694 240 4766 exercitu,
264 4695 372 4766 redire,
402 4712 534 4770 suasque
562 4695 688 4768 injurias
703 4693 864 4752 vindicare.
896 4693 933 4749 at
986 4688 1023 4746 lis
1039 4687 1241 4762 exploratores
1254 4701 1284 4740 se
1299 4683 1413 4741 dedunt
1425 4680 1524 4749 littori,
1539 4683 1567 4736 et
1596 4678 1735 4736 citissime
1750 4678 1817 4735 fini-

97 4781 140 4859 1111
156 4781 345 4842 circalittora
365 4783 574 4844 deambulanti
603 4784 702 4842 subito
728 4785 933 4859 apparescunt
988 4778 1060 4840 tima
1080 4773 1358 4850 tellureexplorata,
1376 4769 1415 4826 ad
1429 4772 1502 4827 ncta
1515 4771 1673 4838 recurrunt
1686 4767 1816 4840 navigia,
1914 4795 1921 4804 ·

97 4873 227 4931 carbasa
239 4890 302 4931 non
316 4873 411 4931 multa
425 4874 456 4930 in
477 4874 578 4932 medio
606 4875 692 4933 mari.
714 4879 790 4932 Nam
816 4869 933 4942 Tarchil
987 4868 1110 4942 regique
1125 4865 1247 4922 edicunt
1260 4862 1366 4919 adesse
1391 4857 1592 4915 resistentium
1617 4861 1724 4943 parata
1749 4856 1817 4916 mil·

97 4979 218 5020 memor
229 4964 313 5040 quod
329 4963 439 5022 Sueino
454 4963 574 5032 fecerat,
588 4968 617 5021 et
630 4963 714 5037 quod
729 4967 799 5021 tunc
814 4963 845 5020 in
855 4965 933 5029 terra
986 4960 1036 5016 lia.
1053 4956 1221 5014 Patrienses
1241 4952 1321 5010 enim
1336 4949 1399 5022 regi
1426 4947 1577 5022 [lanisque
1601 4946 1817 5005 ferventissime

98 5051 225 5124 anglica
240 5052 356 5128 absque
368 5051 488 5128 licentia
507 5051 622 5110 domini
645 5053 691 5110 sui
717 5052 861 5111 cnutonis
886 5050 932 5108 in·
987 5046 1132 5106 rebellare
1147 5042 1298 5114 ardentes,
1314 5037 1458 5116 quaesibi
1479 5037 1517 5095 ad
1538 5037 1652 5094 luctam
1681 5037 1817 5094 sufficere

10 5178 15 5205 .
99 5141 442 5214 0010111101οω01100101,
457 5159 527 5199 oum
541 5157 649 5198 novem
664 5141 793 5200 navibus
811 5157 932 5199 earum·
988 5135 1161 5205 credebant,
1189 5131 1397 5190 adunaverant
1417 5126 1595 5203 phalanges,
1629 5125 1816 5201 conglobati·

10 5215 16 5292 ᾦ
97 5247 158 5304 que
173 5230 304 5306 exercitu
318 5231 478 5289 dominum
494 5247 585 5287 suum
602 5229 769 5306 requisivit,
781 5235 814 5288 ut
825 5230 852 5288 ci
877 5246 932 5305 pa·
987 5223 1093 5300 quein
1108 5237 1203 5279 unum
1214 5217 1377 5294 conspirati
1390 5214 1606 5284 advolitabant,
1627 5214 1739 5271 dextris
1764 5230 1817 5275 uo·

10 5321 11 5330 ’
98 5317 238 5392 refaceret
252 5320 396 5400 quianon
412 5326 517 5378 contra
544 5321 609 5392 ejus
639 5318 765 5376 salutem
795 5335 826 5376 se
850 5335 931 5376 rece·
988 5311 1093 5369 bilium
1107 5307 1345 5382 moriturilunc
1358 5304 1474 5363 Turchil
1503 5309 1621 5379 tempus
1635 5303 1755 5388 intuens
1770 5303 1815 5360 in-

99 5411 189 5467 dente
214 5411 402 5484 remanserit.
428 5410 482 5488 Qui
517 5410 641 5470 veniens
660 5425 722 5468 non
741 5409 933 5487 presumpsit
990 5407 1067 5460 stare
1082 5416 1144 5474 quo
1163 5399 1337 5460 fidelitatem
1355 5411 1444 5470 suam
1464 5395 1589 5452 domino
1615 5411 1670 5450 suo
1698 5393 1817 5453 valebat

10 5505 11 5508 ’
99 5499 199 5560 littora
212 5501 346 5584 injussus
363 5501 475 5570 subire,
492 5501 546 5558 sed
559 5501 660 5579 ejectis
681 5499 830 5574 anchoris,
857 5514 932 5580 proe·
988 5491 1179 5568 patefacere:
1197 5512 1210 5539 ⁸<
1227 5491 1299 5560 Ego,
1313 5486 1419 5564 inquil,
1430 5485 1487 5542 1¹0⁰
1512 5489 1663 5557 0011111161]
1690 5483 1816 5558 dmin?

101 5587 247 5663 missique
275 5590 398 5660 nuntiis,
423 5588 520 5664 poscit
548 5605 579 5646 se
604 5591 710 5662 portus
722 5585 891 5646 subintrare
901 5585 933 5642 li·
987 5579 1289 5642 mecacourebocum
1303 5575 1379 5634 meis
1387 5575 1595 5648 evincere,nec
1604 5591 1816 5648 rogommeum
