3998 6176
600 148 710 210 imm
726 151 772 210 ΕΤ
788 149 945 210 clamen
964 151 1244 212 semustam.
1722 161 1776 220 m

446 269 510 326 XIX.

320 387 353 427 DE
373 388 479 430 SANCTO
498 393 636 436 cantune.

102 479 171 534 taras
184 475 293 532 abunde
310 479 445 536 caraune
464 481 540 540 nites

100 567 170 638 quue
183 566 329 624 vocamine
344 567 508 644 significas,

99 655 193 727 lyricos
202 655 263 712 ideo
275 656 328 713 tihi
341 660 505 719 versiculos
522 664 659 724 canimus
671 667 792 742 hilares,

98 748 123 800 Et
132 760 218 800 amore
231 745 279 819 pio
293 749 335 813 tu,
351 748 400 822 pic
414 755 538 828 martyr,

97 835 166 888 Posce
178 833 257 890 nobis
271 837 403 894 veniam.

97 923 177 988 Roma,
192 923 327 994 superbia
346 926 407 982 suis
423 926 527 999 titulis,
542 929 623 986 hunc
638 931 822 1000 genitoribus

97 1010 216 1066 trinium
229 1011 292 1068 tulit
306 1013 416 1084 ingenii
431 1017 523 1074 velidi
541 1034 679 1092 puerum,

95 1099 180 1155 ,inimo
193 1098 315 1169 facilem,
332 1104 429 1177 specie
450 1106 589 1178 nitidum,

95 1191 125 1243 lu
136 1205 252 1262 quoque,
268 1197 393 1266 martyr,
410 1211 500 1267 posce
516 1197 604 1254 nohis
618 1199 749 1257 veniam.

120 1278 227 1336 Prandia
237 1279 318 1338 lauta
328 1283 455 1340 modum
467 1285 589 1344 turbant
597 1287 776 1363 plerumque
788 1291 872 1347 dicte
884 1309 890 1360 ;

910 279 933 331 Α
948 275 1074 340 Quintus
1086 274 1126 332 ab
1141 277 1277 334 auditum
1291 280 1408 338 vener-n
1421 280 1465 338 nil
1478 282 1718 352 monuissetis

949 363 1084 432 Ultimus,
1099 365 1130 422 in
1146 367 1259 423 somnis
1281 368 1365 425 naulo
1379 370 1590 443 phantasmate
1603 371 1687 430 ludi:

948 457 1008 509 lloc
1021 453 1077 510 sibi
1091 469 1182 512 nemo
1194 456 1281 530 rapit,
1294 458 1348 514 sed
1362 459 1466 516 Christi
1478 459 1574 530 gratia
1588 465 1729 534 proestatt

948 544 998 598 Est
1013 543 1161 601 servanda
1174 547 1275 602 umen
1290 545 1433 604 diuturna
1448 548 1565 606 medela
1579 550 1686 622 diaetae,

950 631 1035 688 Libra
1050 631 1108 689 cibi
1120 633 1217 702 solidi,
1232 634 1358 708 simplex
1372 636 1495 694 hemina
1507 637 1633 708 talorum

948 720 1093 777 Praeterea
1104 720 1200 790 labor,
1214 723 1357 794 excubiae,
1369 725 1486 796 rogatio
1497 726 1598 796 creba,

948 812 990 866 Ne
1000 825 1072 866 caro
1082 809 1276 882 languentem
1289 818 1374 872 necet
1383 814 1549 872 incrassata
1561 817 1720 890 pudorem.

948 901 1052 956 Castus
1067 901 1137 970 agit,
1151 917 1243 974 quem
1257 903 1340 960 nulla
1353 903 1446 961 libido
1459 911 1560 962 movet
1573 905 1756 980 vigilantem,

947 992 1005 1046 Nec
1019 989 1131 1047 violare
1143 995 1241 1065 potest
1253 993 1384 1066 sopitum
1398 993 1496 1051 illusio
1510 994 1600 1052 toede.

1324 1175 1399 1228 lillll.

1214 1303 1347 1344 anscario
1367 1305 1403 1344 ao
1425 1305 1506 1346 narn.

93 1367 205 1436 lssdtllssts
219 1371 384 1443 ⁵¹0ffl80h⁰i
401 1380 533 1432 mentem
547 1378 625 1436 male
639 1379 762 1454 crapula
780 1384 889 1438 vexat:
946 1395 988 1448 Tu
1004 1393 1107 1466 quide
1123 1393 1215 1451 nihilo
1231 1395 1380 1452 mundum
1395 1395 1518 1454 finxisse
1531 1397 1668 1471 probaris

31 1483 32 1492 κ
94 1457 114 1512 Si
123 1471 214 1528 parcas
226 1459 331 1532 epulis,
350 1463 485 1536 sequitur
498 1463 642 1524 detractio
657 1469 704 1524 vel
716 1469 789 1526 laus.

981 1483 1067 1552 (Nam
1083 1481 1132 1538 tibi
1149 1483 1286 1540 materies
1302 1484 1383 1542 nulla
1396 1502 1498 1542 coaeva
1513 1485 1587 1558 tuiti,

93 1549 117 1601 u
128 1547 243 1604 medium
257 1553 361 1607 teneas
375 1551 462 1610 labor
476 1559 530 1626 cst,
546 1560 575 1611 et
587 1556 674 1613 valde
690 1559 871 1626 cavendum,
946 1573 979 1626 iii
991 1575 1065 1626 nutu
1081 1570 1170 1640 facili,
1185 1577 1256 1628 noto
1270 1572 1322 1629 tibi
1339 1577 1482 1647 tempore,
1497 1575 1613 1644 solves3

94 1637 120 1688 t'c
134 1635 175 1692 tibi
188 1637 330 1696 tristitiam
346 1642 452 1714 pariat,
467 1643 542 1699 sicut
555 1661 627 1701 suus
642 1651 687 1702 est
707 1665 782 1705 mos.

93 1723 112 1779 Si
123 1727 203 1796 possis
217 1728 315 1798 igitur,
331 1747 456 1803 prorsus
471 1733 533 1790 haec
549 1737 678 1810 prandia
692 1738 763 1800 vita.

92 1817 117 1866 u
128 1813 146 1868 si
159 1831 210 1871 non
223 1817 319 1886 liceat,
330 1819 432 1876 hilaris
448 1827 614 1897 cautusque
629 1827 782 1895 recumbe,

980 1663 1052 1716 Tam
1067 1659 1205 1716 diuturne
1221 1659 1339 1730 dehinc,
1353 1678 1445 1736 quarn
1460 1663 1544 1736 prius
1556 1663 1720 1722 exstiteras.

946 1749 1113 1816 Quantulas
1127 1749 1175 1806 hic
1190 1754 1292 1806 noster
1306 1751 1415 1807 modus
1431 1757 1483 1825 est,
1500 1769 1561 1828 quo
1577 1751 1684 1810 secura
1697 1752 1775 1810 volui

982 1839 1055 1894 Cum
1066 1837 1205 1912 vitiisque
1216 1838 1315 1911 jubes,
1330 1843 1451 1896 strenua
1466 1839 1544 1898 bella
1559 1841 1630 1912 geri.

94 1903 117 1954 lt
127 1901 176 1958 tina
195 1911 300 1964 cuncta
314 1921 432 1980 parurn,
449 1914 501 1968 tua
516 1928 583 1984 quae
600 1913 651 1969 tibi
665 1915 768 1984 regula
784 1916 890 1988 dietat3
946 1929 1055 1996 Regem
1070 1926 1214 1985 militibus
1229 1929 1356 2004 propriis
1372 1934 1397 1986 te
1416 1947 1535 2004 semper
1549 1930 1666 1997 adesse,

93 1992 137 2044 t'ec
148 2009 284 2052 summam
295 1997 421 2088 nimiam
435 2001 603 2074 conjectent
617 2004 712 2061 multa
728 2005 853 2063 minuta.

451 2179 504 2235 XX.

417 2311 538 2354 uruutsss.

158 2397 292 2456 Sanctum
309 2400 482 2474 simpliciter
495 2407 611 2462 l‘atrcm
626 2407 700 2478 cole,

203 2489 370 2563 Perrperum
386 2497 514 2562 caterve,

128 2573 326 2651 Quantumque
338 2581 416 2636 nosti
430 2581 571 2640 laudibus
586 2583 721 2654 honora3

155 2681 193 2738 nd
206 2699 347 2742 normam
361 2685 469 2758 redigit
482 2689 535 2764 qui
556 2689 676 2748 subdita

203 2773 295 2830 Secta
316 2777 462 2848 pravitati,

31 2875 32 2950 ἐ
127 2859 217 2916 Potens
230 2865 377 2934 novandi,
392 2865 468 2923 sicut
482 2871 510 2924 ct
525 2869 657 2938 creandi,

156 2967 183 3023 Et
196 2970 298 3039 gratioe
312 2971 457 3044 damnati,
473 2973 555 3048 longi
572 2974 622 3031 tihi

202 3059 348 3134 Subvenit
359 3059 484 3136 laboris,

126 3144 236 3218 Operam
249 3148 376 3207 terendo
395 3153 478 3224 pacis
494 3157 522 3210 et
533 3153 653 3229 quietis.

152 3254 211 3310 tam
226 3272 366 3329 proceres
378 3257 479 3329 legum
494 3260 661 3320 rationibus

201 3349 272 3402 tute
296 3346 411 3404 desueti

126 3431 184 3495 Oua
195 3439 270 3492 recte
288 3435 416 3506 discunt,
433 3441 552 3496 strenue
574 3446 746 3513 capessunt,

153 3543 245 3600 Predo
260 3560 393 3602 manum
407 3546 534 3616 nutribat,
550 3547 640 3606 turcae
654 3564 781 3619 memor,

200 3635 231 3690 Et
243 3634 363 3692 latrone
377 3651 490 3705 coram,

127 3721 234 3779 inermis
249 3723 327 3782 altar
340 3724 473 3797 praecinit
486 3725 591 3794 viatur,

155 3831 236 3887 Dente
251 3832 399 3889 saturnali
416 3833 604 3903 restringitur

201 3922 335 3992 Evagata
348 3921 427 3992 vitis,

127 4005 256 4084 cumque
270 4009 362 4067 tellus
375 4014 460 4068 senta
474 4011 661 4069 llensuescit.

153 4113 259 4174 Gaudet
272 4115 382 4174 lancea
396 4117 467 4186 tals,
482 4117 593 4189 gaudet
607 4119 716 4193 spatha

201 4207 346 4264 Devenire
359 4223 464 4264 vomer
476 4225 484 4276 3

125 4291 173 4349 Per
186 4293 259 4354 ditat
273 4297 363 4367 imos,
378 4303 526 4372 pauperat
540 4299 697 4372 superbos,

154 4401 243 4471 Salve,
258 4419 379 4460 summe
393 4405 486 4470 Pater,
501 4403 546 4460 lcr
560 4408 588 4461 et
604 4405 746 4462 omnibus

202 4494 352 4562 tntegram
368 4493 505 4564 salutem,

125 4575 289 4655 Quicmque
304 4581 388 4656 pacis
401 4581 529 4652 diligunt
542 4582 683 4656 quietem,

154 4685 183 4741 nt
195 4687 245 4760 qui
260 4686 342 4744 bella
356 4687 471 4760 volunt,
486 4689 541 4744 hos
557 4693 674 4746 contere

201 4777 328 4834 Dextera
342 4778 465 4851 potenti,

126 4861 244 4922 prudens
256 4866 403 4938 gehennas
418 4865 495 4925 filios
509 4866 643 4938 maligni.

444 5046 507 5100 tint.

326 5174 488 5216 casrrrsrrs
507 5175 625 5217 oannes.

84 5255 126 5314 80¹
136 5263 274 5330 uadibus
288 5271 516 5324 consummatur
530 5267 671 5342 perfectio
685 5273 768 5325 casta
783 5286 790 5324 :

85 5341 194 5408 tamum
208 5353 284 5410 dum
298 5355 401 5427 vigilas
418 5355 534 5412 fluxum
549 5357 662 5412 nescire
676 5357 850 5430 petaculum
863 5376 870 5426 ;

84 5431 159 5496 tuem
173 5442 315 5514 sequitur,
331 5443 441 5502 lasciva
453 5444 505 5501 diu
518 5460 581 5502 non
594 5444 711 5502 volvere
726 5446 835 5514 corde;

83 5522 140 5581 Turn
151 5545 186 5585 ne
200 5530 245 5587 vel
260 5532 362 5590 leviter
376 5533 506 5608 speciem
528 5534 678 5591 cernendo
694 5535 832 5608 cupiscas
846 5554 853 5609 ς

83 5611 189 5678 tracus
200 5622 254 5682 erit
264 5638 321 5684 uec
334 5623 507 5702 simpliciter
516 5623 644 5698 genitale
659 5627 781 5697 moveri,

981 2016 1026 2072 nd
1039 2017 1117 2074 bene
1130 2018 1317 2088 certandum,
1332 2034 1389 2076 nos
1405 2019 1573 2090 vegetando
1586 2020 1693 2096 proba.

1318 2197 1407 2254 xatrt.

1259 2327 1359 2370 aucas
1380 2327 1460 2370 AUR-

946 2418 1043 2491 Kyrie,
1060 2421 1120 2474 Rex
1135 2419 1250 2488 genitor
1263 2419 1404 2490 ingenite,
1418 2435 1487 2476 vera
1500 2420 1638 2492 amentia,
1651 2421 1772 2478 eleison.

945 2508 1042 2580 Kyme,
1056 2508 1179 2564 luminis
1195 2507 1261 2564 tons
1275 2513 1303 2564 ct
1314 2524 1414 2566 rerum
1430 2509 1575 2576 conditor,
1590 2510 1711 2566 eleison.

946 2597 1042 2670 hyrta,
1058 2597 1110 2671 qui
1125 2613 1180 2653 uos
1195 2601 1253 2653 tum
1278 2597 1418 2668 imaginis
1441 2597 1563 2667 signasti
1586 2599 1694 2672 specie,
1707 2598 1774 2656 elei-

981 2703 1046 2743 son.

945 2776 1042 2849 llyrie,
1058 2776 1110 2849 qui
1125 2775 1255 2849 perfecta
1269 2791 1302 2832 es
1317 2775 1473 2849 sapientia,
1491 2775 1612 2832 eleison.

945 2867 1041 2940 llyrie,
1056 2866 1106 2922 taur
1122 2867 1230 2934 oriens,
1246 2881 1406 2941 perquem
1431 2871 1500 2924 eunt
1520 2866 1633 2932 omnia,
1649 2863 1771 2922 eleison.

909 2983 929 3037 c
945 2956 1043 3029 Ityrie,
1060 2955 1109 3012 Dei
1124 2954 1222 3012 forma
1237 2957 1377 3012 humanae
1390 2956 1550 3030 particeps,
1566 2955 1687 3014 eleison.

945 3047 1042 3120 llyrie,
1061 3046 1196 3118 Spiritus,
1212 3046 1335 3103 vivifice
1350 3046 1415 3102 vites
1433 3047 1485 3114 ris,
1499 3046 1620 3103 eleison.

946 3134 1042 3206 Kyme,
1058 3133 1214 3207 utriusque
1229 3134 1300 3205 vite,
1316 3133 1347 3189 in
1361 3150 1423 3207 quc
1435 3137 1543 3191 cuncta
1556 3138 1636 3206 sunt,
1650 3131 1770 3191 eleison.

945 3224 1042 3295 hyris,
1059 3226 1242 3296 expurgator
1255 3222 1411 3294 scelernm,
1426 3222 1549 3292 largitor
1563 3223 1682 3292 greum
1702 3237 1772 3294 pro·

980 3315 1045 3384 pter
1060 3317 1178 3368 nostras
1193 3310 1325 3368 offensas
1340 3311 1401 3367 noli
1411 3327 1467 3366 nos
1482 3310 1689 3384 relinqueres
1703 3325 1773 3366 con-

980 3400 1091 3458 solator
1106 3399 1232 3457 dolentis
1248 3401 1365 3468 animae,
1382 3399 1505 3457 eleison.

1321 3580 1408 3636 XXlV.

1300 3709 1419 3750 alauda.

1015 3803 1157 3861 Nuntium
1172 3803 1260 3860 vobis
1274 3802 1336 3859 lero
1349 3803 1387 3858 de
1403 3802 1549 3875 superuis,

1015 3898 1106 3950 Natus
1118 3897 1163 3949 est
1176 3892 1320 3964 Christus,
1335 3892 1508 3947 dominator
1520 3889 1612 3953 orbis,

1015 3987 1047 4040 lu
1063 3981 1214 4040 Bethleem
1226 3981 1321 4051 tudae,
1334 3980 1376 4038 sio
1389 3979 1470 4038 enim
1484 3977 1632 4051 propheta

1122 4069 1241 4127 Dixerat
1252 4073 1331 4126 ante.

1014 4161 1098 4218 Hunc
1115 4159 1194 4218 canlt
1208 4158 1292 4216 letus
1308 4159 1418 4216 chorus
1433 4155 1621 4230 angelorum,

1017 4247 1104 4306 Stella
1125 4247 1267 4318 declarat,
1282 4245 1407 4304 veniunt
1422 4245 1472 4304 Eoi

1014 4338 1176 4413 Principes,
1193 4337 1318 4408 dignum
1333 4335 1483 4394 celebrere
1496 4333 1621 4394 cultum.

1121 4427 1241 4501 Mystica
1256 4427 1347 4494 dona,

1014 4519 1092 4574 Thus
1107 4520 1178 4588 Dee,
1195 4518 1351 4592 myrrham
1368 4515 1502 4573 tribuunt
1515 4513 1683 4588 sepadchro,

1014 4610 1144 4664 Auream
1159 4607 1221 4678 regi
1242 4606 1375 4680 speciem
1389 4605 1524 4674 decenti;

1015 4699 1109 4753 Deum
1125 4695 1227 4752 colunt
1241 4711 1348 4762 unum,
1362 4694 1526 4750 meminere
1541 4690 1617 4747 trino

1120 4787 1189 4840 Tres
1204 4783 1276 4840 dare
1291 4789 1385 4839 terna.

1015 4869 1146 4926 Gloriam
1162 4868 1245 4924 trinae
1265 4867 1389 4924 monadi
1402 4879 1558 4931 canamus,

1014 4960 1090 5014 cum
1106 4961 1166 5014 lieo
1181 4955 1255 5013 divae
1270 4956 1405 5014 Genitore
1418 4954 1505 5022 Proli,

1015 5047 1139 5105 Flamini
1152 5063 1206 5102 neo
1221 5062 1283 5103 non
1300 5046 1339 5102 ab
1357 5048 1481 5116 utroque
1493 5041 1561 5098 tuso

1123 5134 1218 5193 Corde
1236 5134 1328 5191 fideli.

1323 5311 1398 5367 XXV.

1293 5442 1426 5482 IAEGENDA.

945 5539 977 5592 ln
989 5533 1058 5592 Vitis
1070 5535 1195 5591 Petrum
1202 5535 1334 5589 veterum
1347 5531 1493 5605 quiddam
1505 5531 1561 5602 legi
1569 5530 1750 5602 jucundum,

945 5623 1088 5700 Exempto
1097 5627 1196 5682 umen
1206 5621 1316 5692 habile,
1323 5620 1497 5698 quodvobis
1508 5620 1576 5683 dico
1587 5617 1771 5700 rhythmum
