3998 6182
96 144 155 206 821
586 145 726 207 CARHEN
746 142 794 210 ill)
813 138 999 208 concutiat
1017 140 1144 196 acacii
1166 170 1201 181 -
1221 139 1336 198 NOTAE.
1760 138 1817 192 822

92 269 246 326 omnibus
261 269 373 326 clericis
386 275 414 326 et
429 269 584 326 monacbis
607 267 743 324 Ecclesiae
757 282 818 322 sure
835 261 932 332 subje·
950 261 1057 331 Atina,
1074 262 1118 318 rel
1133 263 1290 328 Matutine,
1321 263 1421 318 Prima
1444 265 1496 318 aut
1515 259 1692 331 diluculum,
1711 259 1815 317 Tertiin

91 357 488 429 ctis,acdeeeclesiasticis
506 357 596 412 rebus
626 357 737 428 quique
753 368 873 426 semper
888 352 935 421 ju·
991 353 1086 415 Sexte,
1124 357 1216 421 Nona,
1248 355 1383 425 vesperis
1399 349 1676 414 sculuecrnarirm,
1700 349 1816 406 initium

92 448 252 503 dicavere.
269 447 357 520 Apud
371 447 545 516 Gregoriam
562 445 670 502 inlibri
688 443 820 500 Historiis
845 445 933 496 Fran·
989 441 1142 498 noctisve]
1159 441 1401 514 completorium.
1472 465 1476 472 ·

92 537 174 592 cicae
197 536 368 609 vcapitei,
393 538 496 591 Petrus
529 534 687 603 diaconus,
718 533 811 606 ipsius
835 530 934 596 trater,
988 533 1075 602 (1421.
1098 573 1104 584 .
1127 573 1133 585 .
1154 573 1160 586 .
1182 533 1288 591 Hostia
1303 545 1369 588 cam
1385 528 1470 586 cotie.

92 648 113 676 α
132 626 213 682 iacto
238 625 347 698 placito
374 625 532 697 prasentia
560 625 653 680 sancti
677 623 775 683 Nicetii
788 619 933 694 episcopi,
1025 621 1097 676 Cum
1114 621 1250 692 precibus
1265 635 1316 678 cor
1330 617 1502 682 immoletur
1518 620 1577 673 Deo
1592 620 1621 673 et
1640 615 1721 672 velut
1738 615 1819 673 victi·

91 714 244 771 avunculi
267 715 371 770 matris
398 731 471 780 suar,
495 714 675 784 Lugdunum
704 711 813 781 dirigit,
840 707 934 777 etibi,
990 709 1204 766 inaciieratur.
1220 711 1407 778 Sacrificium
1430 709 1507 764 enim
1520 707 1581 763 Deo
1605 706 1730 776 spiritus
1752 721 1819 762 con-

91 806 228 876 Syagrio
243 803 386 877 episcopo
401 819 503 858 coram
519 807 633 859 astante
654 806 682 858 et
697 801 762 857 aliis
777 797 935 860 secerdoti·
990 799 1152 857 tribatotas
1172 803 1198 854 ct
1221 815 1271 854 cci·
1300 798 1460 854 contritam
1488 795 1582 864 (Peat.
1603 795 1640 866 u).
1663 792 1715 849 t'el
1741 797 1818 850 certe

91 893 171 962 bus,
185 892 285 949 multis
301 909 369 947 curn
387 892 574 948 secularium
584 890 781 964 principibus
794 904 824 942 se
839 901 936 942 secia·
989 887 1052 944 vult
1076 887 1223 944 Ailalbero
1249 888 1341 944 laicos
1360 901 1487 942 munera
1515 899 1572 941 sue
1587 883 1627 940 ad
1650 883 1743 948 altare
1761 897 1817 956 pro

94 987 207 1038 mento
220 981 301 1038 exuit
315 997 472 1054 nunquam
483 979 559 1036 sein
579 975 935 1050 morteniSylvestrirnis-
988 975 1327 1033 victimisollcrendaet
1355 975 1561 1047 eleemosynas
1587 973 1726 1047 precibus
1755 973 1817 1028 suis

91 1077 167 1129 tum
180 1071 281 1128 luisse.
299 1095 313 1122 »
332 1075 364 1127 Et
378 1070 515 1143 incapite
528 1074 561 1126 31
575 1069 641 1126 libri
658 1085 717 1135 vnn,
731 1065 935 1136 baudegisilus
988 1065 1153 1137 adjungere
1170 1084 1176 1120 :
1199 1068 1361 1136 Propterea
1387 1065 1466 1139 qaod
1480 1064 1557 1120 bona
1578 1067 1618 1119 est
1632 1063 1730 1120 oratio
1749 1075 1816 1118 cam

95 1165 346 1218 Cenomanorum
362 1160 521 1232 episcopus
536 1158 670 1231 quotidie
691 1173 761 1212 cum
783 1152 935 1227 judicibus
984 1156 1103 1226 jejunio
1115 1161 1142 1212 et
1156 1157 1351 1224 eleemosyna.

93 1266 210 1306 causas
224 1250 401 1306 discussisse
427 1247 545 1304 dicitur.
558 1248 590 1303 ln
609 1247 705 1319 capite
720 1250 746 1319 6,
760 1243 826 1300 libri
842 1261 880 1311 rx,
897 1241 934 1296 de
989 1245 1011 1315 (1
1022 1248 1072 1315 it).
1096 1287 1102 1299 .
1126 1287 1132 1299 .
1153 1286 1157 1298 .
1180 1245 1252 1299 Haec
1266 1244 1305 1298 stt
1315 1241 1472 1312 permissio
1481 1241 1593 1310 patrie,

94 1339 300 1408 Ragnemodo
313 1337 452 1411 pontifice
466 1336 934 1406 Parisiaco,iinpostoremquem·
989 1336 1065 1391 Cam
1081 1334 1195 1405 Ligeris
1211 1333 1357 1388 Calabros
1372 1330 1498 1388 tentabit
1515 1330 1628 1399 lingere
1640 1342 1780 1398 campos:

94 1429 174 1483 dam
191 1429 344 1500 puniente,
355 1428 420 1483 haec
436 1425 523 1482 refert
538 1443 544 1481 :
560 1423 689 1480 «Ablata
704 1423 729 1479 ei
740 1438 837 1492 cruce,
847 1420 935 1492 jussit
1027 1424 1106 1480 Fient
1121 1423 1184 1476 baec
1195 1437 1262 1493 quse
1277 1419 1341 1475 lieri
1356 1419 1439 1492 cupit
1450 1418 1572 1490 jubetvc
1586 1419 1672 1490 pater
1690 1432 1743 1471 sen
1757 1415 1818 1488 cpi-

95 1515 511 1574 eumaterminoParisiacae
540 1515 623 1569 urbis
648 1513 773 1568 excludi.
806 1510 863 1567 Sed
886 1510 934 1566 liic
989 1528 1098 1584 scopus
1123 1510 1282 1578 adalbero,
1297 1508 1395 1582 inquit
1420 1523 1482 1575 rex,
1499 1523 1569 1562 cum
1584 1505 1669 1578 Liger
1694 1505 1819 1576 (Ligeris

94 1606 208 1666 iterum
222 1607 299 1664 tacta
308 1606 400 1663 altera
412 1620 499 1660 cruce
513 1604 603 1678 coepit
617 1619 684 1675 qua
707 1607 839 1664 cesserat
853 1615 933 1656 erer-
953 1608 974 1662 Β
988 1599 1168 1658 adalberoni
1183 1597 1329 1656 mendose
1340 1596 1452 1670 dictus)
1465 1594 1567 1660 relicta
1585 1593 1745 1670 Aquitania
1766 1607 1820 1668 per

97 1711 169 1762 cere
182 1714 188 1752 :
202 1701 368 1768 captusque
383 1695 422 1749 ab
438 1693 659 1760 archidiacono,
675 1695 703 1747 et
731 1690 842 1748 catenis
857 1690 936 1746 vine-
990 1687 1158 1746 Calabriam
1173 1687 1264 1744 tluerc
1277 1685 1445 1754 conabitur,
1457 1688 1486 1741 et
1495 1682 1587 1753 Tigris
1600 1685 1820 1758 terrenasque

96 1789 160 1848 tus,
170 1785 277 1856 jussus
287 1788 331 1841 est
343 1781 496 1841 custodiri.
515 1806 527 1832 n
559 1781 670 1840 trilibri
685 1797 702 1838 v
716 1778 812 1854 capite
833 1782 877 1841 48,
893 1779 935 1834 ia-
989 1777 1168 1843 aceleritnte
1183 1776 1297 1846 sagitte
1312 1789 1424 1836 acmen
1434 1773 1562 1842 hebens,
1586 1786 1642 1846 pro
1656 1773 1820 1846 Mesopota-

96 1873 191 1933 venic
222 1872 399 1938 leudastem
422 1871 602 1929 turonicum
631 1869 770 1942 comitem
795 1867 888 1941 (quod
908 1872 935 1924 et
989 1869 1050 1926 mia
1061 1866 1220 1942 pertundet
1230 1863 1414 1940 Hispaniam,
1430 1879 1500 1920 cum
1513 1863 1604 1919 AEtna
1624 1876 1713 1919 mons
1723 1861 1818 1921 mirus

98 1965 227 2016 casuros
245 1959 367 2026 comites
375 1959 478 2014 iecisse
493 1957 620 2014 dubium
633 1973 694 2014 non
705 1958 769 2027 est),
781 1956 934 2026 injudicio
988 1957 1134 2020 incendiis
1145 1972 1229 2019 rosas
1244 1959 1272 2010 et
1287 1953 1347 2014 iilia
1361 1957 1502 2024 sagnam
1517 1951 1590 2010 leret
1605 1969 1611 2021 ;
1627 1949 1659 2010 id
1672 1953 1715 2006 est
1730 1965 1737 2006 :
1754 1948 1818 2006 haic

98 2065 168 2108 ciani
183 2050 360 2118 senioribus,
383 2049 430 2104 eet
446 2047 531 2104 taici's
545 2048 591 2104 net
603 2046 718 2103 clericis
738 2044 887 2116 resedisse,
903 2043 932 2100 id
989 2063 1050 2103 non
1066 2046 1171 2114 magis,
1188 2060 1249 2106 non
1278 2043 1363 2099 cilius
1391 2045 1419 2098 et
1440 2039 1555 2106 facilius
1582 2054 1677 2114 quam
1701 2037 1751 2095 illa
1778 2037 1818 2106 ab

96 2143 145 2192 est
159 2136 273 2192 clericis
287 2141 316 2192 et
329 2136 420 2192 laicis.
438 2134 570 2205 Gregorii
579 2135 617 2192 de
632 2133 742 2192 Nicetis
757 2132 934 2203 Lugdunen-
990 2135 1178 2206 adeberone
1193 2135 1305 2208 optata
1320 2129 1492 2202 contingent
1505 2128 1752 2196 unificantium
1766 2141 1818 2185 rex

94 2222 122 2280 si
138 2223 295 2296 episcopo,
310 2225 425 2295 majore
437 2223 588 2282 avunculo
604 2239 668 2288 suo,
684 2223 715 2278 in
730 2222 806 2280 libro
821 2222 859 2278 de
871 2223 934 2278 viia
988 2225 1108 2298 subjicit
1123 2241 1130 2282 ς

96 2313 164 2382 ejus
181 2312 275 2368 verba
303 2315 374 2368 sunt
387 2313 451 2370 bec
474 2329 480 2367 :
509 2335 522 2362 1
545 2311 682 2376 Quodam
700 2317 833 2384 tempore
855 2311 934 2368 misit
991 2316 1076 2383 ratic
1089 2319 1116 2384 ri
1130 2313 1252 2382 coniugi
1268 2329 1275 2367 :
1292 2316 1364 2376 tuive
1376 2307 1439 2366 ttae
1453 2307 1701 2368 eentnrattmetn.

95 2401 240 2463 Basiliam
255 2401 464 2474 presbyterum
478 2400 518 2460 ad
533 2400 756 2466 armentariam
780 2400 933 2468 comitem,
1028 2406 1068 2472 iis
1083 2402 1130 2472 tiit
1140 2400 1321 2474 intelligitur,
1338 2403 1402 2456 tum
1412 2397 1443 2460 iu
1454 2411 1549 2470 regno
1560 2398 1818 2467 Francorumprc

95 2489 152 2561 qui
167 2489 398 2560 Lugdunensem
413 2489 520 2546 urbem
540 2489 586 2551 liis
612 2488 720 2549 dieiius
732 2492 877 2560 potestate
889 2489 937 2560 ju·
989 2490 1119 2562 ecclesiia
1149 2506 1210 2560 iiiiii
1229 2490 1298 2562 jura
1312 2503 1349 2547 ex
1363 2490 1425 2544 tcto
1440 2488 1566 2554 mersu,
1579 2500 1635 2544 nec
1651 2486 1819 2558 monachae

96 2577 222 2638 diciaria
235 2577 433 2650 gubernabat,
450 2577 583 2653 dixitque
609 2577 647 2634 ad
661 2593 731 2632 eum
749 2593 755 2632 :
773 2599 786 2626 u
803 2576 936 2634 Pontifex
989 2580 1091 2650 legum
1108 2582 1135 2640 S.
1148 2576 1299 2648 Benedicti
1308 2589 1528 2650 usquequaque
1544 2578 1695 2633 servantes
1707 2573 1817 2648 luisses

97 2671 202 2724 noster
215 2683 313 2724 causis
329 2667 409 2734 huic,
427 2683 496 2740 quas
506 2667 606 2722 denuo
631 2666 793 2739 impetitur,
808 2665 877 2724 dato
888 2667 935 2739 ju·
989 2673 1017 2739 et
1030 2667 1261 2736 consuetudines
1277 2665 1373 2724 malas
1388 2679 1423 2722 ao
1435 2663 1552 2738 scriptis
1574 2662 1692 2733 legibue
1705 2667 1820 2722 conati·

100 2755 182 2814 dicio
199 2755 358 2822 terminum
374 2753 442 2811 iecit
459 2772 465 2824 3
481 2753 609 2826 ideoque
624 2759 796 2810 commonet
815 2769 852 2810 nc
867 2771 933 2815 eam
989 2758 1049 2820 rias
1063 2756 1222 2819 invaluisse
1238 2754 1411 2826 intraneis,
1427 2767 1505 2828 quas
1519 2751 1633 2818 eboba
1645 2755 1795 2827 oporteret
1810 2769 1817 2824 ι

98 2844 207 2902 iterare
222 2860 398 2920 praesumas.
414 2842 581 2909 Quilurens
600 2842 755 2916 respondit
777 2842 933 2918 presbyter·
988 2849 1145 2922 episcopos
1160 2861 1282 2920 quoque
1298 2848 1480 2904 Francorum
1507 2841 1640 2900 crebrius
1666 2846 1695 2901 et
1706 2840 1818 2912 mutius

99 2948 134 2990 ro
152 2950 158 2988 ε
175 2931 265 2998 Vade.
295 2937 322 2990 ei
346 2932 394 3000 die
420 2931 447 2988 ui
471 2931 544 3004 quia
567 2931 668 2989 multe
693 2936 763 2990 suut
787 2947 886 2996 cause
900 2933 929 2993 in
952 2937 1204 3020 crurequamin
1232 2953 1287 2992 sua
1301 2950 1452 3008 quemqm
1480 2932 1596 3002 civitate
1623 2930 1817 3006 habitavisse,

99 3026 265 3096 conspectu
280 3038 348 3081 meo
364 3020 478 3092 posite,
491 3037 559 3096 que
571 3020 692 3080 alterius
704 3020 818 3095 judicic
829 3021 932 3092 finicu-
985 3038 1032 3100 rei
1042 3029 1169 3092 otiantes
1183 3024 1320 3095 molliter,
1336 3023 1384 3086 vel
1405 3039 1490 3088 more
1513 3022 1681 3082 villicorum
1696 3021 1815 3080 sordide

100 3109 149 3173 die
164 3115 261 3170 erunt.
279 3133 293 3160 »
311 3109 364 3168 Ubi
388 3110 472 3172 vides
496 3109 572 3168 inter
601 3109 776 3186 episcopum
806 3110 933 3178 etcomi·
986 3118 1172 3186 rusticanus,
1189 3119 1368 3184 elapsurum
1388 3129 1513 3173 suorum
1536 3111 1633 3183 magis
1656 3127 1749 3185 wem
1763 3127 1816 3186 pos

101 3205 162 3256 tem
184 3199 413 3272 Lugdunensem
446 3198 484 3255 de
495 3197 700 3270 jurisdictione
713 3200 932 3268 contentionem
987 3207 1050 3284 puli
1064 3204 1120 3264 sibi
1135 3201 1286 3263 commissi
1302 3217 1407 3260 curam
1422 3203 1557 3272 gerentes
1574 3217 1582 3256 ι
1597 3199 1720 3259 eosdem
1736 3215 1815 3272 eope

98 3289 204 3348 fuisse·
986 3298 1017 3364 in
1029 3293 1149 3369 judiciis
1165 3309 1183 3352 a
1194 3294 1260 3365 jure
1273 3306 1422 3364 {equoque
1435 3287 1604 3358 recessisse,
1614 3292 1643 3345 et
1655 3287 1767 3360 iniquis
1780 3303 1815 3356 pc

99 3379 177 3452 (1411)
191 3379 252 3438 Pro
266 3379 380 3436 meritis
391 3392 489 3436 omnes
501 3383 656 3444 assumant
667 3378 896 3450 emolamentum
986 3385 1149 3461 rapacibus
1163 3381 1298 3440 diaconis
1322 3395 1427 3440 curam
1440 3378 1568 3452 inopum
1596 3377 1816 3451 viduarumque

100 3468 261 3542 (Exeipiar
275 3469 355 3526 scias
370 3472 545 3530 patrarum
555 3470 643 3540 111141)
658 3467 770 3539 fideles·
986 3472 1181 3546 delegavisse,
1202 3486 1237 3528 ac
1250 3469 1374 3530 demum
1401 3471 1515 3541 septem
1539 3465 1630 3536 borae
1655 3465 1817 3536 canonas}

138 3557 248 3612 Omnes
264 3555 316 3630 qui
329 3555 380 3620 tihi
405 3554 508 3612 fideles
536 3561 615 3626 suut.
641 3571 696 3634 pro
724 3555 784 3619 sois
803 3555 932 3630 quisque
987 3567 1051 3620 ium
1066 3561 1179 3634 ubique
1203 3565 1231 3616 ei
1245 3558 1285 3616 ab
1300 3556 1442 3615 omnibus
1456 3554 1569 3624 clericis
1584 3555 1615 3621 in
1638 3554 1816 3625 mcideptaii

102 3644 214 3702 mutilis
229 3648 295 3712 utu.
309 3660 371 3711 rex,
387 3643 534 3712 beneficia.
549 3643 708 3718 accipiant,
724 3661 773 3711 titii
785 3661 846 3718 tino
862 3661 931 3704 cum
987 3652 1110 3712 mancia
1122 3655 1224 3707 exacte
1239 3662 1302 3712 non
1325 3663 1392 3705 esse
1408 3649 1538 3709 sonatan
1563 3645 1602 3714 ad
1624 3644 1815 3714 laudandum

102 3738 154 3790 tue
166 3749 242 3806 pecc
255 3737 388 3805 excepto.
404 3735 524 3790 iocatur
538 3733 698 3802 adalbero,
714 3739 742 3792 et
769 3735 932 3796 Robertum
987 3745 1090 3806 neum,
1099 3744 1129 3798 et
1142 3739 1181 3795 ad
1191 3738 1325 3812 psalmos
1339 3737 1531 3810 hymnosque
1542 3735 1816 3804 concinendos&

102 3824 200 3895 arguit
213 3823 260 3882 his
275 3822 374 3880 verbis
402 3823 483 3892 velut
497 3823 528 3880 in
549 3838 664 3894 omnes,
688 3828 888 3904 preterquam
902 3823 931 3879 in
987 3835 1081 3890 terum
1093 3828 1315 3898 amissionem
1325 3826 1426 3896 patrie
1447 3827 1536 3886 vocat
1555 3825 1711 3892 lietbertus
1724 3823 1814 3890 111111,

103 3929 144 3980 ⁸0,
158 3911 341 3984 beneficum,
357 3911 415 3980 cui,
430 3912 568 3986 iuquam,
598 3916 640 3970 tot
654 3916 682 3968 et
693 3917 775 3982 tanta
799 3912 930 3988 deberet.
986 3918 1107 3978 beronis
1121 3922 1201 3984 vota,
1211 3915 1283 3990 quia
1296 3913 1343 3972 bis
1357 3911 1507 3968 Adclbero
1519 3911 1584 3978 bac
1599 3910 1729 3982 permitti
1740 3926 1815 3974 eua-

103 4005 177 4058 nam
207 4000 356 4070 luithere
381 4001 559 4060 laudunum
585 4000 784 4084 Cuuluueue
817 4001 933 4074 Husuui
986 4003 1225 4074 crisparentur
1239 4001 1403 4074 cupiverat:
1416 4000 1642 4069 perpetuario
1655 4012 1744 4056 aare
1757 3998 1816 4060 ave.

103 4090 313 4162 Rotbertoque,
330 4097 465 4160 regnum·
477 4104 539 4148 una
553 4088 704 4148 ambobus
719 4087 878 4162 contulisse
892 4090 933 4148 vi·
988 4096 1050 4154 bns.
1068 4099 1138 4152 item
1154 4109 1160 4147 :

103 4179 239 4236 debatur.
254 4177 339 4246 Quod
365 4178 522 4236 lietbertus
549 4192 727 4248 agnoscens,
744 4194 815 4240 mox
838 4177 933 4250 gratia
986 4183 1131 4254 Septenos
1148 4181 1235 4238 liceat
1252 4179 1356 4239 tondes
1364 4177 1506 4248 proferre
1517 4191 1574 4262 per
1588 4175 1687 4244 barca

103 4286 172 4327 eum
189 4285 244 4324 sua
272 4267 403 4338 gaudere
413 4268 509 4340 jubet,
534 4282 569 4323 ac
583 4266 671 4338 regiis
686 4267 857 4334 muneribu:
904 4268 934 4325 it
951 4313 973 4384 D
989 4272 1064 4343 (144)
1079 4271 1145 4327 Non
1160 4271 1232 4344 qnia
1246 4268 1368 4338 delirae,
1384 4266 1735 4339 succinctissime.

102 4373 171 4414 essa
185 4356 395 4426 dignissimum
413 4373 419 4411 :
989 4363 1099 4418 Sensus
1113 4359 1349 4424 estvsricruuv:
1366 4379 1380 4410 c
1395 4356 1507 4424 Priesul
1534 4356 1693 4427 ⁴idalbcro,
1718 4359 1814 4429 mdc

104 4447 378 4516 Gratiaecafirmet
393 4447 568 4516 te,praesnt,
583 4445 896 4516 antiocenae:
987 4450 1132 4518 Christiel
1147 4448 1236 4508 simul
1256 4451 1404 4520 nostrate
1432 4446 1598 4514 confirmet.
1624 4447 1724 4518 Regali
1749 4464 1814 4510 mni

103 4537 216 4594 Nostro
230 4537 321 4594 cimai
335 4552 347 4592 .·
356 4537 462 4595 mento
476 4537 574 4606 repuli
587 4551 710 4594 monne
723 4536 841 4608 dignas.
986 4555 1056 4598 nere
1071 4539 1233 4609 dignares,
1259 4538 1332 4612 qiua
1345 4553 1407 4598 non
1420 4537 1540 4606 dairas,
1569 4537 1624 4602 sed
1638 4535 1812 4604 allegoricae

104 4629 179 4700 (141)
191 4625 334 4696 Septenos
345 4627 432 4684 liceat
447 4627 550 4684 landes
560 4627 700 4698 proferre
711 4641 768 4696 per
782 4625 872 4684 torae
888 4645 895 4684 ε
985 4627 1084 4708 nobis,
1101 4651 1114 4680 v
1131 4645 1183 4684 seu
1195 4644 1248 4702 per
1263 4627 1420 4698 allegorias
1430 4626 1567 4685 iacienda
1579 4641 1636 4687 uos
1649 4623 1750 4688 derce,
1765 4621 1812 4680 lus

139 4717 276 4786 Septenie
302 4715 405 4778 tutides
417 4731 473 4784 per
491 4716 580 4776 torus
606 4718 730 4773 statutas
742 4717 933 4789 proferende
986 4718 1096 4792 giendo
1108 4734 1163 4778 nos
1177 4734 1293 4776 mones.
1321 4721 1363 4776 lte
1392 4732 1423 4773 se
1437 4731 1489 4772 rex
1503 4717 1636 4783 excusat,
1656 4711 1709 4784 qui
1723 4715 1812 4770 cetea

105 4809 225 4876 [leoque
237 4804 399 4862 referendae
411 4821 429 4860 a
443 4804 555 4864 clericis
569 4803 601 4862 in
610 4803 746 4866 Ecclesia.
762 4809 931 4874 1111111311-
986 4807 1206 4872 adalberonem
1221 4823 1282 4868 non
1294 4823 1402 4866 tannen
1416 4808 1585 4870 vocaverat.
