3996 6186
162 90 215 144 m
623 83 754 138 met..
773 79 993 138 erubeseunt.
1013 78 1200 144 obeuntur.
1221 76 1416 138 weissen.

320 208 483 264 ANNALES
506 204 830 263 Hrmhsflmuhnsus
1275 203 1449 260 taanenu
1475 203 1640 261 ANNALES

158 331 253 387 regno
266 314 349 389 quod
364 314 421 370 sibi
435 327 588 386 usurpans
601 312 770 382 affectabat,
787 310 942 386 spoliatos.
958 313 1069 367 Nostra
1083 307 1225 366 ecclesia
1248 309 1391 366 daecanus
1412 309 1514 366 Tadilo
1540 314 1567 366 lt
1592 310 1655 368 Kal.

159 403 298 461 februar.
314 401 396 472 obiit,
412 406 496 475 pater
508 402 539 458 in
553 401 669 460 Christo
683 401 862 459 reamabilis
876 405 907 456 et
918 399 975 472 piis
988 399 1130 456 omnibus
1147 414 1266 471 semper
1289 398 1503 456 memorabilis.
1530 399 1656 471 Hagano

158 493 313 560 baconus,
327 490 428 560 regius
440 490 626 564 capellanus,
644 490 865 548 infimitate.
883 488 1018 559 moritur,
1035 492 1064 544 et
1087 486 1119 544 in
1143 486 1302 544 Herveldia
1321 487 1472 560 sepelitur.
1497 487 1653 559 Sigifridus

158 595 259 638 eomes
272 583 301 636 et
315 582 504 650 Dangmarus
518 594 622 637 eomes
638 579 785 638 obierunt.

194 775 271 830 l038.
293 775 456 846 imperator
482 787 553 829 cum
577 772 765 830 nobilissima
790 771 838 826 sui
870 769 985 826 familia
1076 773 1153 826 1038.
1172 767 1357 825 Golehardus
1380 769 1684 828 hildenesheimensis
1705 771 1871 846 episcopus

155 860 340 920 nativitatem
355 859 460 919 Christi
477 861 589 917 Parmae
602 859 765 916 celebravit
777 877 785 928 ς
809 858 862 932 qui
876 858 984 914 urbani
1036 857 1126 929 obiit‚·
1140 858 1188 914 cui
1204 859 1374 915 diotmarus
1388 860 1541 916 successit.

156 965 193 1006 ex
206 948 262 1006 levi
276 965 369 1006 eausa
381 951 488 1005 sancto
501 947 551 1004 die
568 947 729 1005 nabdmtis
746 945 863 1003 Domini
876 945 917 1002 ad
935 961 985 1002 ve·

156 1054 277 1112 speram
290 1040 441 1094 certamen
456 1036 594 1107 inierunt,
609 1036 640 1092 in
647 1052 709 1110 quo
721 1035 761 1092 de
774 1035 905 1092 exercitu
919 1035 1125 1108 quamplures,
1141 1035 1194 1091 sed
1208 1036 1359 1110 praecipue
1373 1039 1432 1093 tres
1444 1053 1482 1093 ex
1496 1036 1652 1094 clientibus

154 1126 252 1197 regiis,
267 1127 400 1192 Chonon‚
416 1127 567 1194 Magnum,
583 1123 767 1196 suiegerum,
784 1127 983 1198 peremerunt.
999 1127 1131 1196 Proque
1145 1139 1217 1193 crgo
1240 1124 1405 1182 insolentias
1428 1125 1593 1183 temeritate
1621 1126 1652 1182 in

155 1214 321 1272 crastinum
336 1212 467 1270 diluculo
480 1211 539 1286 ipsi
552 1212 642 1268 simul
653 1227 722 1268 curn
736 1213 852 1269 civitate
864 1211 1066 1285 omnibusque
1080 1212 1153 1282 suis,
1170 1213 1274 1284 preda,
1298 1213 1377 1283 igne,
1399 1214 1476 1270 ferro
1491 1214 1652 1287 perierunt.

155 1303 271 1360 Pascha
283 1318 355 1359 vero
369 1301 533 1374 imperator
547 1301 610 1357 sine
623 1300 732 1373 quevis
746 1300 883 1357 molestia
897 1299 926 1357 in
940 1300 1062 1357 castello
1079 1300 1177 1374 Spellu
1192 1300 1277 1374 (369')
1296 1301 1420 1376 pacifice
1435 1302 1557 1359 feriavit
1586 1306 1653 1360 Pre-

153 1391 250 1449 dictus
263 1407 384 1466 quoque
398 1389 662 1448 lfediolanensium
676 1389 924 1462 metropolitanus
940 1389 979 1445 ab
995 1389 1158 1462 apostolico
1173 1388 1313 1463 pontifice
1327 1395 1397 1463 post
1416 1391 1514 1463 justas
1531 1391 1651 1448 crebras

153 1479 390 1539 ammoniciones
402 1477 557 1535 communi
570 1477 781 1551 episcoporum
795 1477 914 1534 decreto
929 1476 959 1533 in
974 1477 1096 1550 paschis
1106 1478 1387 1549 anathematizatus,
1410 1484 1439 1536 et
1452 1495 1472 1535 a
1497 1484 1563 1536 ectu
1575 1479 1649 1536 fide·

153 1568 227 1626 lium
240 1572 285 1626 est
303 1569 486 1640 segregatus.
502 1565 558 1632 Qui
578 1564 774 1622 nihilominus
789 1565 819 1621 in
833 1581 890 1622 sua
905 1565 1104 1622 obstinatione
1130 1565 1312 1639 perduravit,
1341 1571 1369 1624 et
1396 1568 1568 1642 imperatori
1596 1583 1653 1642 pro

153 1657 288 1734 possein
303 1655 445 1714 omnibus
457 1671 513 1728 per
525 1659 706 1728 praesentem
720 1658 749 1710 et
762 1653 853 1712 etiem
867 1653 1101 1728 subsequentem
1115 1671 1230 1712 annum
1244 1655 1489 1714 incommodavit.

189 1818 229 1872 Eo
244 1819 378 1889 tempore
392 1813 572 1870 veneranda
584 1813 736 1870 memoria
752 1819 873 1870 sanctus
885 1817 986 1870 noster
998 1813 1132 1886 pontifex
1145 1814 1342 1872 Godehardus
1357 1819 1384 1872 3.
1398 1819 1470 1872 Non.
1479 1815 1555 1887 Maii,
1567 1816 1651 1874 vide·

152 1903 221 1960 lieet
231 1902 305 1961 feria
320 1907 347 1972 3,
363 1905 431 1976 poet
445 1901 654 1958 ascensionem
667 1901 786 1958 bomini
797 1917 835 1958 ex
847 1902 904 1958 heo
920 1901 979 1958 vita
995 1902 1174 1972 subtractus,
1188 1902 1227 1960 ed
1242 1907 1376 1960 eternam
1391 1920 1461 1960 cum
1472 1905 1587 1962 Christe
1599 1921 1652 1980 pe-

152 1992 282 2050 renniter
295 1991 425 2050 victurus
436 1989 587 2060 migravit,
600 1989 750 2064 nobisque
763 1990 879 2046 miseris
894 1990 1077 2046 immensam
1092 1991 1257 2047 mesticiam
1280 1992 1416 2050 discessu
1440 2009 1495 2050 suo
1515 1994 1649 2054 contidit

153 2085 247 2148 Quem
256 2097 325 2139 vere
338 2080 377 2138 ad
393 2083 487 2136 ileum
497 2079 681 2152 precessisse
690 2095 752 2137 non
765 2079 963 2136 discredimus
978 2097 984 2148 ;
1001 2080 1059 2136 hoc
1074 2084 1184 2148 nmen,
1201 2080 1285 2154 quod
1305 2085 1410 2138 sancta
1425 2083 1490 2154 ejus
1502 2083 1651 2140 ammoni-

152 2170 231 2227 tione
246 2169 455 2241 fructiferaque
473 2167 614 2224 sirbitum
629 2167 890 2240 prreostentatione
902 2167 1300 2241 presentialiterpriramun
1315 2170 1421 2227 merito
1436 2187 1556 2244 semper
1567 2171 1651 2242 inge·

152 2259 275 2316 mimus.
292 2256 392 2323 Qualis
405 2271 538 2328 namque
552 2255 649 2312 meriti
662 2260 749 2324 esser,
764 2255 972 2329 unusquisque
986 2255 1018 2311 in
1030 2271 1086 2312 suc
1095 2257 1155 2312 line
1168 2273 1349 2328 cognoscere
1359 2263 1466 2331 potest
1480 2259 1562 2332 qnia,
1576 2260 1653 2317 sicut

153 2347 298 2420 scriptum
312 2349 366 2415 est,
381 2343 590 2416 unusquisque
605 2344 636 2400 in
649 2361 706 2400 sua
719 2343 779 2401 fine
791 2344 1076 2416 cognoscitur.Sntis
1088 2361 1210 2419 quoque
1221 2351 1267 2402 est
1280 2352 1430 2419 apertum,
1443 2347 1528 2404 iilum
1541 2347 1652 2404 habere

152 2452 265 2508 magna
279 2434 431 2509 praeconia
445 2435 630 2503 meritorum,
646 2450 718 2492 cum
732 2433 763 2490 in
776 2435 841 2506 ejus
853 2433 937 2490 obitu
952 2439 1013 2492 tam
1028 2435 1155 2494 mirifica
1164 2436 1322 2506 signorum
1331 2442 1415 2508 gesta
1425 2439 1563 2511 patefecit
1574 2442 1650 2494 Deus

152 2525 182 2581 in
196 2523 351 2582 miraculo.
369 2523 443 2580 illud
456 2538 528 2579 vero
542 2537 733 2596 quamquam
748 2522 786 2580 sit
798 2523 914 2579 cunctis
929 2523 1035 2580 Chrish'
1063 2524 1202 2582 fidelibus
1230 2530 1348 2592 notum,
1377 2542 1448 2583 vcra
1470 2527 1654 2601 experientia

151 2612 330 2672 relationum
345 2616 445 2670 nmen
458 2611 497 2668 ob
513 2611 577 2681 ejus
591 2611 754 2669 sanctitatis
767 2611 971 2668 testimonium
986 2612 1034 2668 hic
1047 2613 1214 2669 continetur
1228 2613 1405 2687 inscriptum
1419 2617 1505 2686 (370).

187 2778 220 2830 ln
232 2773 317 2848 cujus
331 2772 432 2830 locum
446 2769 577 2827 domnus
589 2770 774 2828 Thietmerus
787 2769 887 2840 regius
900 2770 1074 2842 capellanus
1090 2770 1241 2842 suecessit,
1267 2771 1306 2827 ad
1330 2771 1432 2828 omnia
1446 2773 1477 2828 in
1493 2773 1601 2830 divinis
1620 2776 1648 2830 et

151 2863 292 2919 humenis
305 2859 427 2916 feliciter
439 2863 642 2932 perstrenuus,
655 2875 673 2914 a
689 2857 821 2914 ltardone
836 2858 1067 2930 metropolitano
1081 2858 1236 2931 ldogontiae
1254 2865 1296 2916 13.
1314 2859 1376 2916 ltal.
1397 2859 1581 2934 Septembris
1598 2863 1652 2918 La-

150 2947 279 3007 resheim
294 2951 338 3006 est
350 2951 550 3004 consecratus.
565 2943 719 3020 liudolfus
734 2961 846 3014 comes,
861 2945 1019 3019 privignus
1034 2947 1232 3020 imperatoris,
1256 2951 1283 3005 e.
1311 2949 1373 3004 ital.
1400 2949 1465 3006 flaii
1487 2949 1650 3006 immatura

152 3021 341 3095 morteobiit.
358 3038 391 3091 Et
405 3035 471 3107 ejus
495 3034 585 3091 frater
614 3033 822 3104 herimannus,
850 3035 1042 3092 Alamannia
1068 3035 1140 3104 dux,
1157 3036 1255 3092 subita
1276 3036 1446 3093 infirmitate
1471 3041 1650 3109 preventus,

150 3126 240 3184 bonis
255 3124 361 3183 flebilis
376 3125 519 3182 omnibus
537 3129 578 3182 te.
596 3124 659 3181 Kal.
674 3124 740 3180 tulii
756 3124 917 3181 denotavit.
935 3125 1047 3182 Nobilis
1062 3126 1151 3182 etiam
1170 3129 1307 3183 nostram
1328 3127 1431 3198 regine
1453 3127 1582 3184 Gunhild
1606 3131 1648 3184 l5.

151 3216 214 3274 llal.
231 3216 357 3288 Augusti
370 3232 407 3274 ex
420 3213 603 3272 boemundo
618 3213 778 3284 migravit;
795 3214 881 3286 cujus
894 3215 1150 3286 intempestativus
1165 3215 1263 3270 obitus
1274 3231 1367 3288 quam
1383 3215 1528 3289 plurimos
1544 3215 1647 3288 cujus-

150 3321 210 3379 que
224 3306 337 3363 ordinis
349 3321 403 3379 per
417 3303 613 3360 christianum
627 3303 788 3375 imperium
803 3301 996 3358 contristarit.
1013 3301 1178 3371 sigifrithus
1192 3308 1302 3376 praetor
1316 3303 1466 3361 Palatinus
1482 3308 1568 3375 (erl),
1585 3305 1644 3361 fra·

150 3400 194 3452 ter
219 3393 364 3452 Brunonis
378 3391 512 3468 episcopi
540 3389 751 3459 mindonensis,
775 3395 804 3446 Ἰ.
833 3389 899 3446 Kal.
928 3390 983 3447 ilai
1009 3390 1145 3459 moritur,
1170 3391 1201 3446 in
1229 3391 1420 3450 Wrmilahurc
1449 3395 1524 3462 (372)
1550 3397 1649 3450 tumu-

150 3481 238 3540 latur.

170 3682 265 3740 ‘l039.
285 3680 347 3737 ind.
368 3687 395 3736 7.
415 3682 579 3753 imperator
593 3677 725 3736 natalem
742 3677 860 3734 Domini
875 3678 977 3736 Gosla·
1069 3684 1146 3738 1039.
1168 3681 1345 3740 lluonradus
1359 3683 1521 3758 imperator
1546 3681 1619 3740 obiit
1645 3683 1772 3756 ‘trajecti
1786 3687 1864 3756 (373)

149 3787 181 3828 re
196 3787 266 3828 cum
279 3768 518 3827 reverentissima
532 3767 703 3842 principum
719 3767 765 3824 sui
789 3767 978 3838 congratule·
1031 3767 1104 3826 feria
1119 3769 1252 3826 secunda
1267 3771 1297 3827 in
1311 3775 1498 3845 pentecoste;
1515 3771 1563 3828 cui
1578 3771 1730 3829 Heinricus
1746 3772 1863 3846 tertius,

149 3861 228 3918 tione
240 3858 448 3918 decentissime
463 3857 646 3932 tripudiavit,
660 3855 714 3913 ubi
728 3859 757 3913 et
774 3855 889 3927 legatos
904 3871 978 3912 cun-
1032 3857 1110 3913 filius
1125 3861 1200 3929 ejus,
1216 3859 1366 3917 successit.
1394 3859 1559 3916 Richardus
1585 3861 1680 3918 abbas
1708 3859 1865 3920 fuldensis

148 3955 265 4008 clarum
277 3947 481 4024 adjacentium
494 3947 653 4018 regionum
672 3961 741 4002 eum
756 3943 864 4003 debitis
887 3946 977 4003 vecti-
1031 3946 1114 4012 obiit,
1129 3947 1177 4003 cui
1192 3947 1337 4018 Sigcwart
1351 3947 1503 4006 successit
1526 3949 1690 4022 Regenbolt
1717 3949 1865 4024 Spirensis

148 4041 261 4113 galium
275 4037 513 4115 professionibus
525 4037 557 4094 in
571 4039 766 4095 aucmentum
785 4050 847 4091 suae
860 4035 977 4106 magni·
1032 4035 1191 4111 episcopus
1203 4035 1295 4106 ohiit;
1311 4037 1359 4094 cui
1375 4037 1494 4095 Sibicho
1510 4039 1660 4096 successit.

147 4128 273 4186 ficentiae
287 4127 427 4202 suscepit,
442 4143 590 4201 quosque,
606 4131 638 4184 ut
651 4124 839 4200 imperialem
855 4124 978 4181 munifi-

148 4215 276 4273 centiam
290 4214 424 4284 deeebat,
441 4219 503 4272 tam
516 4215 564 4272 sui
577 4231 670 4288 quarn
681 4213 830 4288 optabant
844 4213 950 4284 gralia
962 4228 1056 4287 quam
1068 4217 1097 4270 et
1110 4228 1211 4271 rerum
1224 4213 1412 4271 abundantia
1423 4214 1550 4273 donatos
1565 4215 1646 4289 paci·

146 4303 203 4360 lice
217 4302 338 4360 remisit.
353 4303 396 4359 lhi
408 4303 500 4360 etiam
512 4303 588 4360 inter
602 4306 699 4359 cetera
711 4301 904 4360 instimliornis
920 4319 981 4359 suoe
994 4300 1114 4360 decreta
1125 4299 1281 4358 Alberade
1296 4301 1458 4359 abbatissae
1485 4303 1522 4359 de
1548 4303 1648 4361 liclia-

146 4391 226 4448 bach
239 4390 393 4449 abbatiam
406 4390 677 4462 wongeresthorph
691 4389 783 4447 invito
799 4390 928 4448 brunoni
940 4390 1081 4462 episcopo
1095 4390 1240 4460 resignari
1255 4390 1404 4463 praecepit.
1433 4393 1529 4456 Quem
1544 4395 1646 4448 tamen

145 4481 228 4539 idem
241 4480 401 4556 episcopus
414 4483 483 4553 post
493 4478 608 4553 paseha
620 4478 665 4536 rel
677 4481 879 4552 spontaneam
894 4479 1074 4537 velinvitam
1086 4478 1126 4536 ab
1139 4478 1248 4536 eadem
1262 4478 1404 4550 dignitate
1420 4479 1478 4536 sub
1497 4479 1648 4538 abrenun-

145 4570 274 4628 tiacione
288 4569 410 4645 publica
419 4567 561 4626 desistere
577 4566 653 4624 fecit.

181 4658 419 4718 Pmtficanonem
434 4661 545 4714 sancta
558 4656 656 4715 lleriae
670 4655 958 4730 imperatorrllstedi
981 4655 1049 4726 egit.
1079 4655 1182 4728 sieque
1204 4655 1422 4729 compendioso
1448 4655 1552 4712 itinere
1581 4673 1646 4732 per·

146 4752 251 4820 agrale
266 4745 426 4818 origentali
442 4745 582 4816 Suonie,
597 4745 747 4818 rebusque
761 4744 936 4818 pacificatis,
950 4743 1138 4814 Nurimagon
1149 4743 1292 4806 eandm
1315 4743 1418 4816 ibique
1434 4748 1554 4818 tempus
1570 4761 1644 4819 qua-

145 4837 321 4908 dragesimae
337 4840 365 4893 et
377 4838 516 4894 metum
529 4834 645 4908 pasche
656 4839 688 4890 et
699 4833 909 4890 ascensionem
924 4831 1051 4900 Domini,
1067 4831 1204 4905 podagra
1215 4831 1396 4902 laborando,
1413 4832 1559 4890 consedit.
1571 4833 1643 4890 lnde

146 4925 186 4982 ad
195 4926 408 4984 celebrandum
418 4927 610 4998 pentecosten
618 4923 784 4994 Traiectum
796 4921 920 4993 renitet
927 4921 970 4978 ibi
979 4920 1102 4994 quidem
1112 4919 1143 4976 in
1153 4937 1274 4978 summa
1284 4920 1390 4978 laeticia
1399 4925 1539 4978 sanctum
1550 4922 1641 4990 diem,

146 5013 256 5072 scilicet
266 5015 297 5072 in
311 5013 419 5088 regalis
431 5012 611 5071 diadematis
625 5011 734 5070 dooere
748 5009 951 5085 procedendo,
967 5011 1090 5084 peregit.
1113 5010 1170 5068 Sed
1183 5010 1320 5084 sequenti
1333 5009 1392 5079 die,
1419 5009 1493 5066 feria
1512 5015 1540 5078 i,
1567 5011 1644 5068 hora

181 5313 268 5388 (333)
287 5311 394 5387 spella,
410 5329 504 5388 prope
516 5312 651 5384 Foligno.
1061 5307 1346 5392 (aitluvrridaburch
1361 5327 1440 5369 corr.
1455 5312 1664 5371 Vuimilaburh
1690 5329 1716 5370 c.
1737 5313 1863 5372 Videtur

151 5459 157 5472 ι
181 5385 256 5470 (373)
276 5383 311 5442 Η.
326 5384 461 5454 Quataor
476 5387 560 5442 tinea
573 5388 777 5456 camenam
792 5382 972 5441 alicmcnas
1024 5395 1110 5508 {3321
1107 5381 1334 5512 llarmffiztfflpgi
1336 5398 1454 5511 ul{rope
1483 5384 1628 5454 Eisleben,
1652 5384 1725 5442 olim
1755 5401 1861 5442 crano-

144 5463 261 5601 migr)
272 5528 298 5586 I.
318 5541 344 5586 e.
361 5541 463 5584 eomes
477 5525 638 5600 palatinus.
1060 5524 1136 5596 (373)
1157 5527 1185 5582 L.
1200 5525 1280 5583 deese
1294 5527 1321 5583 4.
