3998 6182
235 201 287 260 807
706 193 736 252 S.
763 189 947 251 adiciatur
966 175 1118 242 ABBATIS
1138 185 1167 242 S.
1187 186 1329 268 saniant
1349 186 1479 244 nrvlou.
1919 177 1970 242 80!

237 341 304 384 sum
318 319 675 389 aballisaugmentatnm
702 321 745 374 est
772 315 871 385 honis,
903 311 941 370 ad
969 309 1063 386 ipsius
1082 309 1221 367 Amrdtis
1234 314 1438 386 praegravatus
1453 313 1556 386 optare
1571 307 1693 368 dissolvi
1706 314 1823 366 etcum
1849 309 1958 365 Christ·
1992 319 1993 340 ³

236 415 301 472 vite
315 411 418 480 linem,
431 405 650 464 habitatoribus
675 407 766 480 hujus
780 405 890 462 domus
917 400 966 459 Dei
981 399 1064 457 omni
1119 415 1194 468 esse,
1217 401 1330 458 bonam
1345 399 1635 458 consummationem
1661 399 1806 458 laborum
1838 415 1966 454 suerri:

236 509 370 574 tempore
384 495 550 556 dolendum
562 500 591 553 et
604 495 789 565 deflendum,
816 493 982 550 veniamus.
1009 488 1067 547 Sed
1119 489 1283 566 adimplere
1297 489 1431 564 cupiens,
1444 505 1497 564 per
1509 491 1614 548 omnia
1623 490 1812 548 monasteria
1824 506 1902 562 qua
1913 491 1958 543 sai

236 593 304 648 ante
318 585 599 662 paucisdcsoribere
613 581 941 660 curabimusquilucrit
955 579 1065 636 modus
1119 579 1184 650 ejus
1199 579 1317 638 fuerant
1331 581 1515 653 magisterio,
1537 579 1682 656 incipiens
1702 579 1742 636 ab
1772 577 1882 639 ltalia.
1916 597 1964 632 rr-

234 677 588 750 praeparandaque
617 673 649 732 in
671 671 872 748 eleemosynis
899 669 1011 740 largus,
1034 668 1065 725 in
1118 668 1247 726 cuicndo
1261 675 1289 727 et
1304 669 1409 728 iratres
1421 669 1618 740 exhortando,
1630 675 1663 728 ut
1672 685 1707 727 ea
1730 685 1805 746 quae
1826 668 1873 726 ab
1904 669 1963 740 ip-r·

234 767 342 840 vigiliis
356 765 488 835 sedulus,
502 765 534 822 in
563 765 696 822 oratione
726 763 862 834 devotus,
878 759 1065 818 incharitatc
1119 757 1286 816 didicerant
1301 764 1399 817 mente
1424 758 1584 818 retinerent
1611 763 1640 816 ct
1665 775 1756 834 opere
1787 757 1957 829 adimples

234 856 394 932 perlectus,
408 854 439 912 in
453 853 639 912 humanitate
652 852 795 927 profusus
807 851 838 910 in
854 865 992 906 sermone
1015 863 1067 924 pa·
1120 851 1298 919 satagerent.
1317 849 1346 908 Si
1359 848 1483 924 quidem
1499 851 1562 924 ejus
1587 849 1724 906 ‹lochina
1739 847 1799 905 luit
1815 853 1866 910 ut,
1883 849 1961 920 jusu

233 952 327 1019 ratus,
343 945 374 1002 in
388 945 612 1002 conversatione
628 941 856 1000 sanctissimus:
872 945 936 997 erat
957 939 1065 996 irreve-
1119 937 1202 1010 quod
1213 939 1346 1012 praeoipit
1357 940 1452 996 sancti
1466 939 1615 996 Benedicti
1630 937 1743 1010 regula,
1758 937 1793 995 in
1810 937 1929 996 verius.
1942 957 1962 992 ιτ.

234 1035 369 1093 rentibus
384 1034 520 1092 terribilis
535 1039 668 1108 aspectu,
686 1032 866 1090 metuendus
896 1030 1063 1098 severitate,
1120 1026 1203 1084 omni
1216 1027 1344 1099 actione,
1360 1027 1390 1086 in
1409 1033 1511 1086 vestus
1536 1028 1721 1102 qualitatem,
1748 1027 1928 1087 humilima
1941 1046 1961 1082 ¹:

234 1123 416 1182 reverendus
451 1123 582 1196 incessu,
624 1121 815 1179 venerandus
863 1118 1059 1190 benignitate.
1120 1113 1290 1174 videntibus
1305 1133 1336 1172 se
1351 1132 1470 1190 semper
1489 1115 1689 1186 ostenderent,
1715 1121 1744 1174 et
1774 1120 1821 1186 ut,
1851 1116 1947 1172 hono:

235 1217 399 1273 Censuram
426 1211 609 1270 auctoritatis
639 1209 827 1286 temperabat
862 1207 1063 1265 mansuetudo
1120 1220 1150 1259 se
1165 1202 1294 1263 invicem
1308 1205 1533 1280 praevenientes,
1558 1205 1746 1264 dilectionem
1773 1205 1849 1260 sine
1878 1204 1963 1260 simi.-

234 1302 410 1360 humilitatis
421 1321 428 1372 ;
440 1317 502 1359 non
515 1317 651 1378 personas
677 1299 852 1378 potentiam,
869 1299 922 1355 sed
944 1314 1064 1354 morum
1119 1291 1229 1350 latione
1242 1294 1424 1352 exhiberent.
1438 1294 1488 1352 His
1508 1299 1537 1352 et
1559 1293 1624 1352 aliis
1650 1293 1795 1352 virtutum
1812 1295 1962 1367 operibus

235 1391 414 1463 elegantiam
429 1387 923 1460 attendebatinsingulis3cttanto
935 1388 1067 1444 emincn-
1120 1382 1258 1449 intentos,
1276 1383 1366 1440 etiam
1378 1383 1515 1442 distincte
1537 1383 1656 1454 legendi
1684 1387 1776 1458 atque
1804 1383 1961 1458 psallere

234 1482 294 1540 tius
317 1497 567 1555 unumquemque
594 1479 763 1536 honorabat
788 1483 903 1552 quanto
932 1477 1064 1534 sanetius
1119 1471 1294 1542 magisterio
1314 1469 1450 1530 erudivit.
1466 1472 1680 1532 Haecdocendo
1704 1471 1830 1530 'caeteris
1861 1489 1962 1528 mona·

234 1572 332 1629 rivere
356 1569 516 1627 didicisset.
548 1569 729 1626 clericorum
758 1584 793 1624 ac
832 1567 1062 1636 monachorum,
1120 1559 1216 1616 storiis
1231 1561 1409 1634 peragratis,
1425 1561 1612 1636 pervenitad
1626 1561 1815 1632 arenchium,
1837 1563 1954 1618 nomin

235 1659 507 1717 sanctimonialium
529 1673 662 1731 quoque,
685 1671 803 1713 necnon
829 1653 990 1712 viduarum
1029 1665 1099 1720 acfl
1121 1649 1318 1720 Fiseannum;
1335 1649 1387 1708 ubi
1402 1649 1470 1724 plus
1484 1649 1569 1708 solito
1587 1649 1757 1708 infirmitate
1783 1668 1962 1726 praegrata-

234 1750 418 1825 pupillorum
433 1752 600 1822 patererat,
623 1751 712 1820 atque
734 1747 811 1803 inter
824 1745 928 1802 divites
950 1749 978 1801 et
990 1761 1064 1818 pau·
1120 1741 1177 1810 tus,
1195 1739 1325 1796 sentiens
1353 1739 1409 1796 sihi
1433 1740 1590 1798 imminere
1616 1739 1754 1800 ultimum
1785 1742 1958 1800 vocatione

235 1853 322 1914 peres
337 1838 378 1894 ita
389 1837 517 1906 medius,
532 1837 565 1892 ut
583 1849 732 1909 pauperes
747 1835 830 1890 illum
845 1833 933 1907 quasi
947 1837 1064 1906 patrem
1121 1846 1183 1888 succ
1199 1829 1289 1900 diem,
1305 1831 1629 1890 convocatisiratribus
1653 1848 1706 1906 per
1731 1837 1799 1890 octo
1831 1832 1959 1890 dieser·

235 1923 411 1998 aspicerent,
428 1922 616 1980 divitesvero
629 1921 719 1994 quasi
738 1919 923 1994 superiorem
939 1919 996 1975 sibi
1021 1919 1066 1974 di·
1118 1919 1243 1978 hortans
1254 1937 1316 1994 eos,
1343 1925 1434 1995 atque
1461 1921 1648 1979 absolutione
1673 1925 1702 1978 et
1729 1921 1877 1980 oratione
1908 1926 1958 1978 trec

234 2014 326 2070 dmm
338 2007 485 2070 timerent.
516 2010 655 2076 Quandiu
680 2009 763 2078 vixit,
792 2009 832 2065 ita
860 2008 1064 2079 Burgundiam
1118 2007 1347 2078 commendans,
1364 2007 1527 2068 octavodie
1549 2008 1659 2068 Natalis
1676 2009 1803 2080 llomini,
1833 2019 1956 2084 sumpto

235 2100 454 2177 patrocinando
464 2098 592 2173 protexit
606 2101 697 2171 atque
711 2097 854 2166 delendit,
880 2111 942 2154 non
957 2097 1064 2170 clypeo
1119 2097 1225 2154 Christi
1240 2099 1375 2171 corporis
1389 2104 1418 2156 et
1432 2097 1587 2170 sanguinis
1608 2104 1808 2170 sacramento,
1822 2101 1956 2158 reddiit

236 2196 266 2249 et
278 2193 393 2260 laneca,
405 2187 757 2260 sedconsiliiprudentia‚
773 2201 835 2259 quo
848 2186 904 2242 sibi
914 2186 1065 2260 principes
1119 2188 1179 2242 Deo
1194 2187 1340 2262 spiritum.
1355 2188 1446 2260 CuJ'us
1460 2205 1582 2262 corpus,
1595 2204 1614 2249 a
1627 2189 1749 2247 medicis
1761 2188 1817 2264 qrri
1830 2190 1877 2246 ibi
1892 2192 1956 2248 ade

235 2279 340 2356 patrias
354 2295 461 2337 omnes
476 2277 659 2346 devinxerat,
670 2279 705 2333 ut
719 2293 788 2333 cum
802 2291 854 2333 rex
883 2278 1065 2333 Francorum
1117 2279 1187 2334 rant
1208 2275 1365 2334 conditum
1390 2273 1591 2347 aromatibus,
1611 2277 1783 2339 honorificae
1808 2280 1953 2338 traditum

236 2369 394 2427 hotbertus
401 2383 471 2425 oum
481 2365 611 2424 exercitu
618 2366 752 2422 mulino
758 2366 838 2422 hanc
848 2365 976 2438 patriam
987 2381 1066 2439 saepe
1119 2368 1162 2422 est
1178 2363 1339 2440 sepulture
1352 2366 1462 2440 inipso
1477 2367 1659 2428 monasterio
1672 2367 1845 2430 antealtare
1864 2369 1953 2426 sancti

223 2459 354 2521 ,intrans
368 2455 514 2514 incendiis
525 2461 554 2513 et
565 2455 679 2530 rapinis
692 2454 823 2528 plurima
836 2454 903 2512 loca
931 2459 1066 2512 vastave—
1120 2453 1240 2512 Taurini
1255 2453 1442 2513 contessoris.
1472 2459 1542 2514 Post
1568 2457 1654 2532 cujus
1681 2457 1799 2519 obitum
1817 2457 1951 2518 domum

237 2547 283 2616 rlt,
300 2545 373 2604 nihil
387 2546 418 2602 in
433 2545 605 2604 earetinere
617 2544 722 2618 potuit,
735 2543 871 2617 quarmm
890 2545 990 2600 Bruno
1002 2544 1066 2618 epl·
1120 2541 1364 2614 ilalinardusllti)
1382 2543 1511 2620 suscepit
1528 2561 1632 2604 curam
1657 2545 1810 2617 regiminis
1839 2547 1951 2604 anima-

237 2651 348 2710 scopus
359 2635 448 2704 lelt;
463 2639 501 2704 ct,
515 2633 588 2707 quia
601 2634 628 2690 ei
638 2647 747 2689 nocere
763 2649 825 2689 non
838 2635 964 2706 poterat,
975 2633 1066 2705 hujus
1119 2647 1199 2702 rum,
1214 2648 1306 2706 quem
1321 2633 1464 2708 praelatus
1475 2636 1560 2690 Pater
1579 2651 1785 2693 successorem
1810 2635 1875 2692 sibi
1903 2637 1951 2692 ele

237 2725 310 2784 mali
321 2723 467 2782 violentiae
480 2737 574 2780 causa
589 2723 704 2778 domno
716 2721 819 2778 abbati
833 2719 988 2778 vuillelmo
1003 2721 1068 2777 tulit
1120 2723 1203 2791 gerat
1218 2736 1287 2776 cum
1300 2719 1423 2778 consilio
1435 2725 1463 2778 et
1474 2720 1564 2779 laude
1579 2723 1716 2793 fratrum,
1744 2723 1949 2798 baculumque

239 2814 395 2872 abbatiam
412 2812 510 2870 Sancti
518 2811 640 2868 loannis
648 2809 823 2867 monasterii
836 2810 1018 2878 lieomensls,
1030 2826 1066 2866 eo
1119 2809 1303 2883 pastoralem
1317 2809 1344 2866 ei
1360 2811 1574 2872 transmiserat.
1601 2811 1679 2870 Obiit
1692 2829 1763 2872 vero
1787 2816 1948 2888 praedictus

237 2901 321 2976 quod
331 2900 466 2974 partibus
481 2898 609 2968 larebat,
626 2902 658 2954 ut
669 2899 785 2969 justum
799 2903 871 2970 erat,
886 2900 932 2955 sul
945 2899 1066 2972 pontili-
1120 2901 1316 2956 Paternoster
1327 2899 1501 2958 Wuillemus
1511 2917 1592 2959 anno
1611 2901 1651 2958 nb
1667 2903 1876 2962 incarnatione
1897 2908 1948 2960 Dc-

239 2989 290 3046 ols.
308 2987 585 3062 deniquequodam
598 2990 731 3059 tempore
744 2991 1100 3080 memoratusrcrcumc
1120 2987 1194 3045 mini
1205 2987 1363 3046 millesimo
1379 2988 1532 3062 trigesimo
1557 3008 1627 3049 uno.
1655 2993 1721 3048 Duo
1749 2993 1797 3050 teir
1818 2995 1948 3064 adjicere

238 3077 370 3154 plurimo
385 3077 515 3136 exercitu
531 3077 685 3134 hieronem
696 3081 828 3134 castrum
856 3079 985 3150 advenit,
1010 3080 1066 3136 cir-
1121 3079 1216 3136 visum
1232 3083 1274 3134 est
1286 3093 1351 3150 que
1365 3079 1406 3136 ud
1419 3079 1597 3138 Divionense
1607 3084 1821 3140 arenario-iam
1840 3085 1949 3153 specie

237 3168 440 3243 cumposltam
452 3167 606 3238 regionem
616 3166 778 3224 devastans
804 3181 838 3224 ao
859 3168 1065 3242 depopulans;
1121 3173 1174 3224 tam
1190 3169 1329 3224 attinent.
1345 3169 1483 3226 Primum
1496 3172 1612 3242 rhsr'cnc
1627 3171 1785 3228 Guillctmi
1798 3188 1946 3244 opopan-

237 3259 409 3332 cujusiram
424 3257 532 3315 timens
546 3257 689 3332 praelatus
699 3254 988 3328 abbasVuillelmus‚
1005 3273 1067 3314 om·
1115 3271 1202 3326 peres
1215 3257 1375 3313 stadialis
1390 3259 1649 3330 exceptumquod
1663 3261 1695 3315 in
1709 3261 1772 3330 ipsc
1784 3263 1881 3316 suncti
1892 3261 1946 3318 Be-

236 3363 292 3406 nas
302 3345 471 3406 monachos
485 3346 525 3404 ab
541 3347 599 3404 hoe
618 3361 672 3420 per
694 3347 753 3404 alis
776 3348 958 3404 monasteria
978 3348 1067 3420 jussit
1118 3346 1206 3416 amni
1217 3347 1396 3402 monasterio
1411 3346 1516 3414 edidit,
1531 3362 1569 3403 ee
1581 3347 1729 3405 Chronico
1760 3349 1943 3414 Virdanensi,

237 3438 387 3508 secedere,
403 3437 574 3512 ahqrranlos
588 3451 660 3493 vero
674 3451 744 3492 curn
758 3435 842 3492 libris
855 3442 885 3493 et
907 3437 990 3494 omni
1017 3451 1065 3494 or·
1119 3436 1226 3490 tomol
1244 3433 1438 3492 Bibliotheca
1450 3435 1615 3508 Labeon&
1639 3438 1764 3494 werse·
1788 3431 1947 3493 Benedicti

237 3533 311 3585 natu
324 3527 456 3584 ecclesie
470 3526 548 3583 iutra
561 3530 694 3584 casuum
708 3525 894 3596 Divionense,
910 3543 945 3584 ae
959 3527 990 3583 in
1017 3543 1066 3585 ec·
1124 3523 1197 3580 Vll!
1206 3537 1295 3593 pope
1309 3525 1464 3593 epistolum
1476 3525 1518 3582 cd
1539 3526 1668 3584 eumdem
1690 3525 1867 3581 Gmtlmrum
1878 3541 1941 3593 pro

238 3615 330 3673 alesia
345 3616 445 3674 Sancti
472 3615 626 3684 vincentii,
655 3631 747 3688 quam
777 3617 847 3672 tuno
874 3615 975 3689 quieto
998 3617 1065 3688 jure
1118 3614 1299 3670 monasterio
1327 3615 1527 3685 Benigniano,
1554 3617 1587 3672 in
1615 3629 1672 3689 qua
1690 3615 1795 3670 mentio
1810 3612 1938 3670 Mittor

237 3707 380 3764 monachi
405 3705 490 3764 latius
519 3707 578 3764 loci
602 3705 809 3781 possidebant,
839 3705 907 3763 leolt
924 3707 1063 3777 residere,
1117 3703 1249 3774 Benigni
1266 3704 1406 3774 episcopi,
1421 3719 1514 3774 supro
1524 3719 1599 3776 pag.
1613 3708 1666 3762 340
1679 3705 1940 3776 memorationem

237 3795 343 3872 paucis
358 3794 550 3854 solummodo
562 3794 702 3854 iratribus
716 3795 757 3852 ob
773 3795 941 3853 custodiam
966 3795 1023 3854 loci
1037 3801 1065 3856 et
1118 3809 1156 3852 etr
1170 3793 1302 3864 ejusdem
1318 3794 1375 3850 loct
1391 3794 1517 3851 distem
1529 3809 1584 3851 aas.
1600 3795 1779 3865 descriptoris
1794 3793 1940 3851 habmus.

237 3885 333 3946 macti
347 3885 470 3960 Benigni
485 3885 638 3944 corridum
652 3901 722 3942 cum
737 3884 851 3943 domno
863 3885 973 3944 abbate
997 3885 1066 3944 Odi-
1116 3883 1168 3941 Sir
1182 3884 1284 3956 daque
1298 3883 1387 3942 moer
1400 3885 1490 3956 Hace
1502 3885 1535 3942 es
1549 3884 1701 3942 Glsrons'ro
1710 3885 1765 3942 sub
1777 3885 1868 3956 mers
1875 3899 1943 3956 pce

236 3973 488 4037 lonsinhocloco
503 3973 634 4032 dimissis
650 3989 658 4030 ε
673 3987 765 4048 quem
792 3973 831 4031 sd
854 3974 912 4032 hoc
937 3975 1064 4034 accersi-
1118 3973 1156 4030 tis
1171 3989 1191 4044 r,
1207 3987 1274 4043 rap.
1290 3977 1323 4030 27
1342 3989 1349 4030 τ

235 4069 329 4138 verat,
350 4067 382 4124 ut
396 4065 422 4122 sl
436 4065 511 4123 forte
525 4079 578 4122 rex
591 4062 706 4138 aliquid
719 4063 792 4121 mali
807 4067 911 4123 eontm
922 4066 1004 4124 hune
1020 4065 1064 4124 lo-
1153 4064 1198 4118 27.
1214 4063 1272 4118 Nec
1287 4059 1377 4118 dehet
1384 4060 1499 4120 reticeri
1509 4061 1657 4120 vmuclmi
1668 4063 1880 4137 supraregulae
1888 4063 1943 4120 lac·

172 4231 174 4236 ,
236 4169 307 4213 cum
322 4154 485 4224 momerm,
501 4153 579 4212 illlus
593 4154 734 4228 precibus
742 4157 883 4212 exoratus
895 4153 1063 4215 dimitteret.
1117 4153 1183 4210 lum
1197 4149 1525 4208 memorabilessumt
1550 4150 1771 4210 Fruclunrlensi
1798 4152 1941 4218 mobili,

238 4245 299 4300 ilex
313 4257 395 4312 vero,
410 4247 444 4300 ul
453 4247 516 4301 erat
530 4249 629 4302 mente
644 4243 804 4315 benignus,
834 4260 904 4300 eum
923 4247 1066 4320 cognovit
1116 4239 1354 4314 quodjuriserat
1367 4239 1555 4298 Divionensis
1564 4241 1706 4312 coeleste,
1717 4240 1943 4316 rediisset,ettti

235 4335 359 4406 proptor
369 4348 400 4389 se
412 4333 579 4390 monachos
593 4331 755 4408 dispersos,
770 4332 858 4390 valde
872 4333 976 4393 doluit.
993 4337 1065 4393 Pau·
1117 4329 1209 4398 sioni,
1226 4333 1260 4388 ul
1272 4329 1409 4402 decebat,
1423 4333 1591 4404 susceptus,
1601 4331 1943 4406 insapimloqualitersc

237 4419 280 4479 ols
295 4421 396 4496 itaque
418 4419 575 4478 manaseds
601 4421 709 4479 diebus
733 4424 889 4481 Franciam
911 4426 1066 4500 repedavit
1117 4418 1947 4496 fratroshaberenbtinecessarianondecssentdnquire

236 4509 320 4570 uullo
331 4510 452 4583 negotio
467 4513 599 4585 peracta
617 4515 683 4586 ipso
696 4513 826 4587 denique
841 4529 932 4586 annis,
944 4516 997 4592 qui
1011 4515 1066 4573 tuit
1117 4513 1175 4578 ret;
1188 4513 1220 4568 ut
1234 4509 1348 4567 audivit
1357 4509 1460 4568 omnis
1469 4525 1534 4567 csse
1544 4509 1644 4584 plena,
1653 4509 1836 4585 nudumque
1851 4512 1945 4570 locum

235 4603 276 4662 ab
291 4601 499 4660 incarnatione
513 4599 631 4660 Domini
645 4602 822 4661 millesimus
836 4603 971 4663 decimus
996 4621 1063 4664 sex·
1117 4599 1299 4672 indissfflliae,
1308 4599 1361 4672 qui
1369 4615 1431 4657 110ss
1441 4603 1546 4674 9⁰⁵³&
1557 4599 1708 4658 ¹⁰V1'0h100
1724 4600 1857 4673 ΟΜΝ,
1868 4604 1948 4660 Μ

234 4697 294 4765 tus,
309 4692 442 4750 domnus
458 4691 620 4767 episcopus
633 4693 733 4750 Bruno
748 4693 821 4751 obiit
847 4695 980 4753 secundo
1005 4695 1064 4754 Ka·
1116 4689 1247 4761 rogalde
1253 4689 1459 4762 eleemosynas
1471 4690 1671 4765 cognovitque
1678 4691 1948 4764 quiaetsieonrce

234 4782 340 4842 lendas
357 4780 517 4852 Februarii,
529 4783 657 4856 peractis
671 4783 702 4840 in
717 4783 893 4858 episcopatu
905 4783 992 4842 annis
1014 4785 1064 4844 trt-
1117 4778 1949 4855 tudiueriadabatur,nontamenpauperibus,pmutpo

234 4867 477 4942 gintaqmnquc,
492 4871 547 4926 etc.
1116 4867 1948 4940 amntethabebantsuuracabansmaelosuccensum

270 4961 315 5016 ιθ.
331 4958 482 5025 Quoniam
497 4957 537 5016 sd
550 4957 644 5016 mem
667 4957 736 5016 libri
756 4957 918 5028 hammus,
945 4959 1063 5018 obitum
1116 4959 1583 5034 quicsmessanctorumexedit,
1598 4959 1753 5033 increpata
1767 4973 1881 5018 eorum
1897 4961 1948 5018 du·

234 5046 328 5108 Petris
348 5046 472 5106 Villelmi
484 5046 623 5106 intimare
642 5062 794 5106 eummus.
823 5049 985 5122 Postquam
1011 5066 1065 5125 per
1117 5049 1194 5122 ritis,
1209 5049 1949 5121 asedeconcituscnmbouaindiguatianimisto

235 5150 332 5194 annos
343 5137 546 5209 quadraginta
559 5135 648 5208 duos,
661 5135 755 5192 vineae
766 5137 926 5195 Dominicis
941 5139 1064 5197 sedulus
1117 5139 1307 5198 machatione
1316 5137 1484 5208 surrexit,et
1492 5137 1634 5212 imposita
1644 5138 1860 5214 antiphonade
1868 5155 1947 5196 man·

235 5223 341 5295 cultor,
356 5239 424 5282 cam
434 5225 599 5284 excolendo
612 5225 723 5298 jugiter
740 5241 909 5302 propagare
937 5229 1065 5304 amplifi·
1116 5229 1204 5286 dcto:
1219 5227 1275 5286 Udi
1286 5235 1329 5286 est
1344 5225 1571 5286 clmritmtnon
1585 5225 1663 5284 ultra
1670 5225 1886 5301 progrediens,
1902 5223 1947 5284 sed

235 5325 363 5386 aereque
373 5313 496 5386 curavit,
512 5329 582 5374 oiim
595 5313 660 5390 lam
674 5315 757 5374 senio
778 5313 1064 5394 infirmitatibusque
1114 5315 1173 5382 hoc
1183 5317 1249 5392 ejus
1261 5317 1380 5377 initium
1391 5331 1512 5390 semper
1521 5317 1669 5392 repetens,
1684 5316 1724 5378 ad
1734 5315 1898 5378 cellarium
1906 5331 1949 5374 re

157 5503 162 5514 .
233 5455 478 5540 postcaurogaute
490 5455 807 5542 hamhenossrunoms
819 5477 1063 5520 successoremo
1115 5461 1299 5536 archiepisco
1322 5478 1368 5530 us,
1384 5460 1527 5520 Vitamex
1541 5459 1597 5518 hoc
1614 5457 1751 5518 chronici
1771 5458 1948 5532 Benignlani

233 5531 355 5585 nastern
374 5528 548 5598 Benrgmaui
563 5531 780 5606 possessiones,
806 5537 834 5592 ct
861 5533 1062 5608 praedecesso
1115 5539 1236 5594 auctore
1254 5535 1274 5592 d
1316 5533 1586 5594 imus‘adcneum
1616 5535 1684 5590 ictu
1698 5548 1789 5608 quoa
1804 5533 1949 5592 vivisca·

233 5611 302 5656 rum
315 5615 439 5684 suorum
453 5597 607 5684 privilegia
623 5603 812 5664 confirmavit
825 5620 906 5664 anno
922 5609 1000 5662 1015.
1112 5607 1210 5669 cessis.

270 5669 325 5744 (lt)
339 5671 502 5742 ilahnardr,
518 5687 571 5746 qur
583 5677 689 5747 postea
698 5675 1061 5748 tactuscsruugduncnsis
