3996 6186
126 132 178 186 023
609 110 764 168 bubonis
783 109 911 166 bacatu
932 107 960 164 S.
981 106 1135 197 ediltrud
1155 109 1347 167 vibotlllth.
1781 111 1835 166 024

125 251 244 312 illorum
270 246 420 306 assistens,
446 238 517 297 talia
544 252 647 294 coram
671 233 804 309 profudit
827 232 949 290 dicens:
966 242 990 295 Α
1009 230 1042 303 pi
1051 235 1078 287 et
1092 233 1274 289 monasterio
1289 207 1428 290 decenter
1441 231 1571 289 humari.
1589 231 1764 289 lntemuntii
1785 248 1838 290 au-

128 342 289 412 Alstignus,
305 336 367 391 dux
378 336 535 394 Dacorum,
548 325 635 384 vobis
649 324 738 381 fidele
751 321 902 379 servitium
925 323 955 376 et
1008 323 1068 376 tem
1080 322 1207 392 regressi
1219 322 1464 379 renuntiaverunt
1478 337 1546 395 qua·
1571 319 1776 378 fraudulenter
1784 321 1840 378 im.

127 446 233 489 omnes
246 424 355 500 pariter
366 420 422 492 sui,
445 421 523 474 sorte
552 414 642 472 Dacia
671 403 746 469 cum'
764 412 831 484 ipso
859 409 953 481 ejecti.
1008 411 1199 482 patraverant
1217 409 1336 466 funesti.
1353 413 1434 466 Tunc
1449 414 1612 466 contumax
1630 409 1751 483 pestifer
1766 424 1840 480 gau-

127 525 190 577 Non
205 514 291 572 vobis
306 508 490 580 incognitum
506 504 590 579 quod
612 507 690 559 sorte
712 500 803 558 Dacia
828 497 954 573 expulsi,
1008 495 1083 553 dens
1097 514 1188 571 super
1201 498 1353 571 responsis
1372 497 1728 572 eorumuniusqu'usque
1743 497 1839 555 trihus

125 623 179 682 per
204 601 399 670 lluctivagum
428 595 554 670 pelagus
577 609 689 649 circum
722 589 824 647 omnia
849 585 955 656 maria,
1008 585 1135 642 mandat
1146 585 1281 643 accersiri
1295 585 1492 660 praecipuum.
1514 587 1708 658 congregatis
1735 590 1839 644 autem

126 694 246 753 turbine
273 687 457 748 mirabilium
481 683 574 742 maris
615 682 778 740 elationum
817 674 955 743 traducti,
1009 674 1162 743 omnibus,
1173 674 1427 748 nequissimorum
1439 675 1566 748 nequior
1578 674 1837 748 dixitrllstignus:

127 781 316 853 francigenae
339 776 435 849 gentis
461 789 590 844 regnum
612 787 718 827 sumus
740 767 866 825 advecti.
896 764 956 820 Hoc
1010 763 1103 822 «Mihi
1117 763 1209 822 modo
1222 764 1308 822 saepe
1332 764 1484 833 feretrum,
1511 769 1540 822 εἰ
1568 765 1763 838 superponite
1788 781 1838 822 me

126 881 387 946 quoqueregnum
407 862 494 920 nohis
522 865 599 916 sorte
626 859 751 915 deorum
778 868 956 912 concessum
1008 853 1098 927 quasi
1113 859 1275 926 mortuum,
1291 870 1376 912 arma
1390 870 1510 911 mecum
1533 854 1563 910 in
1588 854 1655 928 ipso
1681 854 1838 919 collocate.

126 959 302 1023 invasimus,
317 954 506 1024 multumque
520 948 629 1024 preliis
640 951 743 1002 contra
754 948 857 1015 gentes
869 945 957 998 Fran·
1009 947 1038 999 et
1054 959 1106 998 vos
1121 943 1152 999 in
1167 959 1276 1016 gyrum
1289 944 1369 1000 cirea
1382 943 1449 1017 ipsa
1464 942 1599 999 flebiliter
1611 947 1704 1011 stete;
1718 959 1772 999 vos
1786 958 1840 1016 per

128 1051 249 1120 cigenas
264 1045 374 1103 obnixe
391 1039 581 1104 certavimus,
596 1041 753 1108 totumque
767 1031 898 1103 regionis
916 1030 957 1086 lo
1009 1031 1124 1105 plateas
1138 1032 1260 1105 ululate,
1275 1038 1450 1106 vestrosque
1465 1048 1513 1089 me
1524 1031 1619 1104 cogite
1628 1032 1840 1106 plangere.Tu-

128 1155 197 1196 cum
213 1136 290 1194 illius
316 1130 409 1190 nostri
433 1127 558 1185 senioris
580 1125 706 1199 imperio
727 1121 954 1197 prostravimus.
1010 1120 1136 1177 multuet
1160 1137 1219 1177 vox
1241 1128 1341 1178 vestra
1362 1137 1416 1195 per
1438 1126 1546 1179 cuneta
1571 1126 1673 1178 nostra
1701 1121 1839 1179 tentoria,

127 1231 234 1284 Verum
250 1221 392 1280 omnibus
407 1216 517 1274 nostris
529 1213 692 1271 ditionibus
707 1210 885 1283 subjugatis,
912 1223 957 1264 re·
1010 1211 1174 1283 concrepet
1186 1225 1244 1267 vox
1259 1210 1312 1283 qui
1325 1214 1459 1283 praesunt
1477 1208 1605 1266 navibus
1634 1225 1704 1266 cum
1727 1209 1840 1266 eampis

127 1315 199 1372 verti
213 1312 344 1369 volentes
359 1308 398 1365 ad
411 1312 520 1363 terrem
538 1309 648 1360 nostrae
672 1300 844 1368 nativitatis,
872 1297 955 1371 prius
1010 1298 1193 1354 cohortibus.
1209 1297 1347 1356 Armillas
1360 1302 1389 1354 et
1401 1297 1517 1354 balteos
1531 1297 1599 1354 ferri
1615 1303 1683 1355 anre
1697 1297 1839 1355 feren-um

127 1401 319 1477 aquilonibus
339 1395 484 1462 adversis,
512 1396 617 1467 postea
640 1391 775 1464 Zephyro
800 1387 955 1459 Notboque
1010 1385 1398 1460 facitessemmisauroque
1417 1386 1524 1460 politos
1548 1403 1667 1444 secures
1691 1403 1839 1461 ensesque

127 1491 214 1549 nobis
229 1486 384 1545 contrariis
395 1482 503 1546 obtriti.
517 1481 629 1538 tinibus
644 1479 726 1535 inviti
740 1478 789 1534 vix
802 1473 955 1534 adnatavi-
1010 1477 1160 1550 exponite.
1178 1499 1192 1528 a
1207 1477 1250 1533 lit
1263 1476 1344 1534 dicto
1354 1476 1439 1532 citius
1455 1475 1539 1550 quod
1553 1477 1714 1534 mandarat
1736 1476 1839 1533 funes.

128 1598 196 1638 mus
211 1578 327 1635 vestris.
340 1578 475 1631 Vestram
489 1571 595 1627 urbem
610 1585 666 1625 nec
689 1567 767 1625 ferro
792 1563 956 1638 depopula-
970 1595 990 1648 Β
1010 1570 1068 1622 tus.
1085 1565 1209 1622 Auditur
1221 1565 1336 1621 clamor
1351 1564 1532 1636 ululatuum,
1561 1564 1770 1639 tumultusque
1792 1564 1838 1620 lu·

127 1671 162 1742 ri,
173 1685 228 1726 nec
241 1666 360 1742 praedas
378 1662 516 1719 venimus
532 1659 602 1732 pagi
616 1657 705 1714 vestri
720 1657 759 1713 ad
784 1671 877 1713 naves
906 1653 956 1708 de·
1010 1654 1155 1724 gentium.
1171 1657 1322 1711 Resonant
1349 1659 1467 1711 montes
1495 1670 1549 1726 pro
1577 1653 1703 1711 vocibus
1734 1653 1839 1711 dolose

129 1761 250 1816 ducere.
267 1760 330 1812 Non
344 1751 432 1808 nobis
447 1767 483 1806 ea
495 1749 538 1805 vis
553 1753 594 1803 tot
605 1745 744 1821 periculis
757 1743 896 1813 fatigatis.
910 1744 957 1798 Su·
1010 1743 1200 1799 moerentium
1212 1742 1381 1799 tinnientes.
1398 1745 1547 1799 Convocat
1557 1741 1668 1816 prresul
1682 1742 1839 1817 campanis

127 1841 380 1922 questramnobis
395 1855 512 1914 pacem,
525 1833 786 1911 precamur,dete,
809 1848 878 1905 quse
907 1845 956 1885 ne·
1011 1837 1130 1902 gentem
1144 1832 1286 1888 diffusam
1300 1847 1355 1905 per
1369 1836 1461 1888 totam
1474 1831 1631 1888 civitatem,
1646 1831 1729 1889 venit
1743 1832 1840 1888 clerus

128 1933 260 1994 cessaria
271 1935 342 1987 sunt
353 1929 440 1985 liceat
458 1941 567 1983 emere.
582 1928 685 1982 Noster
698 1922 799 1978 senior
821 1919 956 1976 infirma·
1010 1922 1184 1979 monasticis
1199 1921 1385 1978 vestimentis
1397 1920 1529 1978 indutus.
1544 1920 1839 1996 Similiterprincipes

129 2029 187 2094 tus,
201 2021 362 2092 multisque
375 2016 530 2076 doloribus
544 2013 661 2088 plenus,
674 2011 738 2067 vult
750 2009 862 2066 avobis
877 2008 957 2065 sonte
1010 2010 1089 2066 illius
1105 2009 1188 2066 urbis
1203 2009 1348 2082 martyrio
1369 2009 1544 2066 coronandi,
1569 2007 1669 2066 ,affluit
1693 2009 1841 2066 femineus

129 2112 280 2170 salutifero
290 2107 407 2176 redimi,
420 2104 682 2175 Christianumque
698 2116 762 2157 sese
774 2098 838 2155 lieri
855 2117 861 2154 :
892 2096 958 2154 etsi
1013 2114 1102 2154 serus
1114 2098 1144 2155 in
1160 2097 1297 2188 exsilium
1311 2095 1517 2154 deducendus.
1534 2099 1662 2167 Pergunt
1682 2097 1841 2155 unanimes

128 2206 223 2260 morte
237 2201 294 2256 hac
308 2198 339 2254 in
354 2195 524 2254 infirmitate
534 2194 763 2266 preoccupatus
777 2187 874 2258 luerit,
889 2203 958 2242 ves·
1012 2193 1116 2246 contra
1130 2191 1299 2244 monstrum
1309 2187 1415 2243 feretro
1429 2185 1614 2260 impositum.
1631 2187 1766 2259 Bajulant
1776 2203 1842 2244 seo-

128 2298 173 2351 tra
187 2289 393 2349 misericordia
405 2291 562 2358 vestraque
575 2283 682 2357 pietate
695 2282 752 2338 hac
774 2279 892 2336 civitate
912 2295 958 2334 se·
1011 2275 1107 2332 lastici
1125 2275 1307 2332 candelebra
1320 2280 1348 2332 et
1362 2291 1475 2340 cruces,
1484 2275 1653 2346 majoribus
1673 2275 1841 2348 praeceden.

127 2380 288 2457 peliritioe
300 2377 455 2435 audientes
467 2373 578 2448 praesul
587 2376 616 2428 et
629 2386 730 2426 comes
738 2368 960 2441 responderunt
1014 2369 1067 2422 tes.
1082 2365 1224 2422 avernen
1238 2381 1256 2422 a
1271 2365 1398 2438 paganis
1410 2364 1572 2437 alstignus,
1587 2366 1674 2421 vivus
1689 2381 1780 2439 super
1803 2365 1844 2422 fe-

128 2467 310 2528 tnternuntio
325 2465 456 2540 dicentes
466 2481 490 2519 z«
501 2460 637 2534 Perpetui
653 2457 772 2515 loederis
786 2455 959 2530 pactumia·
1007 2459 1124 2512 rehum
1136 2455 1259 2529 positus.
1273 2459 1369 2527 Atque
1384 2455 1413 2510 in
1434 2456 1513 2511 exitu
1535 2455 1691 2512 opimaris
1717 2455 1842 2513 obviam

128 2544 961 2627 cimusQurecunquevultisemere‚rrrutuavoluntateno·
1014 2545 1172 2603 Christiani
1186 2545 1323 2620 paganis.
1339 2543 1385 2600 Ab
1402 2549 1528 2617 utroque
1542 2544 1654 2620 populo
1670 2551 1843 2619 comporta·

129 2653 319 2720 111011111111111
334 2647 561 2712 vestrorumque
576 2635 799 2693 ⁰⁰11⁰etlimuso
807 2637 960 2712 luternun·
1014 2639 1062 2690 tur
1075 2634 1114 2692 ad
1130 2634 1433 2707 monasteriumque
1449 2633 1621 2706 sepulcrum
1635 2634 1701 2706 eius
1718 2639 1844 2709 cratpe·

128 2738 185 2795 tius
201 2738 302 2792 autem
319 2745 448 2805 quaeque
467 2726 671 2785 iraudrdentcr
691 2721 960 2793 illisdixit,etqure-
1014 2729 1124 2781 ratum.
1142 2725 1293 2798 Praeparat
1308 2739 1339 2779 se
1354 2723 1524 2797 episeopus,
1553 2723 1678 2780 missam
1706 2740 1763 2798 pro
1787 2741 1843 2782 suo

127 2840 246 2899 cunque
253 2823 292 2880 ab
298 2822 340 2878 eis
346 2819 468 2877 dolosus
475 2809 961 2885 audivit,nelandissimoomnium
1014 2812 1106 2868 liliola
1121 2811 1335 2870 celebraturus.
1351 2813 1447 2868 Chore
1459 2815 1517 2868 stat
1531 2815 1560 2867 et
1574 2810 1679 2880 clerus,
1691 2811 1847 2870 officiosis.

131 2912 241 2971 ⁸⁰¹¹i⁰li
254 2926 308 2967 ⁸¹¹⁰
323 2902 693 2972 lessusslifllil·⁰³taissi¹¹¹l
708 2904 859 2973 1111111111
874 2913 959 2970 lacer
1016 2901 1089 2958 sime
1105 2907 1224 2958 eantare
1236 2906 1349 2958 suetus.
1368 2905 1508 2971 ignorant
1522 2899 1691 2956 trucidandi
1704 2901 1844 2959 christia.

131 3000 291 3073 midlisque
307 2993 522 3069 competentiis,
537 2991 638 3049 multis
654 2987 894 3061 coemptionibus
915 2991 959 3043 at·
1016 2992 1046 3048 ni
1056 2991 1161 3048 dolum
1173 2991 1332 3048 mortifere
1347 2989 1470 3046 fraudis,
1488 2993 1669 3047 Decernatur
1691 2990 1786 3048 missa
1800 3008 1846 3048 50,

130 3075 961 3165 (11111111111111500111111110111111110011111111111111111Ρᾶ81·
1014 3080 1151 3137 lemniter
1164 3079 1323 3137 celebrata.
1347 3078 1529 3151 Participant
1556 3095 1662 3135 omnes
1686 3079 1843 3137 Christiani

129 3181 161 3238 ni
175 3176 308 3236 vicissim
320 3181 349 3234 et
370 3171 536 3232 Christiani.
562 3169 681 3227 interim
710 3169 897 3241 praeparatur
921 3163 961 3220 ab
1014 3172 1144 3245 mystico
1159 3171 1305 3227 sacrificio
1315 3171 1386 3225 lesu
1401 3168 1514 3226 Christi.
1546 3169 1595 3224 llis
1614 3168 1777 3228 missarum
1797 3186 1844 3226 so-

129 3265 437 3343 091100901111111011111,
453 3260 569 3336 11116110
584 3274 645 3315 11011
667 3256 867 3329 Ρ10111111111111·
886 3255 960 3311 31111·
1015 3261 1132 3319 lemniis
1160 3260 1299 3317 decenter
1322 3257 1456 3332 expletis,
1484 3257 1692 3332 paulatimque
1717 3260 1845 3332 paganis

129 3359 297 3417 ctificantur
312 3369 399 3427 aquae
414 3350 494 3426 putei
512 3348 627 3420 gurgite
655 3347 819 3401 exhauste.
850 3341 961 3399 illumi·
1015 3349 1212 3421 congregatis,
1223 3347 1314 3420 jussit
1327 3347 1437 3421 praesul
1459 3363 1569 3420 corpus
1594 3347 1634 3403 ad
1658 3347 1845 3422 sepulturam

128 3452 240 3507 nentur
252 3460 317 3502 cere
325 3442 366 3499 ad
378 3455 499 3497 sacrum
508 3435 684 3510 mysterium
712 3433 834 3490 lavacri.
858 3432 962 3489 Avehi·
1014 3439 1131 3497 deferri.
1158 3437 1269 3507 Pegani
1304 3452 1374 3492 cum
1404 3451 1516 3506 magno
1544 3435 1674 3493 clamore
1702 3437 1846 3511 petebant

129 3542 178 3594 tur
191 3533 388 3608 prestigiator
397 3527 559 3597 alstignus,
574 3522 672 3581 dolosi
687 3521 800 3578 consilii
829 3527 962 3594 repertor
1014 3527 1165 3592 feretrum,
1181 3532 1210 3583 et
1227 3525 1367 3582 dicebant
1387 3525 1556 3583 alternatim
1579 3541 1640 3582 non
1667 3543 1737 3584 eum
1762 3543 1845 3603 sepe-

130 3621 308 3683 malevolus.
323 3622 414 3676 intrat
434 3614 568 3690 pertidus
596 3613 702 3676 tontes,
719 3626 828 3684 corpus
843 3616 960 3668 tanturn
1014 3616 1159 3672 tiendum.
1177 3615 1302 3672 Stabant
1316 3615 1405 3685 igitur
1433 3613 1592 3672 Christiani
1614 3630 1705 3688 super
1719 3633 1843 3691 respon·

130 3713 295 3771 deluentes.
314 3705 448 3779 Suscepit
460 3703 592 3762 nefarius
618 3701 813 3776 baptismum,
839 3701 879 3758 ad
900 3703 963 3757 ani.
1015 3707 1055 3762 sis
1071 3721 1174 3762 eorum
1191 3704 1358 3778 stupefacti·
1374 3708 1455 3761 Tunc
1466 3704 1619 3775 Alstignus
1633 3706 1740 3763 feretro
1767 3705 1845 3762 desi.

130 3819 188 3860 mae
204 3815 265 3856 sure
280 3797 440 3854 interitum.
458 3793 622 3868 suscipitur
634 3792 671 3848 de
683 3795 874 3849 sacrosancto
887 3791 962 3865 bap·
1014 3795 1078 3865 luit,
1094 3809 1258 3867 ensemque
1271 3793 1434 3864 fulgentem
1449 3794 1559 3865 vagina
1574 3793 1712 3870 deripuit.
1736 3797 1847 3853 invasit

130 3893 248 3950 tismate
263 3887 455 3961 abepiscopo
469 3880 893 3966 etcomite.l)edueiturquasi
916 3881 961 3937 in·
1015 3885 1151 3942 funestus
1175 3882 1335 3957 praesulem
1358 3883 1469 3941 librum
1494 3899 1589 3940 manu
1612 3889 1773 3942 tenentem.
1799 3889 1847 3943 lu·

129 3981 247 4053 firmus,
273 3993 359 4036 sacro
387 3973 566 4032 charismate
586 3971 713 4043 oleoque
723 3969 882 4026 delibutus.
899 3974 961 4026 Non
1016 3973 1099 4046 gulat
1110 3972 1280 4046 presulem,
1301 3977 1450 4047 prostrato
1473 3977 1502 4029 et
1521 3973 1638 4042 comite,
1657 3978 1846 4049 euntemque

130 4073 272 4142 aegrotus,
284 4065 337 4123 sed
348 4080 437 4135 aeger,
453 4062 574 4133 negotio
589 4059 723 4135 perlidioe
737 4059 836 4115 miser.
855 4062 962 4132 liepor-
1016 4061 1129 4119 clerum
1144 4061 1174 4118 in
1187 4060 1311 4118 ecclesia
1324 4061 1481 4118 inermem.
1494 4062 1711 4119 obstruxerunt
1733 4063 1847 4136 pagani

131 4164 210 4216 tatus
236 4154 324 4230 quasi
348 4152 486 4209 infirmus
510 4151 549 4207 ad
591 4148 678 4206 navis
718 4147 960 4214 contubernium,
1016 4150 1092 4207 ostia
1105 4149 1267 4223 templi‚ne
1281 4155 1384 4223 posset
1397 4148 1477 4206 ullus
1492 4149 1580 4206 elabi.
1607 4153 1688 4208 Tunc
1712 4167 1848 4224 pagane

131 4261 255 4320 corpore
277 4241 432 4300 dealbatus
459 4245 565 4296 totum.
596 4241 745 4296 Convocat
771 4237 861 4309 igitur
883 4235 960 4293 illico
1015 4257 1084 4296 rum
1098 4238 1198 4296 rabies
1214 4239 1341 4296 trucidat
1355 4239 1538 4296 Christianos
1551 4240 1689 4297 inermes.
1715 4241 1846 4298 Tradun-

131 4335 269 4395 omnium
284 4329 496 4404 nequissimos,
511 4344 602 4403 super
621 4343 677 4384 sua
691 4325 881 4383 fraudulenta
909 4325 962 4382 do-
980 4299 1001 4353 ⁰
1016 4335 1065 4386 tur
1078 4345 1183 4385 omnes
1211 4327 1286 4396 neci,
1313 4345 1390 4401 quos
1416 4329 1499 4386 turor
1524 4330 1633 4403 reperit
1654 4329 1759 4388 bostis.
1789 4333 1847 4388 Ste-

130 4425 246 4484 lositate
263 4419 462 4480 consulturos.
477 4418 581 4476 Pandit
595 4417 652 4473 illis
666 4421 813 4473 secretum
824 4431 960 4472 exsecra·
1015 4417 1099 4476 viunt
1113 4417 1190 4474 inira
1204 4417 1322 4474 delubri
1338 4421 1433 4491 septa,
1449 4422 1480 4474 ut
1492 4417 1555 4493 lupi
1565 4419 1641 4476 intra
1654 4419 1757 4477 ovium
1773 4435 1845 4478 cau·

131 4514 191 4572 bile
207 4511 291 4587 1111011
314 4507 619 4583 ο(111113111111111111011)
645 4504 756 4562 corde:
785 4526 799 4553 «
817 4503 960 4561 lmincnte
1014 4505 1069 4563 las.
1085 4505 1179 4564 Corde
1194 4511 1336 4579 premunt
1345 4506 1490 4578 gemitum
1506 4506 1657 4578 mulieres,
1682 4508 1848 4582 lacrymas-

132 4627 146 4656 α
161 4606 259 4672 nocte,
275 4616 324 4658 me
333 4602 487 4656 mortuum
498 4597 633 4654 nuntiate
647 4594 767 4669 praesuli
783 4593 961 4660 etcomiti,et
1014 4611 1074 4670 que
1086 4593 1247 4651 effundunt
1256 4594 1372 4651 inanes.
1388 4597 1516 4652 iuvenes
1531 4610 1601 4652 cum
1614 4595 1782 4666 virginibus
1803 4597 1847 4654 lo-

131 4715 147 4744 «
160 4691 314 4765 deposcite
327 4688 454 4746 nimium
465 4687 581 4754 flentes,
594 4689 626 4740 ut
636 4683 747 4740 iaciant
760 4698 809 4739 me
825 4683 959 4756 neophy-
1014 4685 1306 4742 pissoncatenantur
1321 4683 1421 4741 simul·
1455 4684 1562 4742 Ultima
1583 4685 1651 4741 vitm
1678 4685 1742 4742 dies
1769 4687 1845 4744 awi-

131 4804 147 4833 “
162 4785 227 4839 tum
249 4795 304 4836 ⁸¹¹⁸
322 4777 398 4835 urbe
429 4775 555 4849 SOPOliri·
590 4777 683 4830 Elim
711 4777 739 4829 11
767 4771 910 4841 armillas,
934 4775 962 4827 11
1014 4774 1057 4830 dit
1071 4773 1223 4842 omnibus,
1238 4773 1390 4847 breveque
1404 4777 1434 4830 et
1443 4773 1672 4847 irrecuperabile
1687 4775 1755 4832 vitre
1771 4781 1846 4833 tem-

131 4891 147 4922 «
163 4867 313 4944 quidquid
326 4871 371 4924 est
382 4864 441 4922 mei
454 4863 540 4937 juris,
556 4862 644 4919 dicite
658 4877 712 4919 vos
726 4861 849 4918 daturos
862 4859 929 4916 illis.
945 4883 959 4910 a
1013 4879 1083 4937 pus,
1111 4865 1307 4920 Prosternunt
1325 4879 1379 4936 per
1407 4862 1521 4920 moenia
1543 4862 1626 4920 urbis
1664 4863 1845 4936 praeliantes,

131 4957 176 5016 llli
188 4962 299 5022 auum.
313 4956 477 5026 11ῐί1115111]
492 4953 597 5019 11111111,
611 4955 680 5008 111111
695 4950 835 5006 dominos
860 4949 961 5006 civita-
1014 4969 1213 5027 quoscunque
1240 4951 1391 5027 reperiunt
1409 4951 1592 5010 robustiores
1615 4957 1782 5010 atteruntur
1809 4954 1849 5011 ci·

131 5047 169 5104 111
181 5047 345 5115 1111111111,
359 5043 499 5100 dixerunt
510 5040 679 5113 eiulantes:
707 5042 840 5096 «Noster
863 5038 962 5096 senier
1014 5057 1077 5109 ves,
1088 5042 1320 5112 saevientcllarte
1330 5041 1474 5099 dolentes.
1491 5043 1568 5098 Gens
1579 5057 1648 5115 quae
1658 5047 1786 5117 praeerat
1795 5059 1848 5100 na.

132 5140 317 5208 «1011111111
340 5131 459 5200 111101118,
483 5131 561 5206 proh
589 5128 691 5186 dolor!
721 5131 765 5183 est
792 5127 960 5186 defunctus.
1015 5132 1103 5188 vibus
1116 5131 1210 5202 adest,
1226 5131 1320 5206 portis
1327 5131 1356 5188 vi
1369 5129 1549 5205 patentibus.
1567 5131 1629 5188 Stat
1640 5147 1786 5189 mucrone
1800 5148 1849 5189 co-

132 5246 147 5276 «
162 5227 323 5282 Pracamur
335 5219 437 5277 miseri
448 5225 480 5276 ut
492 5219 523 5277 in
539 5221 638 5274 vestro
653 5217 833 5272 monasterio
859 5216 962 5290 sepeli·
1015 5235 1105 5276 rusco
1117 5219 1195 5276 acies
1214 5219 1293 5288 terri,
1308 5219 1432 5278 strictim
1445 5225 1552 5294 parata
1572 5203 1795 5292 ncciJJungunr
1814 5237 1848 5278 se

90 5361 96 5366 ·
131 5313 186 5372 “i
201 5327 272 5370 0⁰⁰¹
286 5309 411 5382 fffliflflb
425 5313 454 5368 θῑ
476 5323 603 5365 munem
625 5320 694 5379 qum
720 5305 806 5364 vobis
832 5307 963 5364 moriens
1015 5307 1230 5382 prebentibus,
1246 5308 1400 5366 hincinde
1415 5313 1560 5366 certantes
1575 5309 1760 5367 altrinsecus.
1777 5311 1849 5367 Cru-

132 5393 717 5476 1111111196111111111111111111111111111.
736 5417 749 5444 ν’
766 5394 807 5452 tlh
829 5412 962 5469 namque
1016 5396 1120 5454 daliter
1137 5398 1403 5472 perimuntomnes
1419 5414 1497 5472 quos
1511 5398 1664 5471 reperiunt
1679 5399 1771 5455 armis
1795 5398 1851 5456 ob-

130 5492 183 5550 tali
197 5491 381 5564 sophismate
396 5489 524 5562 decepti,
539 5485 684 5543 dandiset
698 5485 881 5559 accipiendis
898 5502 961 5542 mu·
1017 5491 1140 5548 stantes.
1153 5489 1284 5545 Tandem
1299 5487 1401 5545 linitur
1414 5487 1560 5557 duellum,
1576 5488 1672 5546 ehcul
1690 5493 1848 5562 perempto

131 5580 255 5640 neribus
269 5579 358 5655 quasi
370 5577 510 5636 excaeati
525 5573 756 5648 spoponderunt
771 5589 880 5647 corpus
890 5574 962 5631 reci·
1017 5580 1096 5632 eoetu
1111 5575 1471 5635 Christianorumcaetere
1478 5592 1612 5652 namque
1619 5590 1730 5634 manus
1739 5575 1849 5634 ssehffis
