3990 6184
85 159 143 220 titt
305 135 307 140 ’
656 155 702 214 or
722 154 863 215 narona
883 152 1094 216 nanturra
1114 149 1179 216 sat.
1705 163 1776 220 reta

7 253 11 282 Ι
83 282 308 342 canobii'Sancti
321 281 446 341 andraee
457 279 584 352 apostoli
598 283 627 338 et
644 279 892 338 restaurationem
907 281 933 336 Α
949 277 1022 339 forte
1037 281 1182 349 munitus,
1202 277 1278 352 jusit
1296 279 1527 343 undamentum
1549 298 1585 342 or
1603 283 1777 355 vulgaribus

82 387 140 445 qaae
159 388 260 430 eoram
276 371 381 444 positis
399 369 526 438 videtur,
542 373 571 426 et
583 369 692 439 legitur
714 367 894 428 sanctissimi
948 368 1778 447 sarispopularibusquequadrisfucalentissima3quam

83 461 206 518 Germani
220 459 358 533 praesulis
372 458 479 517 diriora
498 458 694 530 providentiae
713 457 837 530 quidem
852 456 894 515 fa·
948 471 1019 516 curn
1034 456 1121 518 altius
1136 459 1293 517 maurium
1308 460 1375 530 aius
1388 459 1420 517 in
1435 458 1621 530 longitudino
1636 475 1732 535 usque
1746 464 1779 526 iu

82 555 171 607 elsim:
188 549 371 608 clarissimus
390 546 519 614 Pontius,
535 547 586 606 vu
599 547 717 606 eximiae
731 544 894 606 nobilitatis
948 545 1068 616 triginta
1083 549 1141 604 tres
1156 547 1283 618 ouhitos,
1297 551 1326 604 et
1338 547 1369 604 in
1389 547 1545 606 lahtadine
1559 549 1688 622 penaio
1703 567 1778 624 qua·

82 637 293 711 probabilisque
316 639 394 706 vites,
410 639 594 694 conventum
617 635 801 694 dominantis
814 634 894 692 illius
949 634 1088 708 draginta
1102 635 1219 709 palmas
1240 636 1394 705 elevasset,
1417 637 1540 696 modam
1554 638 1585 696 ia
1604 639 1780 700 excedentia

82 726 197 784 oooobii
211 723 403 800 procurabat,
425 723 531 797 hisque
555 726 612 782 sith
627 722 893 783 transmeatorio.
949 739 1037 782 arcus
1056 724 1275 796 elegantissime
1302 726 1432 794 demisit,
1456 741 1549 786 causa
1569 727 1601 786 ia
1626 729 1778 804 prosperis

83 815 234 873 seniofredi
254 813 382 880 comilis,
398 812 451 885 qui
464 813 529 883 jam
542 828 627 886 spem
649 828 737 870 auam
753 813 784 870 iu
797 810 896 868 frueti-
949 811 1100 872 muriante
1119 814 1297 886 ;qaouiam,
1313 817 1345 872 ut
1358 814 1399 872 ait
1414 814 1551 886 qudam,
1566 815 1692 874 fehoitas
1707 817 1779 876 suh·

79 905 131 962 hus
144 904 336 962 relocaverat
349 902 448 972 honis,
459 907 488 960 et
499 902 610 962 viribus
618 907 709 975 atque
722 901 895 960 austeritate
947 901 1027 972 jecta
1053 907 1100 958 est
1125 919 1244 975 semper
1269 903 1413 973 adversis,
1437 904 1697 979 pertransientque
1710 922 1779 966 um

81 993 326 1066 potentiorinerat,
335 992 461 1065 provide
471 991 563 1048 armis
574 991 724 1064 patientiae
733 990 894 1060 fttlciretur,
950 989 1082 1062 plurimi,
1098 995 1127 1048 et
1140 991 1296 1064 multiplex
1311 991 1366 1048 crit
1378 991 1511 1050 scientia.

7 1123 9 1164 ξ
80 1098 173 1154 aoprm
186 1081 485 1152 ceterisgratieasaea
502 1079 534 1138 in
547 1080 821 1138 multishaheretur
835 1078 896 1137 ela·
986 1082 1056 1153 Ejm
1075 1083 1106 1139 in
1120 1083 1187 1139 loeo
1202 1097 1311 1156 nempe
1333 1082 1458 1154 rapitur,
1473 1083 1629 1150 atdeouit,
1654 1085 1781 1156 molus

80 1172 190 1243 galeris,
205 1171 253 1228 die
266 1171 401 1244 quadam
414 1169 470 1242 piis
482 1169 582 1228 verbis
590 1169 693 1228 extulit
702 1185 772 1226 aum
781 1168 894 1224 dicens:
949 1169 998 1226 val
1011 1170 1139 1228 cmlestis
1161 1172 1255 1228 homo
1279 1169 1427 1227 vuarinus
1441 1169 1605 1227 identidem
1623 1177 1781 1232 cxrnaena

81 1259 609 1334 locoquoprreaidsmusetpalsrnre
621 1258 781 1329 vigilantiae
797 1257 896 1314 officio
950 1257 1117 1330 basilicam,
1143 1259 1271 1332 parietes
1300 1259 1452 1315 succincto
1471 1273 1562 1332 opera
1585 1259 1616 1315 in
1639 1261 1781 1331 magmu-

79 1350 300 1424 dispeoaationis
314 1365 418 1408 curam
443 1349 630 1416 exhibemus,
647 1351 816 1406 Greemrem
831 1363 896 1412 om·
950 1347 1047 1404 aenda
1062 1347 1183 1405 fabricae
1190 1347 1465 1406 cumadmiratione
1474 1347 1780 1407 mirabiliinsahiiare

78 1440 154 1498 niam
166 1438 327 1510 magnifice
337 1437 485 1504 laedimus,
499 1438 645 1511 quoniam
659 1453 760 1494 rerum
774 1436 896 1494 racula-
950 1435 1052 1505 erexit,
1069 1437 1187 1508 fastigia
1201 1453 1273 1494 vero
1286 1436 1426 1494 culminis
1438 1437 1615 1510 proceritate
1625 1437 1716 1494 simul
1724 1443 1782 1496 tra·

78 1530 148 1586 num
162 1527 258 1598 magis
273 1527 416 1583 volumus
428 1527 592 1584 ambitione
606 1527 736 1583 &smodi
748 1541 843 1598 quarn
857 1525 897 1582 ad
950 1524 1034 1582 bium
1050 1530 1080 1582 et
1102 1531 1350 1583 ornamentorum
1366 1525 1545 1584 claritudine
1565 1525 1616 1582 illa
1631 1527 1780 1583 renuens-

78 1615 271 1688 reparandam
287 1613 414 1683 geminae
434 1614 604 1672 hostilitatis
628 1613 740 1670 boilum
764 1617 793 1669 et
811 1629 896 1669 aava
914 1628 935 1684 p
951 1614 1025 1672 sime
1047 1616 1173 1688 operuit.
1199 1616 1299 1672 Pnirm
1311 1629 1433 1688 quoque
1454 1614 1535 1671 edes
1554 1615 1651 1672 macti
1664 1621 1782 1672 senato-

78 1703 222 1760 seditionis
237 1702 382 1759 tumultus
407 1702 439 1758 in
457 1702 664 1775 perspectione
685 1701 897 1775 temporalium
950 1719 1028 1772 rum,
1045 1719 1112 1777 qaae
1138 1709 1166 1760 et
1188 1704 1408 1777 presbyterium
1428 1704 1782 1778 dieitur,etipsap1ani-

7 1815 9 1840 τ
79 1792 290 1865 [spiritualium]
314 1791 397 1864 quod
413 1795 473 1848 lieo
486 1791 604 1864 placeat
618 1790 763 1848 decertari
788 1795 817 1846 et
830 1792 896 1863 qui·
951 1793 1004 1848 ties
1020 1797 1104 1864 grato
1124 1809 1215 1866 opere
1235 1793 1331 1860 facta;
1356 1809 1448 1866 supra
1462 1808 1555 1865 quam
1574 1792 1780 1866 principialii·

77 1882 143 1938 dem
165 1897 222 1937 nos
246 1883 314 1953 post
336 1879 511 1936 dissemina
532 1879 631 1947 totius,
647 1885 680 1935 ut
704 1879 745 1935 ite
758 1879 896 1948 dixerim,
951 1881 1062 1940 chaelis
1077 1882 1169 1938 altare
1184 1882 1214 1937 in
1236 1885 1366 1953 quanm
1385 1881 1596 1952 pulcherrimis
1620 1881 1780 1952 columnis,

77 1969 140 2034 loei,
162 1973 231 2042 post
250 1968 368 2037 virgam
389 1967 498 2024 furoris
521 1967 582 2038 liei,
605 1966 779 2040 improvisis
798 1967 896 2022 orons
951 1985 988 2025 ex
1002 1972 1235 2039 agonoscemate
1249 1968 1345 2039 factis,
1364 1968 1478 2025 honore
1501 1968 1653 2038 condigno
1669 1970 1780 2026 statuit.

77 2058 141 2129 plus
166 2058 273 2114 virtute
301 2073 394 2130 quam
424 2056 566 2125 religione
592 2055 632 2111 ad
659 2070 735 2110 usus
760 2055 897 2110 omnium
952 2057 1152 2130 Totaquippe
1167 2057 1286 2113 illarum
1298 2056 1410 2112 hortm
1425 2055 1545 2113 artifieis
1566 2057 1694 2114 exterius
1706 2058 1783 2131 peri-

76 2161 110 2200 es
129 2146 233 2217 ineptis
247 2145 353 2200 officiis
367 2144 554 2199 decurrimus
568 2143 726 2210 beatiores,
749 2141 812 2200 sine
827 2157 897 2215 pra·
952 2144 993 2201 tia
1018 2143 1128 2219 politae,
1153 2145 1276 2202 interius
1304 2159 1376 2200 vero
1404 2149 1579 2211 excavatae3
1614 2146 1644 2200 in
1671 2145 1782 2217 quibus

75 2233 138 2305 prio
151 2231 259 2288 sudore
278 2235 385 2289 nostrae
398 2247 508 2288 manns
522 2231 562 2288 ab
575 2231 717 2286 omuibus
737 2231 899 2287 laudantur
953 2248 1038 2290 aram
1052 2249 1229 2290 mensuram
1251 2232 1389 2288 vastioris
1410 2232 1628 2301 grossitudinis,
1643 2237 1681 2300 et,
1697 2239 1729 2290 ut
1742 2234 1783 2290 ite

75 2327 217 2394 potestate
238 2319 438 2376 sublimiores.
459 2324 526 2392 lpse
540 2319 681 2391 denique,
704 2319 780 2374 sicut
793 2319 897 2386 nostis,
953 2323 1061 2389 dicem,
1074 2323 1216 2379 tredecim
1229 2321 1390 2395 semipedis
1404 2321 1496 2392 longa
1507 2327 1536 2378 et
1545 2336 1653 2378 novem
1668 2323 1781 2396 ampla,

76 2425 235 2483 peraquas
255 2409 353 2464 eudes
376 2423 505 2477 magnas
527 2407 633 2471 intulit,
654 2411 683 2462 et
704 2407 744 2463 oh
760 2408 899 2462 meritum
954 2411 1157 2484 omnibusque
1190 2409 1338 2466 columnis
1369 2409 1409 2466 ad
1437 2423 1505 2466 eam
1534 2410 1681 2467 introitur.
1716 2410 1783 2484 lpse
1807 2417 1811 2425 ’

74 2499 168 2572 eulpre
183 2497 390 2554 miserabiliter
402 2501 560 2569 superatus
575 2495 678 2569 periitr
691 2496 733 2551 sic
747 2510 900 2569 qaoqaea
955 2505 1056 2556 eutem
1079 2499 1159 2556 intus
1174 2514 1210 2554 ac
1224 2499 1296 2555 foris
1315 2498 1389 2554 nihil
1401 2499 1485 2572 quod
1497 2498 1617 2554 animas
1638 2503 1690 2556 eut
1701 2499 1784 2556 oculi

74 2585 293 2643 venerabilibus
308 2586 379 2641 viris
394 2585 622 2654 enbanignilate
633 2585 751 2655 jnratus
764 2589 793 2640 et
807 2584 900 2640 reior-
954 2591 1101 2646 mirentur
1115 2588 1216 2646 minus
1232 2603 1294 2662 prae
1309 2587 1448 2644 albedine
1473 2588 1576 2644 nimia.
1593 2587 1624 2643 ln
1648 2588 1783 2644 medium

73 2683 181 2743 matus,
195 2675 408 2747 regalibusque
427 2674 584 2746 praeceptis
607 2673 653 2729 rel
675 2673 838 2746 privilegiis
853 2687 900 2728 ro-
955 2678 1104 2751 siquidem
1120 2676 1354 2734 mmmsririfioae
1368 2676 1600 2732 cracismodam
1615 2673 1785 2733 intercludit

73 2767 204 2834 horatas,
219 2763 450 2837 periussionem
464 2762 630 2820 serenitatis
644 2767 754 2819 nostra
769 2762 809 2846 ad
823 2777 900 2834 opus
956 2768 1148 2838 terrigenum,
1164 2771 1193 2823 ot
1213 2765 1401 2839 profundiori
1424 2765 1491 2822 loco
1504 2766 1535 2821 in
1558 2765 1784 2822 invisibiliorem

72 2856 275 2914 intermissum
297 2859 440 2928 praestare
462 2855 542 2910 duco
567 2853 811 2926 supplementum
839 2867 901 2925 qao
955 2871 1046 2929 quem
1060 2854 1501 2927 ipseliierasolymisetilomee
1514 2852 1562 2910 vel
1576 2853 1783 2927 inaequilibaa

72 2946 174 3002 diluvii
197 2945 338 3017 impetus,
361 2944 405 3000 rel
434 2943 598 3000 fulminum
613 2943 689 2999 ictus
708 2943 804 3016 possit
825 2941 901 2998 ferre
916 2967 938 3021 0
955 2944 1029 3000 loeis
1039 2957 1151 3000 munus
1160 2943 1248 3010 datis,
1256 2942 1422 3015 altquando
1434 2942 1553 3012 magnis
1563 2941 1664 3015 pretiis
1684 2942 1785 3016 aequi-

72 3039 103 3092 et
126 3033 337 3096 inundationes
359 3032 530 3106 pluviarum
542 3032 574 3088 in
588 3047 674 3105 spem
689 3031 791 3103 gaudii
805 3031 902 3088 valeat
956 3034 1054 3100 eierat,
1070 3033 1150 3088 visus
1165 3035 1210 3087 est
1220 3029 1321 3086 ordiri.
1339 3032 1370 3085 ln
1386 3030 1481 3087 altiori
1492 3045 1601 3104 nempe
1613 3030 1708 3101 gradu
1722 3030 1786 3103 plu-

71 3124 154 3180 darn.
955 3121 1032 3178 rime
1046 3119 1158 3193 qulbus
1172 3119 1252 3174 idem
1267 3119 1351 3174 locus
1366 3115 1539 3184 expellebat,
1551 3123 1725 3174 sanctorum
1740 3118 1785 3190 pi·

109 3213 152 3269 td
167 3227 259 3286 quem
274 3211 322 3268 ille
336 3230 343 3267 ι
361 3231 375 3260 a
388 3211 471 3268 unde
484 3211 557 3266 mihi
572 3223 683 3266 nornen
697 3213 725 3265 et
739 3208 838 3265 landis
850 3209 902 3264 ho-
956 3225 1061 3281 gnore,
1073 3214 1101 3265 et
1113 3223 1181 3282 qaae
1194 3223 1211 3264 a
1222 3207 1367 3278 religiosis
1379 3207 1449 3263 siris
1464 3207 1542 3263 datae
1556 3211 1627 3264 sant
1640 3206 1784 3281 reliqua,

72 3303 163 3358 stiam
177 3303 223 3358 vel
236 3301 345 3360 animae
358 3315 433 3356 mete
448 3299 578 3356 lantiam
591 3299 628 3354 i»
645 3301 693 3354 Est
708 3298 900 3372 perperenis,
955 3302 1017 3355 tota
1031 3297 1138 3354 mentis
1153 3296 1261 3352 intuitu
1277 3299 1398 3368 totaque
1410 3291 1509 3351 cordis
1523 3293 1788 3362 derationabene-

70 3391 178 3462 inquit,
202 3405 264 3446 non
282 3387 383 3445 dicam
405 3387 541 3458 ecclesia,
570 3387 621 3443 sed
649 3387 814 3444 oratorium
833 3391 902 3442 anto
956 3387 1087 3443 dicentes
1102 3379 1787 3456 Deinostrielementiam,sepeliemutilenique

72 3477 222 3550 templum
250 3478 355 3534 domni
380 3477 528 3546 Germani,
558 3475 705 3532 lfichaelis
731 3474 902 3544 archangeli
955 3479 981 3532 is
1003 3475 1041 3531 de
1065 3487 1233 3546 quosupra
1247 3471 1402 3528 retulimus
1417 3471 1528 3527 chortm
1552 3471 1787 3527 reverendorum

69 3566 157 3623 attilo
190 3567 375 3635 insignitam,
405 3566 458 3638 qai
490 3565 647 3637 aliquoties
685 3579 703 3619 a
737 3563 903 3636 frequentia
957 3562 1324 3637 praesiduminnanrerosa
1334 3559 1789 3629 congeriessdvocatortrmeon·

69 3653 212 3708 omnium
226 3659 329 3710 manet
341 3653 507 3708 exclusum.
522 3653 581 3723 ipsi
595 3667 668 3722 ergo
683 3655 778 3706 toturn
793 3665 902 3723 corpus
957 3657 1101 3709 struetum
1114 3650 1208 3706 altare
1222 3648 1358 3721 mysticis
1372 3637 1571 3720 spiritualium
1581 3647 1789 3704 sanohficatio·

69 3740 207 3798 ecclesias
233 3755 302 3795 com
329 3739 548 3796 habitatoribus
575 3739 648 3808 sais,
672 3740 759 3809 juxta
780 3750 903 3793 sensum
957 3751 1031 3795 num
1046 3737 1289 3807 charismatibus,
1306 3741 1335 3791 et
1345 3737 1422 3790 sacri
1435 3735 1626 3790 charismatis
1640 3735 1788 3791 unedoni·

68 3835 165 3902 atque
177 3828 355 3902 sapientiam
369 3833 510 3894 vestram,
526 3828 556 3882 in
570 3825 735 3882 uindictam
749 3825 861 3898 patrie,
873 3825 904 3882 fn
958 3827 1015 3883 bus
1027 3825 1194 3880 delibatum
1205 3824 1244 3880 ad
1255 3822 1686 3893 immolandamltedemptoris
1696 3822 1790 3878 nostri

68 3917 272 3976 commodum
287 3919 437 3989 perpetue
450 3915 571 3985 militiae,
583 3915 728 3971 adversas
740 3914 904 3970 infructuo-
958 3914 1087 3972 hostiam
1102 3925 1171 3968 eam
1194 3911 1287 3984 ipsias
1312 3910 1498 3966 invocatione
1523 3909 1655 3966 muneris
1674 3911 1790 3981 magni-

68 4023 141 4064 eam
167 4004 383 4076 malignitatem
412 4003 528 4060 tlecenli
551 4005 665 4060 honore
693 4001 827 4058 funditus
851 4001 905 4057 eri·
958 4001 1132 4076 aqueiotitts
1145 3999 1259 4055 ordinis
1272 3997 1789 4055 laudibuserexerunt.lnaltaribus

70 4109 187 4166 gamas
212 4091 324 4150 aulam.
345 4093 433 4150 Tarne
455 4093 596 4165 princeps
616 4091 704 4164 quasi
728 4095 905 4164 conceptam
958 4087 1221 4147 intemmaoelesiee
1235 4085 1350 4142 nomini
1364 4101 1420 4141 suo
1432 4085 1539 4159 cuique
1551 4085 1791 4159 reliquiasmise-

68 4183 313 4239 misericordiam
332 4181 458 4238 fasanus
474 4181 630 4247 coacessit,
646 4183 674 4236 et
689 4180 730 4236 ait
746 4197 752 4234 r
779 4179 906 4236 Licitum
959 4185 1045 4248 rnnt;
1060 4183 1089 4234 et
1101 4175 1309 4248 undesemper
1319 4173 1463 4230 laudandi
1473 4175 1793 4247 assantperpetaalitar

68 4273 130 4328 erit
156 4271 293 4342 gloriosis
314 4270 455 4344 precihus
481 4269 624 4326 omnihus
648 4269 905 4342 prosequendam,
961 4285 1017 4327 usu
1037 4261 1240 4324 eodesiastioo
1257 4262 1445 4320 tradiderant
1465 4262 1696 4320 succedentibus
1716 4279 1791 4336 quo

67 4363 114 4418 ite
141 4365 176 4417 ut
200 4360 258 4416 suh
283 4359 394 4416 nablas
420 4359 573 4429 redigetur
598 4363 776 4432 potestatem
799 4361 829 4414 et
851 4357 906 4414 do·
959 4367 1018 4429 que
1033 4359 1096 4410 tarn
1119 4365 1175 4426 pro
1196 4351 1355 4408 stabilitate
1383 4349 1468 4423 regei
1489 4350 1597 4406 terreni
1615 4365 1710 4424 qnam
1734 4363 1791 4424 pro

68 4465 145 4506 mus
173 4449 290 4506 bomini
313 4450 344 4505 in
365 4448 507 4521 religione
530 4447 702 4505 attendam
729 4447 776 4504 vel
800 4448 907 4504 virtute
960 4442 1099 4500 facilitate
1112 4440 1197 4512 regni
1211 4439 1348 4497 scelestis.

68 4537 185 4596 Christi
206 4537 377 4610 summique
404 4535 551 4593 liioheelir
576 4536 691 4592 honore
717 4539 908 4591 construetur
996 4533 1039 4587 hx
1063 4529 1170 4602 melori
1195 4528 1280 4588 altari
1305 4527 1438 4600 reliquiis
1462 4527 1503 4582 ita
1525 4525 1679 4581 memoriae
1704 4536 1789 4582 mart·

67 4626 270 4699 infelicesque
298 4625 410 4680 inimici
436 4639 490 4697 per
517 4623 660 4679 eumdem
692 4623 908 4694 archangelum
959 4621 1127 4678 deserunt:
1148 4621 1217 4674 suut
1230 4617 1261 4672 in
1276 4617 1333 4672 hoc
1347 4613 1510 4671 venerabili
1529 4612 1614 4669 altari
1641 4613 1790 4687 imprimis

67 4711 248 4785 effugentur
268 4717 299 4769 et
317 4710 650 4786 persequantarpotius
674 4725 767 4783 quam
791 4709 909 4784 pertici
960 4709 1092 4782 reliquiae
1115 4705 1195 4763 illitis
1222 4703 1381 4760 salutiferae
1408 4701 1505 4758 crucis
1521 4701 1552 4757 in
1577 4717 1639 4774 qua
1654 4703 1715 4758 lter
1729 4717 1790 4758 em·

66 4809 211 4877 pentur3
230 4807 270 4872 et,
286 4805 319 4858 ut
332 4801 437 4858 merito
450 4801 567 4873 loquar,
584 4797 756 4857 sanctorum
771 4800 907 4857 omnium
960 4799 1068 4864 lorum,
1096 4795 1240 4853 Dominus
1259 4799 1360 4848 noster
1375 4790 1425 4847 liei
1446 4789 1546 4858 Filius,
1571 4791 1661 4848 tottam
1683 4791 1791 4848 mundi

66 4893 239 4967 primatem
254 4889 437 4966 superbique
457 4890 602 4946 Draconis
620 4889 763 4947 victorem
777 4889 909 4946 decelat
958 4886 1109 4963 passionis
1132 4885 1354 4939 sacramentam
1381 4878 1543 4951 compleuit
1563 4883 1592 4934 et
1610 4893 1722 4935 munus
1747 4893 1791 4935 re·

65 4985 142 5056 ejas
157 4983 316 5042 ecclesiam
331 4997 449 5040 sermm
464 4979 608 5049 obtineat,
623 4981 788 5053 potentiam
812 4977 908 5037 etha·
960 4976 1113 5036 missionis
1149 4987 1205 5046 pro
1233 4969 1407 5027 mortalium
1437 4968 1496 5026 vita
1524 4967 1653 5042 pertulit.
1687 4969 1791 5025 insunt

64 5073 147 5129 beat
162 5077 275 5130 sonem
291 5084 418 5138 meone,
431 5073 461 5126 et
479 5068 543 5142 ipse
568 5066 692 5139 belliger
716 5070 813 5126 celsus
833 5085 909 5143 pree—
961 5062 1143 5140 reliqniade
1158 5060 1304 5117 velamine
1325 5058 1434 5133 pannis
1458 5057 1570 5132 quihus
1583 5061 1728 5130 suscepta
1743 5057 1790 5112 ln·

65 5162 170 5218 sanim
185 5160 286 5218 saculi
303 5165 340 5217 sit
365 5159 447 5216 salas
471 5162 499 5214 et
526 5156 608 5213 omni
623 5159 788 5229 posteritati
813 5159 909 5232 gentis
963 5151 1142 5215 carnationis
1169 5149 1309 5206 decorem
1338 5145 1446 5222 puerili
1468 5147 1499 5202 in
1525 5159 1651 5219 corpore
1674 5145 1789 5202 obsitas

64 5256 199 5323 nostra,
222 5251 297 5322 dux,
319 5255 348 5307 et
373 5248 514 5306 defensor
528 5245 659 5318 novique
682 5247 776 5319 praelii
805 5249 909 5305 trium-
962 5243 1075 5304 mansit
1097 5242 1190 5298 homo
1205 5243 1235 5296 et
1249 5241 1335 5294 Deus.
1360 5240 1434 5294 Sunt
1457 5235 1589 5310 reliquie
1614 5235 1652 5291 de
1667 5233 1789 5291 sudario

63 5343 201 5415 phetor,
214 5347 245 5400 et
257 5341 315 5398 eibi
330 5338 500 5414 parentium
513 5335 652 5392 defensor
667 5336 816 5406 benignus
832 5338 910 5394 inve-
963 5333 1067 5408 capitis
1083 5329 1212 5401 Domini,
1236 5329 1266 5384 in
1281 5341 1342 5401 qao
1357 5326 1492 5382 laborem
1507 5324 1657 5400 passionis
1671 5325 1737 5395 ejus
1749 5321 1790 5378 ah

62 5430 192 5486 niatrru
964 5419 1136 5482 celsitudine
1165 5415 1328 5474 divinitatis
1356 5413 1548 5486 disjungitur,
1577 5417 1606 5468 et
1630 5409 1789 5468 infirmitas

107 5521 158 5574 lta
184 5531 258 5591 argo
271 5517 302 5574 ln
326 5528 421 5574 unam
438 5514 632 5573 humanitatis
657 5529 828 5573 sermonem
843 5513 909 5573 dili-
964 5515 1072 5570 nosne
1095 5503 1273 5579 cognitionis
1288 5502 1327 5560 ab
1346 5503 1412 5575 ejus
1425 5500 1558 5576 pomam
1572 5503 1790 5558 tormentorum

63 5608 259 5676 maimo
280 5611 435 5681 maraht,
450 5605 495 5662 vir
518 5605 638 5676 dignun
653 5605 790 5678 engelieo
802 5603 910 5665 matio
963 5595 1068 5660 labda-e
1082 5596 1238 5672 figurata.
1254 5597 1359 5652 meant
1379 5591 1513 5666 πηοί·
1534 5589 1687 5660 ΗΜ
1708 5589 1791 5650 Ν
