3996 6186
120 195 173 249 aas
413 194 460 249 na
480 163 596 252 casus
615 193 829 250 numanum
849 185 973 247 nucnu
993 186 1083 242 nram
1102 188 1199 246 vass.
1217 222 1251 232 -
1267 191 1333 248 eva.
1354 195 1388 249 11.
1408 191 1535 250 nonno.
1784 197 1837 254 sav

118 315 200 382 Ouid
209 315 329 373 hiscens
344 317 456 387 animo,
466 317 540 390 quid
553 316 647 374 volvis
662 333 742 373 nune
756 311 952 373 meditando?
970 315 995 367 h
1009 307 1088 366 done
1100 310 1231 381 edentes,
1243 316 1393 389 poputum
1417 317 1547 390 subque
1569 316 1683 376 fmudis
1697 319 1836 390 contagio

118 408 180 463 Cur
194 406 289 463 haeres
301 408 504 479 paterobtutu
517 405 634 463 defixus
645 407 676 462 ln
691 409 774 464 unc?
1006 398 1165 470 pollutum,
1182 404 1283 477 typico
1310 405 1493 479 baptismate
1515 405 1712 477 abluendum,
1739 423 1837 466 saero-

115 495 271 568 Ambigua
284 501 313 552 et
328 511 485 568 creperum
510 511 684 554 memorans
698 496 772 569 quid
800 498 899 551 mente
912 509 952 548 rs
1006 489 1101 544 saneti
1114 492 1246 564 corporis
1261 497 1290 550 st
1308 494 1464 565 sanguinis
1479 494 1584 551 Christi
1606 495 1748 552 abmonia
1759 497 1835 567 sagi·

804 585 952 657 [tractasi
1005 575 1152 634 nandum.
1175 581 1228 635 Per
1253 580 1350 652 nidos,
1377 597 1454 655 qnos
1480 583 1593 638 circum
1617 587 1736 639 montes
1752 581 1837 640 facia-

115 673 259 749 Quidqua,
273 679 374 748 stupes
385 691 488 732 casum
504 676 644 749 praesenij
660 681 738 733 ,orte
758 675 926 745 malignum
938 675 952 730 ‘i
1005 662 1088 732 bant,
1103 671 1290 726 vastatarum
1304 671 1424 727 urbium
1438 671 1552 728 moenia
1565 671 1779 729 reaedificanda
1793 672 1836 728 in·

114 764 230 821 ordine
244 764 325 821 fatali
336 769 405 839 post
420 766 514 822 musta
524 764 658 838 pericula
673 764 752 830 belli,
1004 752 1130 824 telligas.
1144 755 1207 813 Tibi
1221 773 1292 814 aves
1315 759 1503 816 diversarum
1533 760 1700 832 specierum
1721 761 1837 818 obtem-

113 854 273 910 Ferveutis
286 854 385 927 pelagi
399 858 468 927 post
485 870 697 927 aequoreosque
717 859 861 921 tumores,
1004 842 1162 914 peribunt,
1178 845 1231 902 libi
1244 846 1380 904 homissfls
1393 849 1581 906 diverwltlffl
1595 865 1759 919 temtum
1776 865 1836 906 Sel·

114 944 231 1016 Perpes
244 943 417 999 christicola
433 943 588 999 Franelsca
599 943 704 1000 celsior
719 942 798 1011 aula,
1004 931 1112 988 νῑθῦίῑθ
1123 935 1281 992 &dubitati
1297 935 1471 995 obedient.»

112 1031 258 1088 Patritius
274 1032 386 1089 meritis
401 1031 561 1088 florescens
572 1033 639 1104 jure
653 1031 780 1099 valebis,
1040 1020 1091 1076 His
1105 1021 1195 1092 igitur
1207 1023 1390 1082 mirabilium
1403 1026 1674 1100 interpretationem
1688 1028 1835 1085 sermoni-

112 1121 280 1178 Emerjium
296 1127 325 1178 01
335 1122 436 1194 capies
451 1120 604 1191 condigna
618 1138 717 1178 merce
728 1136 883 1190 coronam,
1005 1108 1061 1164 bus
1077 1109 1160 1167 ltollo
1174 1111 1365 1181 exhilaratus,
1391 1115 1513 1170 visionis
1541 1131 1602 1171 suae
1630 1117 1833 1192 interpretem,

111 1215 149 1266 {fl
165 1227 346 1284 summoque
357 1211 439 1267 bono
450 1210 558 1268 deitate
578 1211 740 1268 mel-eberis
754 1210 805 1267 uti,
1003 1202 1187 1273 caeterosque
1202 1216 1280 1274 qUOS
1293 1201 1373 1259 helio
1397 1207 1516 1276 ceperat
1540 1204 1645 1260 vinciis
1673 1204 1760 1262 SOivii
1781 1222 1834 1262 VR·

154 1300 229 1355 Cum
243 1298 530 1371 autemhujusmodi
547 1299 822 1373 perturbationibus
847 1298 951 1355 sollici·
1001 1285 1115 1359 ‘iisque
1131 1290 1308 1346 muneribus
1323 1297 1353 1348 01
1377 1291 1466 1348 donis
1495 1292 1621 1349 diversis
1649 1293 1769 1361 ditatos,
1796 1292 1835 1350 ad

112 1391 167 1443 tus
186 1388 320 1456 hereret,
349 1387 550 1460 hominesque
576 1387 707 1458 regionis
733 1386 813 1442 illius
844 1383 950 1440 ditioni
1004 1376 1157 1433 sualaetos
1180 1379 1304 1436 remisit.
1335 1384 1376 1437 Eo
1394 1397 1527 1454 namque
1541 1385 1674 1455 tempore
1701 1397 1754 1438 rex
1780 1387 1837 1438 An-

112 1492 181 1531 suse
195 1475 345 1532 fidelitatis
359 1475 454 1545 gratia
468 1475 649 1549 vinculoque
665 1491 730 1531 sese
741 1474 947 1546 subjugarent,
1003 1465 1122 1537 giorum
1138 1467 1418 1540 christianissimus,
1443 1469 1566 1526 11011¹iss⁰
1591 1470 1749 1536 alstemus,
1775 1485 1837 1525 011]-

111 1561 253 1633 quadam
268 1569 355 1621 nocte
378 1564 543 1638 soporifera
556 1564 644 1621 lethei
669 1564 754 1620 malis
771 1562 869 1636 quiete
896 1575 949 1634 per
1003 1554 1088 1610 nium
1103 1554 1254 1612 bonorum
1271 1557 1362 1614 titulis
1376 1562 1548 1627 exornatus,
1574 1563 1771 1615 sacrosanctae
1787 1561 1838 1613 Ec·

113 1651 370 1709 membralenlter
385 1658 532 1726 serpente,
545 1654 645 1710 videre
654 1652 812 1710 videbatur
826 1649 948 1725 praecel-
963 1662 984 1716 Β
1004 1642 1100 1700 clesioe
1127 1645 1302 1718 praedignus
1322 1647 1500 1715 advocatus,
1517 1647 1653 1704 habenas
1680 1647 1766 1717 regni
1779 1649 1837 1703 hn-

112 1738 290 1797 lentissimis
304 1741 460 1814 quondam
475 1742 659 1816 praecelsiore
686 1741 847 1799 Franelsoae
861 1740 946 1796 babi-
1005 1734 1123 1804 glorum
1137 1734 1317 1792 moderabat
1328 1735 1491 1809 piissimus·
1518 1737 1569 1794 Cui
1598 1737 1741 1794 continuo
1754 1735 1838 1794 nouo

113 1829 533 1905 tationismontasepositum
551 1832 699 1904 :eiusque
715 1831 825 1887 monus
852 1829 883 1886 in
898 1846 948 1886 aa·
1002 1820 1117 1890 legatos
1131 1838 1202 1878 suos
1214 1822 1305 1890 mrsu,
1332 1827 1360 1880 et
1382 1823 1456 1896 quid
1483 1823 1616 1881 dicerent
1636 1825 1761 1880 auribus
1775 1823 1839 1880 rua

111 1917 365 1975 cuminefontem
379 1920 526 1994 liquidum
546 1927 573 1977 et
588 1921 781 1988 odoriferum,
804 1935 895 1992 seque
917 1919 948 1975 in
1002 1911 1172 1984 tumidius
1200 1910 1356 1968 intimavit·
1386 1912 1442 1978 Qui
1468 1913 1619 1969 venientes
1636 1912 1676 1969 ad
1698 1927 1767 1968 eum
1781 1928 1837 1985 pto

111 2021 152 2062 eo
169 2005 263 2074 ablui,
274 2012 303 2063 et
315 2008 354 2064 ab
366 2025 402 2064 eo
416 2009 528 2082 expiari
542 2009 720 2080 contagione
733 2008 822 2083 leprae
838 2013 948 2082 etpru-
1002 1999 1083 2055 vocis
1126 1999 1245 2068 affectu,
1287 2001 1455 2057 summifsis
1491 2000 1621 2057 vultibus
1667 2000 1836 2058 dixerunt:

113 2089 214 2158 rigine
229 2092 476 2149 contaminatum.
494 2095 624 2166 lienique
638 2092 716 2149 illius
732 2093 844 2149 montis
862 2109 949 2149 cacu-
1002 2110 1016 2139 a
1038 2089 1181 2146 Animum
1212 2090 1502 2162 prepotentissimus
1534 2089 1691 2163 patricius,
1715 2091 1838 2163 duxque

110 2177 199 2233 mine
211 2178 311 2235 adhuc
326 2186 474 2252 superstes
487 2181 565 2237 cirea
578 2180 675 2237 basim
690 2181 768 2237 illius
783 2182 851 2238 hinc
867 2181 946 2251 inde,
1002 2181 1156 2236 Dacorum.
1174 2179 1476 2251 precellentissimus,
1506 2179 1590 2237 ltollo
1613 2185 1715 2236 noster
1739 2179 1838 2236 senior

111 2269 142 2320 et
153 2265 341 2334 altrinsecus,
357 2266 452 2324 mvilta
465 2267 560 2325 millia
573 2269 675 2325 avium
690 2268 881 2326 diversorum
897 2285 947 2340 ge·
1001 2271 1030 2324 et
1042 2266 1206 2323 advocatus
1222 2267 1274 2322 tibi
1299 2267 1387 2324 fidele
1410 2267 1576 2339 servitium,
1592 2269 1711 2341 tuisque
1736 2267 1838 2324 amicl-

111 2369 236 2424 nerum,
251 2355 324 2411 varii
337 2355 454 2425 coloris,
468 2357 605 2414 sinistras
621 2357 684 2415 alas
704 2359 778 2431 quin
793 2359 882 2415 etiam
897 2375 949 2414 ru·
1001 2355 1048 2412 tire
1063 2371 1175 2412 munus
1188 2355 1410 2411 inconvulsum.
1435 2359 1586 2427 Magnum,
1613 2357 1735 2413 domine
1764 2357 1835 2430 ltex,

112 2443 266 2500 bicundas
279 2444 466 2502 habentium.
495 2448 629 2513 duarum
644 2447 760 2503 diffuse
775 2447 863 2520 longe
876 2447 949 2504 late·
1002 2444 1099 2501 ltaaiae
1111 2459 1204 2514 regno
1218 2443 1413 2501 infortunium
1425 2459 1594 2518 perpessos,
1610 2450 1639 2501 et
1654 2445 1763 2514 habeo,
1778 2446 1838 2503 heu

112 2547 176 2606 que
191 2532 389 2590 multitudinis
404 2534 617 2592 inexhaustam
631 2535 848 2592 extremitatem
868 2551 950 2609 pers-
1002 2531 1104 2588 dolor!
1122 2532 1327 2588 fraudulenter
1337 2532 1560 2600 exterminatos,
1577 2535 1672 2588 Eurus
1687 2533 1838 2589 obnoxius

113 2619 214 2691 picaci
229 2625 258 2676 et
272 2627 432 2693 angustato
447 2623 554 2680 obtutu
581 2640 644 2681 non
671 2623 788 2697 poterat
816 2639 951 2697 compre·
1004 2621 1092 2677 nobis
1130 2621 1260 2694 penitus,
1289 2621 1612 2692 intumescentiumque
1639 2621 1839 2694 procellarum

113 2708 259 2765 bendere.
274 2713 419 2768 ceteras
435 2713 611 2783 congruenti
625 2713 744 2769 incessu
766 2717 856 2786 atque
870 2711 951 2768 vola·
1003 2709 1184 2766 elationibus
1199 2707 1335 2775 afflictos,
1358 2708 1462 2765 vestris
1476 2707 1590 2764 finibus
1604 2707 1731 2781 appulit,
1756 2709 1839 2766 omni

114 2801 147 2853 tu
162 2812 216 2853 eas
230 2797 419 2856 siblalternis
435 2801 551 2858 vicibus
566 2801 696 2858 invicem
711 2801 858 2867 cedentes,
882 2801 949 2857 fon·
1004 2797 1108 2870 speiet
1123 2795 1227 2853 salutis
1241 2796 1382 2869 praesidio
1402 2796 1544 2870 privatos.
1575 2799 1649 2853 Cum
1676 2801 1777 2853 eutem
1793 2811 1841 2853 eo-

113 2888 177 2940 tem
191 2886 303 2942 montis
315 2891 544 2962 petere,easque
555 2905 586 2946 se
596 2889 784 2946 convenienti
798 2890 949 2946 natatmne
1003 2903 1146 2944 naremur
1165 2886 1285 2943 Daciam
1300 2890 1442 2960 repetere,
1459 2890 1488 2943 et
1501 2900 1557 2942 nos
1583 2885 1621 2944 de
1636 2885 1764 2942 inimicis
1788 2901 1840 2943 nc-

113 2972 204 3030 sicuti
215 2973 311 3032 solent
335 2980 468 3051 tempore
483 2977 588 3034 futura
608 2977 717 3050 pluviae
732 2977 863 3034 abluere.
880 2979 985 3068 θυι-0
1003 2978 1055 3034 tris
1070 2976 1232 3043 vindicare,
1255 2975 1369 3032 obstitit
1396 2981 1425 3033 et
1450 2974 1613 3032 interclusit
1633 2992 1689 3032 nos
1705 2975 1837 3047 glacialis

112 3062 267 3136 vribusque
287 3064 365 3122 mira
393 3065 542 3123 infusione
568 3067 720 3139 delibutis,
741 3082 874 3139 congrua
899 3083 950 3124 eas
1004 3067 1113 3134 hiems,
1130 3065 1258 3139 geluque
1273 3069 1424 3122 crustante
1436 3072 1556 3135 terram,
1572 3069 1601 3122 et
1615 3065 1765 3138 affligente
1784 3066 1838 3124 lle·

114 3152 248 3209 statione
273 3153 336 3209 sine
364 3155 542 3212 discretione
561 3172 706 3228 generum
722 3162 751 3213 et
770 3158 949 3230 specierum,
1003 3155 1078 3211 biles
1091 3155 1255 3210 herbarum
1270 3158 1299 3210 et
1313 3153 1457 3210 arborum
1473 3169 1586 3219 comas.
1616 3155 1711 3212 densa
1727 3154 1837 3224 glacia-

113 3240 180 3296 sine
191 3240 254 3296 ullo
264 3243 462 3300 contentionis
470 3244 580 3316 jurgio,
596 3249 703 3302 mutuo
717 3245 849 3302 vicissim
861 3250 951 3320 pastu
1003 3243 1078 3300 lium
1093 3242 1171 3300 mole
1186 3243 1334 3300 refrenata
1357 3247 1527 3300 crustarum
1554 3246 1725 3299 struxerunt
1750 3242 1838 3298 nobis

112 3329 206 3402 quasi
228 3330 425 3388 amicabiliter
447 3333 622 3402 comedere3
648 3350 760 3408 easque
788 3335 951 3408 deportatis
1005 3349 1127 3390 murum
1155 3332 1292 3390 flumina.
1314 3335 1372 3389 Nec
1399 3330 1529 3406 praebuit
1550 3331 1639 3387 nobis
1660 3331 1838 3404 piosperum

112 3418 297 3475 ramusculis
332 3421 482 3478 festinanti
514 3421 618 3479 labore
659 3423 814 3480 nidificare
839 3442 846 3480 z
876 3425 949 3498 quin
1003 3423 1058 3479 iter
1079 3421 1171 3478 unda.
1199 3421 1361 3477 audientes
1390 3421 1517 3494 quidam
1544 3419 1653 3476 milites
1672 3420 1703 3476 in
1718 3417 1839 3476 confine

113 3510 209 3566 etiam
238 3525 300 3566 sure
327 3509 450 3568 visionis
477 3511 603 3585 imperio
630 3513 795 3570 voluntarie
815 3531 952 3571 succum·
1004 3512 1097 3569 nostri
1112 3511 1261 3568 adventus
1271 3509 1840 3590 commorantes,prsemaximamaciem

109 3599 197 3656 bere.
213 3603 280 3658 llox
294 3600 529 3673 expergefactus,
544 3606 573 3658 et
586 3603 710 3659 visionis
731 3619 824 3676 quam
837 3603 951 3661 viderat
1004 3605 1109 3657 contra
1122 3615 1178 3656 nos
1193 3603 1374 3667 struxerunt,
1399 3614 1515 3671 nosque
1547 3598 1730 3656 lacescentes
1755 3597 1838 3654 inva-

114 3689 325 3758 rcminiseens,
336 3689 486 3746 accersitis
498 3691 664 3762 majoribus
677 3692 859 3765 principum,
882 3709 951 3768 cap-
1004 3693 1115 3745 serunt.
1132 3693 1190 3744 Nos
1204 3703 1341 3744 veronec
1367 3687 1424 3744 sub
1437 3687 1574 3759 glaciem,
1590 3703 1645 3744 nec
1665 3702 1758 3761 supra
1785 3701 1838 3744 na-

115 3778 217 3852 tisque
236 3777 339 3850 praelio
362 3779 549 3852 principibus
577 3779 666 3836 simul
692 3781 803 3848 ascitis,
828 3797 950 3838 omnem
1003 3778 1106 3848 vigere
1121 3776 1264 3840 valentes,
1284 3775 1403 3831 illorum
1417 3775 1549 3830 audacie
1568 3774 1743 3841 restitimus,
1759 3772 1835 3829 mul·

115 3867 211 3938 bujus
233 3867 358 3924 visionis
387 3867 492 3924 seriem
520 3868 725 3926 inconstanter
745 3870 894 3938 disseruit,
922 3876 951 3927 et
1004 3863 1242 3937 tosqueillorum
1268 3862 1372 3936 praelio
1399 3865 1569 3917 exarmatos
1596 3861 1741 3933 cepimus.
1773 3862 1838 3914 Non

116 3955 194 4027 qnid
219 3956 311 4026 hujus
330 3956 452 4012 visionis
487 3956 648 4029 mysticum
682 3957 824 4014 sentirent
847 3958 887 4014 ab
908 3958 951 4015 eis
1006 3958 1245 4022 autemregnnm
1264 3956 1350 4008 turim
1365 3946 1629 4021 depopulabimus,
1651 3961 1707 4003 nec
1721 3945 1839 4020 praedas

116 4041 251 4114 inquirit.
275 4047 356 4100 Tunc
392 4044 507 4100 cunctis
540 4045 768 4111 conticentibus,
794 4051 951 4119 captorum
1006 4046 1251 4115 usquamraptas
1266 4041 1303 4095 ad
1318 4034 1839 4106 navesvertemus.Vendendiatque

116 4146 199 4186 unrrs
216 4132 388 4190 Christianae
410 4133 561 4205 religionis
587 4133 648 4191 fide
671 4134 816 4205 imbutus,
841 4151 952 4208 presa·
1006 4129 1128 4188 emendi
1141 4133 1327 4203 sequestram
1342 4141 1449 4200 pacem
1475 4124 1617 4197 petimus,
1640 4123 1712 4197 quia
1738 4123 1838 4180 immi·

118 4219 230 4293 gioque
246 4220 356 4278 divinae
383 4221 585 4295 inspirationis
612 4239 763 4297 aspersus
790 4225 950 4298 mysticum
1007 4219 1104 4278 nentis
1118 4219 1196 4274 veris
1212 4221 1347 4289 tempore
1359 4215 1400 4270 ad
1413 4213 1570 4270 Franciam
1583 4212 1838 4287 proficiscemur.»

118 4309 198 4366 illins
237 4311 360 4368 visionis
391 4311 572 4368 intellectum
605 4312 786 4386 explanavit,
820 4315 950 4372 dicens:
1008 4313 1182 4365 Rexuutflm
1196 4305 1324 4362 hilarem
1342 4303 1458 4360 vultum
1487 4302 1668 4370 submissus,
1688 4301 1736 4358 ¹15⁵
1751 4302 1838 4358 andi·

120 4399 235 4454 «Mons
251 4402 379 4456 nanctae
393 4417 456 4473 quo
471 4405 549 4457 stare
557 4401 720 4472 videbaris,
737 4402 950 4460 Ecclesiaillins
1008 4398 1044 4454 tis
1053 4395 1195 4470 profatur
1210 4413 1217 4451 :
1235 4417 1249 4444 a
1264 4393 1348 4450 Nulla
1360 4392 1446 4450 tellau
1454 4391 1537 4449 effert
1549 4393 1625 4449 viros
1636 4392 1734 4462 magis
1744 4407 1838 4464 quam

120 4487 306 4558 designatur.
325 4491 411 4557 Fons,
434 4490 487 4562 qui
514 4490 544 4546 in
564 4491 736 4547 summitate
749 4491 859 4547 montis
879 4497 951 4562 erat,
1009 4487 1097 4544 Dacia
1110 4483 1443 4558 praecipuos,armisque
1455 4485 1574 4539 suenus
1586 4481 1718 4539 edoctos.
1733 4482 1839 4536 Paren-

120 4577 952 4654 baptismusrsgenerationisinterp1·etatur.l’erlepram
1007 4577 1097 4634 telam
1109 4570 1225 4631 diffusa
1239 4572 1445 4644 generositatis
1470 4572 1559 4630 vestri
1585 4571 1719 4637 senioris,
1735 4583 1838 4624 casus-

121 4673 150 4723 et
159 4667 357 4740 pruriginem,
386 4683 448 4740 qua
475 4667 602 4724 infectus
626 4683 703 4734 eras,
732 4670 953 4728 commissionis
1007 4681 1066 4739 que
1080 4667 1110 4721 et
1122 4663 1241 4720 labores
1250 4666 1378 4731 vestros,
1403 4661 1477 4734 quin
1499 4660 1588 4717 etiam
1614 4654 1838 4714 fraudulentam
1948 4733 1953 4745 .

121 4763 180 4812 tuae
192 4755 304 4812 scelera
313 4761 341 4812 et
354 4761 477 4830 peccata
489 4757 721 4814 animadvertas.
733 4761 770 4814 Te
782 4758 813 4813 in
824 4775 860 4815 eo
870 4759 953 4818 ablui
1008 4755 1166 4830 perfidiam
1181 4753 1277 4810 Daciae
1304 4752 1383 4822 regis
1407 4750 1495 4807 nobis
1521 4749 1685 4806 retulerunt
1706 4744 1837 4818 plurimi.

122 4850 151 4902 et
163 4845 203 4901 ab
217 4860 254 4900 eo
267 4845 357 4917 leprae
372 4833 594 4918 pruriginisque
607 4846 715 4903 morbo
736 4849 908 4920 expurgari,
925 4852 952 4905 te
1007 4849 1099 4904 Nemo
1115 4844 1232 4900 seniore
1244 4847 1344 4910 vestro
1354 4841 1464 4912 justior
1478 4839 1508 4894 in
1520 4837 1614 4903 factis,
1629 4850 1720 4892 nemo
1741 4833 1840 4904 major

122 4935 243 4992 lavacro
256 4933 331 4990 sacri
355 4933 544 5007 baptismatis
558 4933 736 5006 regenerari,
762 4939 792 4992 et
806 4935 844 4992 ab
857 4937 952 4994 omni·
1006 4934 1038 4990 in
1050 4932 1153 4990 armis.
1166 4931 1258 5002 liujus
1272 4928 1384 4998 negotii
1399 4941 1488 4983 curas
1514 4923 1656 4992 seducite,
1684 4935 1839 4976 armorum

123 5025 181 5080 bus
195 5021 505 5097 peccatisemundari.
528 5024 582 5078 Per
604 5022 741 5080 volucres
754 5023 951 5080 'diversorum
1007 5021 1115 5091 securi,
1129 5018 1302 5094 praellorum
1316 5014 1609 5088 impatientes‚atque
1622 5010 1758 5067 omnium
1774 5025 1840 5066 ma·
1954 5033 1955 5036 ¹

125 5128 268 5186 generum
281 5111 373 5168 laevas
388 5111 452 5168 alas
472 5110 618 5168 habentes
645 5113 798 5185 puniceas,
820 5129 951 5186 quarum
1004 5111 1106 5170 lorum
1116 5109 1266 5166 immunes
1278 5111 1380 5162 estote.
1397 5101 1588 5160 liceatvobis
1604 5099 1776 5175 ubieunque
1786 5105 1843 5158 ter·

125 5200 357 5260 infinitissimam
384 5199 599 5257 extremitatem
623 5201 779 5258 exhaurire
800 5202 867 5258 visu
890 5218 952 5259 non
1006 5215 1110 5258 rarum
1125 5201 1235 5252 nostre
1249 5195 1369 5251 ditionis
1384 5191 1512 5248 vendere
1525 5194 1555 5246 et
1569 5205 1677 5246 emere.
1704 5191 1840 5247 Vestrum

126 5297 254 5368 poteras,
267 5289 404 5347 homines
419 5289 604 5347 diversarum
617 5289 840 5364 provinciarum
855 5294 953 5347 scutu-
1008 5287 1168 5366 seniorem,
1182 5299 1352 5356 precamur,
1369 5281 1476 5351 cogite,
1502 5283 1534 5336 ut
1549 5283 1658 5336 nostrae
1683 5278 1753 5337 fidei
1767 5279 1840 5336 inte·

126 5381 185 5440 lata
198 5378 333 5436 blacchia
347 5377 502 5445 hahentes,
519 5378 620 5449 tuique
635 5377 731 5433 eflecti
752 5377 866 5444 fideles,
877 5394 954 5451 quo·
1010 5376 1115 5449 gritate
1130 5373 1268 5444 dignetur
1283 5372 1322 5428 ad
1333 5387 1389 5428 nos
1404 5369 1516 5441 venire,
1531 5368 1602 5442 quia
1617 5384 1685 5425 eum
1701 5368 1840 5426 desidero

128 5487 193 5528 rum
207 5469 399 5525 innumeram
425 5467 647 5524 multitudinem
662 5464 866 5522 coadunatam
875 5467 955 5524 vide·
1009 5465 1129 5537 intueri,
1146 5477 1296 5537 superque
1305 5460 1393 5517 malis
1407 5460 1469 5516 suis
1484 5459 1583 5517 solari.
1602 5481 1616 5508 »
1630 5458 1840 5514 Abeuntesau-

129 5560 182 5625 bis,
198 5557 301 5614 animo
314 5557 532 5631 deprehendas.
550 5559 603 5612 Per
630 5553 713 5610 alites
728 5553 808 5609 fonte
829 5553 955 5622 infusas,
1011 5560 1072 5612 tam
1088 5551 1182 5618 missi,
1197 5565 1385 5624 quaecunque
1411 5548 1569 5605 audierant
1594 5545 1840 5603 renuntiaverunt

131 5647 194 5708 etin
210 5663 246 5704 eo
258 5645 426 5705 alternatim
443 5645 573 5715 miuus,
600 5642 815 5715 communique
840 5658 956 5700 comes·
1012 5641 1139 5702 ltolloni.
1155 5639 1310 5713 Extemplo
1332 5637 1415 5698 ltclto
1429 5638 1572 5695 audacter
1586 5639 1615 5694 et
1635 5634 1842 5690 incunctanter
