3984 6182
113 139 163 220 cci
446 161 448 164 ·
713 229 716 236 ⁴
924 143 1077 210 uoueri.
1772 160 1826 218 aaa

114 283 304 352 clamaverit,
320 299 356 340 ac
367 281 429 364 suis
444 281 584 339 fidelibus
611 279 796 338 concambiis
822 274 983 337 reduitisA
1000 277 1130 336 illiorum
1137 277 1359 350 lingonisregis
1374 282 1403 334 et
1413 279 1787 360 ilenrici,ltobertiquoque
1797 290 1827 344 et

4 367 13 448 ,ζ
115 374 245 432 abbatiae
259 371 415 448 propriam
430 375 539 428 terram
553 386 610 444 pro
622 373 706 441 perte
719 367 853 424 maxima
867 362 948 421 resti·
1002 368 1123 438 Odonis,
1139 371 1179 427 ad
1188 370 1312 428 tutelam
1322 368 1455 443 praedicti
1465 370 1639 426 monasterii
1647 373 1825 432 lliciacensis

1 516 12 539 1,
115 464 214 521 tuerit.
228 461 370 518 PraeIatus
385 461 474 531 igitur
486 475 588 516 comcs
604 458 774 531 Stephanus
797 452 949 511 humiliter
1001 457 1060 514 hoc
1073 464 1183 516 nostrae
1196 461 1286 533 regiae
1300 458 1454 532 dignitatis
1470 462 1656 532 preceptum
1668 461 1824 535 edidimus,

10 567 11 570 ’
115 552 237 628 expetiit
249 555 279 608 ut
293 554 443 624 praecepto
456 553 565 606 nostrae
579 547 763 605 auctoritatis
789 543 950 602 confirme-
1002 551 1035 604 ut
1054 547 1169 622 absque
1184 550 1245 606 ullo
1254 548 1450 607 incommodo
1461 547 1605 606 tratribus
1632 547 1744 605 ibidem
1769 553 1828 610 Deo

1 632 12 659 ⁵¹
116 659 219 700 remus
233 645 384 716 quatenus
399 643 509 696 terram
524 654 620 712 quam
632 642 717 711 pater
728 652 800 692 suus
814 633 856 690 ibi
883 630 949 690 red·
1002 637 1198 695 servientibus
1233 640 1472 698 emolumentum
1508 637 1669 713 proveniat
1690 637 1829 710 salcime,

117 731 194 790 didit
208 731 270 788 sive
279 729 414 797 donavit,
427 729 475 785 vel
487 727 552 802 ipse
564 728 664 785 adhuc
675 727 801 784 daturus
815 728 871 791 est,
896 739 949 779 seu
1002 731 1201 801 nostrumque
1216 730 1298 803 apud
1315 729 1381 787 illos
1403 733 1585 802 perpetuum
1608 731 1744 786 teneatur
1768 743 1832 784 me·

117 821 168 879 alii
181 819 306 894 quilibet
317 825 323 868 l
330 817 473 874 'hristiani
486 821 516 873 et
528 816 664 873 Ecclesiae
676 815 780 872 fideles
792 830 828 870 ex
854 813 949 869 dona·
1003 815 1139 874 mortale.
1156 817 1368 875 praedictorum
1381 817 1471 889 igitur
1483 817 1707 892 privilegiorum
1729 822 1832 876 tenore

1 970 12 994 ν
117 911 198 968 tione
214 909 313 966 daturi
328 912 408 976 sunt,
424 907 503 964 banc
518 903 950 980 ipsaabbatiatirmitertenere
1003 906 1202 974 considerato,
1217 906 1257 962 ad
1271 907 1408 964 notitiam
1422 908 1591 966 futurorum
1603 908 1717 983 placuit
1741 906 1831 966 nobis

118 1001 189 1058 etin
204 1005 384 1075 perpetuum
398 997 511 1055 valeret
524 996 689 1070 possidere.
706 995 798 1068 cujus
810 992 950 1068 precibus
1002 995 1034 1053 in
1047 996 1105 1052 boc
1118 997 1306 1069 pragmatico
1316 997 1488 1054 confirmari
1504 1001 1533 1054 et
1547 999 1684 1056 adnotari
1708 1016 1830 1073 posses-

1 1153 2 1158 ,
117 1090 248 1148 liberiori
262 1089 357 1162 gratia
367 1089 535 1162 praebentes
547 1103 718 1154 assensum,
742 1083 867 1141 consilio
894 1097 949 1138 no·
1003 1085 1102 1142 siones
1120 1102 1189 1159 quae
1203 1085 1233 1142 in
1249 1085 1399 1159 predictis
1413 1091 1442 1143 et
1451 1087 1482 1143 in
1495 1086 1561 1143 aliis
1592 1103 1699 1159 regum
1711 1089 1830 1164 privile·

119 1185 249 1238 strorum
276 1178 447 1254 principum
462 1177 618 1250 nostrique
643 1175 727 1246 regni
752 1173 948 1248 primatuum,
1003 1173 1059 1244 giis
1072 1174 1314 1245 continebantur,
1342 1191 1420 1249 quas
1449 1174 1673 1248 presentialiter
1695 1177 1829 1250 eJusdem

4 1271 10 1281 '
118 1269 204 1344 quod
218 1268 370 1325 humiliter
383 1267 513 1340 expetiit,
527 1265 687 1323 efficaciter
698 1264 860 1338 impetrare
883 1277 950 1334 pro·
1003 1263 1132 1320 coenobii
1144 1264 1250 1320 tratres
1264 1265 1360 1335 gratia
1375 1265 1425 1321 Dei
1437 1279 1540 1320 secure
1561 1269 1589 1320 et
1613 1265 1713 1338 quiete
1734 1267 1829 1338 possi·

0 1429 2 1432 ι
118 1357 236 1415 meruit.
253 1357 315 1413 Hoc
325 1356 415 1429 igitur
428 1359 539 1412 nostrae
562 1352 745 1411 celsitudinis
768 1353 949 1426 praeceptum
1003 1353 1084 1410 dant,

119 1443 183 1501 lieri
195 1445 351 1517 jussimus,
364 1460 418 1518 per
431 1444 515 1517 quod
529 1443 722 1517 praecipimus
735 1445 824 1514 atque
850 1437 946 1494 firma·
1039 1442 1120 1498 Prior
1134 1447 1181 1499 est
1205 1441 1317 1498 fundus
1344 1441 1524 1500 lliciacensis
1548 1459 1618 1498 cum
1642 1441 1830 1515 appendiciis

114 1549 188 1600 ‚mus
203 1537 236 1588 ut
247 1531 398 1606 quidquid
412 1531 555 1600 praedicta
569 1530 691 1587 abbatia
705 1529 745 1587 ad
762 1542 895 1604 praesens
907 1529 949 1581 te·
1004 1531 1075 1602 suis,
1096 1531 1243 1588 ettluvius
1259 1532 1368 1604 legiris
1383 1537 1411 1589 et
1425 1531 1551 1602 Ligerili,
1566 1531 1636 1589 etin
1646 1531 1761 1588 civitate
1776 1537 1832 1589 Au·

1 1634 3 1640 ’
120 1638 190 1679 nere
203 1621 349 1694 noscitur,
361 1621 410 1678 vel
423 1621 572 1694 quidquid
586 1625 616 1676 et
629 1619 770 1693 deinceps
793 1616 949 1693 possiden·
964 1632 984 1686 Β
1003 1620 1161 1678 relianensi
1176 1621 1334 1694 possident
1347 1620 1378 1677 in
1390 1620 1480 1678 alodo
1489 1621 1652 1678 claustrum
1666 1622 1766 1679 Sancti
1778 1625 1834 1680 lla·

1 1719 11 1728 ·“
120 1714 194 1770 dnm
209 1712 346 1771 achristi
358 1711 499 1768 fidelibus
513 1711 661 1768 donatum
689 1710 785 1778 tuerit,
807 1709 874 1781 jure
902 1707 951 1764 tir·
1003 1709 1108 1766 rimini
1123 1709 1162 1766 ab
1177 1709 1261 1766 omni
1276 1709 1430 1766 exactione
1444 1709 1573 1767 liberum
1597 1715 1625 1767 et
1644 1709 1833 1768 consuctudi-

120 1801 259 1858 missimo
274 1804 374 1858 teneat
398 1804 489 1874 atque
514 1799 676 1874 possideat.
706 1801 742 1856 Ut
758 1802 859 1855 autem
887 1796 951 1852 hec
1003 1816 1042 1856 ne
1056 1816 1063 1868 ;
1076 1798 1273 1872 etcappclam
1297 1799 1328 1856 in
1355 1799 1469 1856 honore
1492 1800 1628 1871 ejusdem
1655 1799 1833 1856 contessoris

1 1873 7 1910 ³
120 1887 427 1946 nostrreeuctiiritatis
441 1886 823 1962 praeceptiofirmioremin
836 1885 951 1941 uiano-
1005 1893 1165 1956 sacratam,
1195 1893 1225 1944 et
1245 1887 1442 1961 praebendam
1472 1891 1587 1947 sancte
1624 1889 1725 1947 Crucis
1765 1905 1833 1962 per-

1 1967 7 2060 [
121 1978 204 2034 mine
218 1976 353 2034 obtineat
365 1976 511 2048 vigorem,
522 1975 627 2033 annuli
641 1976 734 2032 nostri
753 1973 950 2048 impressione
1004 1976 1174 2051 petualam;
1191 1979 1219 2032 et
1232 1976 1264 2033 in
1278 1975 1375 2048 burgo
1386 1977 1518 2033 [lunensi
1529 1975 1683 2034 furnulum
1696 1975 1834 2034 unumin

124 2066 227 2123 subter
235 2082 303 2128 eam
312 2064 458 2137 jussimus
471 2063 603 2136 sigillari.
1004 2065 1105 2136 alodo,
1119 2069 1148 2123 et
1159 2065 1246 2138 juxta
1260 2067 1403 2124 Sanctum
1417 2066 1568 2122 anianum
1581 2065 1736 2124 abbatiam
1758 2068 1833 2123 San·

157 2159 264 2211 Actum
276 2154 400 2212 Senonis
414 2153 542 2221 civitate,
558 2168 639 2208 anno
666 2151 827 2209 Dominicis
852 2156 951 2208 lncar-
1005 2156 1043 2212 cti
1057 2155 1175 2214 Maximi
1189 2155 1363 2225 elbungum
1386 2156 1473 2227 ejus;
1499 2155 1583 2212 etin
1607 2155 1705 2228 burgo
1734 2156 1834 2212 Sancti

120 2243 251 2300 nationis
263 2241 422 2299 millesimo
436 2241 675 2299 decimoslclllvo
688 2243 738 2313 (9),
755 2245 899 2314 regnante
910 2256 953 2297 se·
1005 2243 1113 2302 aniani
1127 2243 1287 2301 dimidium
1311 2243 1463 2300 furnilium
1493 2244 1524 2300 in
1552 2243 1757 2311 manu-firma,
1781 2244 1835 2316 qui
1923 2289 1926 2295 .
1974 2311 1983 2330 κ

120 2330 279 2388 renissimo
290 2347 361 2402 rege
373 2330 501 2388 Roberto
522 2347 614 2403 xxxii,
640 2348 670 2387 vr
697 2331 759 2388 Kal.
780 2329 882 2389 llartii.
911 2329 951 2386 Si·
1006 2335 1104 2392 reddit
1117 2350 1242 2392 censum
1264 2333 1404 2390 denarios
1423 2350 1451 2389 rv
1478 2336 1507 2389 et
1534 2331 1659 2389 obolum
1684 2332 1716 2389 in
1740 2331 1836 2390 missa

121 2435 217 2492 gnum
232 2421 351 2477 liobarti
363 2420 450 2491 regis.
475 2421 601 2492 Signum
628 2419 764 2492 Hugonis
789 2420 878 2490 regis.
908 2418 952 2476 Si·
1006 2425 1121 2480 Sanctoe
1138 2419 1359 2480 crucismensis
1372 2420 1447 2486 llaii,
1463 2421 1587 2493 etjuxta
1614 2426 1752 2479 sanctum
1776 2424 1834 2495 θος

122 2525 218 2582 gnum
229 2510 355 2567 ilenrici.
384 2510 509 2582 Signum
531 2510 660 2566 Roberti.
689 2512 815 2581 Signum
838 2507 951 2576 tetrici,
1006 2513 1164 2569 natiannm
1179 2509 1314 2567 alodium
1330 2525 1425 2566 unum
1442 2527 1449 2578 ;
1465 2513 1548 2566 extra
1560 2509 1709 2568 civitatem
1732 2515 1836 2568 contra

124 2600 353 2674 archiepiscopi,
371 2598 535 2656 balduinus
552 2599 806 2656 subcancellarius
822 2598 886 2656 vice
900 2602 953 2654 Ar-
1008 2601 1172 2658 claustrum
1187 2598 1287 2656 Sancti
1301 2597 1450 2656 Maximini
1463 2601 1579 2671 partem
1594 2585 1684 2666 alodi,
1694 2615 1762 2672 quae
1770 2615 1836 2672 per-

122 2688 230 2763 nulpbi
264 2688 483 2763 archiepiscopi
497 2687 587 2763 primi
597 2687 767 2746 cancellarii
780 2687 954 2759 recognovit
1008 2692 1081 2747 tinet
1095 2690 1135 2747 ad
1149 2691 1250 2764 ipsum
1270 2688 1445 2759 claustrum,
1461 2691 1489 2744 et
1514 2686 1711 2761 praebendam
1737 2688 1837 2744 Sancti

124 2783 215 2852 atque
228 2777 369 2836 firmavit.
1009 2779 1128 2836 Aniani.
1145 2778 1301 2836 Possident
1316 2777 1407 2834 eiiam
1417 2775 1573 2834 ecclesiam
1588 2775 1686 2834 Sancti
1705 2775 1838 2850 Dionysii

518 2871 562 2926 ru.
1010 2870 1040 2926 in
1055 2868 1144 2926 alodo
1159 2885 1230 2926 cum
1240 2867 1382 2926 omnibus
1396 2865 1662 2941 ibipertinentibus
1674 2866 1759 2923 terris
1774 2865 1837 2923 cul-

124 2959 260 3016 usitati
272 2957 362 3030 regu
370 2959 566 3030 pecuarium
583 2973 640 3028 pro
666 2959 840 3015 lliciacensi
851 2971 954 3014 mona·
973 2987 994 3043 C
1009 2957 1046 3014 tis
1056 2961 1085 3014 et
1099 2955 1228 3026 incultis,
1243 2955 1346 3030 pratis,
1360 2955 1494 3030 pascuis,
1509 2955 1613 3026 vineis,
1630 2953 1724 3011 serris
1740 2956 1768 3009 ct
1782 2967 1837 3009 an·

492 3047 593 3104 sterio.
1009 3044 1094 3113 ciliis,
1106 3049 1134 3102 et
1147 3044 1233 3115 villis,
1248 3044 1280 3101 id
1293 3049 1339 3101 est
1352 3043 1496 3112 bruerias,
1508 3047 1720 3113 caventonem,
1748 3041 1838 3098 Albu-

440 3137 538 3209 (Anno
551 3135 640 3209 loct.)
1009 3135 1079 3206 rias,
1096 3133 1249 3191 asinarias
1260 3137 1289 3190 et
1317 3133 1408 3190 aliam
1433 3137 1702 3205 potestatemque
1732 3131 1840 3186 dicitur
1918 3141 1921 3148 ·

125 3227 266 3300 [Μηιιι.,
282 3227 398 3284 annal.
414 3227 540 3295 Bened,
557 3229 629 3282 tom.
651 3228 695 3296 lV,
707 3224 855 3299 append,
884 3240 955 3299 pag.
1010 3229 1163 3294 Nemesos,
1178 3224 1385 3282 ltasnitiumet
1395 3219 1838 3286 Boschelluminmanu·iirma,

315 3317 379 3383 706,
392 3331 428 3372 ex
443 3315 564 3371 archivo
579 3313 769 3387 lliciacensi]
1010 3321 1040 3372 et
1053 3319 1168 3371 curtem
1184 3312 1332 3370 Dreaniin
1347 3311 1437 3368 alodo
1447 3327 1516 3384 quie
1531 3310 1620 3366 estin
1647 3323 1726 3382 pago
1755 3307 1839 3362 Gaet-

163 3403 329 3460 innomine
345 3407 455 3460 sanctae
471 3407 500 3458 et
513 3402 644 3459 inviduae
658 3403 816 3471 Trinitatis,
830 3404 957 3459 Roraru·
1010 3403 1110 3471 nansi,
1125 3407 1153 3478 et
1163 3403 1193 3459 in
1207 3417 1286 3475 pago
1299 3399 1503 3458 aurelianensi
1519 3397 1627 3456 Ulmeri
1641 3395 1745 3453 villam
1770 3410 1841 3451 cum

124 3505 178 3546 1118
192 3488 242 3545 Dei
256 3487 353 3559 gralia
362 3489 545 3544 Francorum
560 3503 622 3544 rex·
833 3533 840 3540 -
1010 3492 1152 3550 omnibus
1165 3491 1223 3549 sibi
1236 3489 1464 3565 pertinentibus,
1480 3494 1508 3546 et
1521 3489 1701 3561 potestatem
1721 3484 1840 3542 Audoe-

162 3581 205 3634 iix
219 3577 353 3650 injuncto
365 3577 453 3634 nobis
468 3577 558 3648 regiae
571 3576 724 3648 dignitatis
749 3577 848 3635 officio
876 3582 957 3634 teue-
1010 3583 1123 3657 niputei
1132 3583 1287 3656 (cmpais),
1296 3581 1605 3649 bitriacum,montem
1618 3575 1841 3648 cuichet,Pyra-

125 3683 196 3724 mur
209 3665 399 3723 monasteriis
422 3665 452 3721 in
476 3681 570 3736 regno
595 3671 699 3722 nostro
728 3666 895 3724 constitutis
921 3683 958 3723 eo
1011 3671 1092 3729 cium
1123 3671 1291 3738 sarcinum,
1331 3667 1607 3740 Grangioli-villam,
1644 3664 1841 3736 viviniacum,

125 3755 219 3813 modo
234 3755 403 3831 providere,
418 3771 482 3828 qun
493 3755 713 3829 universaquae
726 3754 766 3813 ab
781 3756 846 3812 eliis
865 3756 957 3813 libere
1011 3760 1186 3817 Heia-corbi
1198 3765 1228 3816 et
1239 3757 1522 3817 Nocimentumllas
1528 3759 1690 3829 potestates
1698 3753 1843 3810 clotarius

124 3845 200 3920 ipsis
210 3845 320 3903 collata
334 3849 414 3915 sunt,
430 3849 459 3901 et
472 3861 541 3918 quae
561 3844 715 3918 possidere
728 3845 957 3916 dignoscuntur,
1011 3867 1063 3908 rex
1077 3850 1158 3906 filius
1168 3849 1306 3907 clodovei
1319 3848 1445 3905 senioris
1454 3845 1597 3918 predicto
1607 3843 1841 3898 lococoncessit.

124 3952 165 3994 ne
179 3936 212 3992 in
226 3940 381 4008 posterum
397 3933 543 4007 superbis
557 3933 879 4007 valeantaliquatenus
893 3951 958 3992 mo·
1047 3943 1154 3996 Preter
1181 3938 1247 3995 haec
1277 3941 1378 3993 autern
1404 3933 1562 4007 possident
1585 3928 1733 4001 capellam
1745 3927 1843 3984 Sancti

124 4025 227 4083 restari
241 4023 401 4082 liberaliter
411 4021 636 4080 confirmemus.
1012 4027 1166 4086 Maximini
1180 4041 1270 4099 super
1289 4023 1416 4094 Ligerim
1433 4020 1563 4093 positam
1579 4015 1845 4074 coomniconsua-

164 4115 307 4172 Noverint
319 4114 409 4186 igitur
422 4111 554 4170 universi
565 4111 649 4186 quod
659 4112 875 4169 constitutusin
884 4129 960 4186 prea-
1013 4116 1115 4174 tudine
1130 4120 1159 4171 et
1177 4117 1322 4186 potestate
1337 4105 1574 4166 ministerialium
1586 4108 1760 4162 nostrorum
1772 4103 1845 4163 lihe-

126 4203 224 4263 sentia
239 4209 341 4261 nostra
355 4201 534 4260 venerabilis
549 4201 705 4260 Odolricus
732 4202 904 4276 episcopus,
931 4205 960 4259 et
1012 4223 1079 4264 ram
1092 4223 1099 4274 ;
1114 4209 1144 4261 et
1158 4202 1267 4259 vallem
1280 4205 1309 4258 et
1321 4198 1491 4256 cersiacum
1513 4214 1583 4254 cum
1601 4193 1658 4252 sibi
1679 4194 1844 4269 pertinente

126 4293 265 4353 albertus
280 4293 376 4351 abbas
390 4291 489 4348 Sancti
517 4291 668 4350 ltaximini
692 4291 872 4350 lliciacensis
900 4291 959 4349 loci
1014 4299 1092 4352 terra
1103 4297 1132 4350 et
1144 4291 1260 4361 silva,et
1272 4287 1376 4346 omnia
1389 4285 1506 4362 quaed
1515 4284 1655 4342 eamdem
1667 4283 1770 4342 villam
1779 4300 1845 4358 per·

126 4402 200 4443 cum
212 4383 398 4458 quibusdam
411 4380 871 4455 fratribushumiliterpetierunt
883 4398 961 4439 sere·
978 4339 999 4392 ὓ
1015 4385 1110 4442 tinent
1120 4386 1149 4439 et
1159 4385 1237 4438 totas
1261 4377 1374 4453 Spedas
1391 4380 1419 4433 et
1431 4375 1654 4441 Montiniacum,
1670 4373 1845 4432 vacheriam

128 4473 253 4530 nitatem
261 4477 396 4529 nostram
410 4470 549 4528 innovari
558 4470 614 4528 sibi
626 4471 782 4546 privilegia
791 4472 961 4545 quoedama
1014 4488 1136 4548 quoque
1151 4474 1179 4527 et
1196 4472 1292 4526 totum
1307 4466 1464 4524 itonedum
1478 4467 1543 4538 [nl.,
1568 4463 1736 4532 ltollenum]
1770 4461 1847 4516 sicut

128 4560 401 4636 praedecessoribus
417 4559 526 4616 nostris
537 4559 671 4631 regibus,
688 4559 835 4618 Clodoveo
851 4561 962 4618 scilicet
1014 4562 1142 4636 partitur
1157 4564 1235 4616 terra
1250 4557 1350 4616 Sancti
1364 4554 1515 4630 Liphardi,
1532 4559 1561 4610 et
1573 4553 1699 4609 arenam
1718 4551 1747 4604 et
1761 4547 1846 4603 Boni·

125 4651 227 4725 primo
243 4653 426 4708 Francorum
438 4664 508 4719 rege
522 4648 776 4706 christianissimo
806 4656 834 4706 et
856 4649 961 4707 carolo
1014 4651 1128 4718 villani,
1140 4655 1168 4706 et
1182 4648 1353 4705 casuarium
1369 4643 1508 4702 nnumin
1525 4644 1655 4700 Sumone
1665 4635 1746 4700 villa,
1759 4639 1788 4690 et
1802 4638 1847 4690 to-

128 4743 275 4810 Augusto,
288 4738 371 4810 regia
385 4736 592 4794 munificentia
602 4738 787 4794 monasterio
797 4737 962 4796 lliciacensi
1016 4747 1078 4798 tam
1094 4739 1213 4797 Sivestri
1227 4738 1340 4795 villam.
1359 4739 1416 4792 iias
1431 4730 1623 4806 possesiones
1641 4723 1846 4783 cbildebertus

128 4827 255 4892 indulta,
270 4843 403 4901 quorum
417 4825 962 4901 videlicetprivilegiorumsigillaprae
1015 4827 1299 4904 rexpraedictoloco
1320 4821 1454 4880 contulit.
1480 4819 1574 4876 Habet
1597 4817 1688 4873 etiam
1710 4813 1741 4869 in
1766 4826 1847 4885 pago

128 4915 225 4974 nimia
244 4920 391 4974 vetustate
419 4916 507 4973 nobis
529 4916 699 4973 videntibus
722 4918 816 4975 tracta
843 4919 962 4991 penitus
1017 4918 1191 4980 carnotensi
1207 4913 1409 4978 Fraxinulum,
1426 4913 1455 4966 et
1471 4905 1689 4968 saumaricum,
1714 4905 1743 4957 et
1770 4899 1849 4955 cles-

128 5005 250 5063 tuerent
259 5011 288 5062 et
302 5009 492 5079 consumpta.
509 5007 644 5071 Quorum
658 5006 791 5078 petitioni
807 5007 897 5078 digne
920 5007 963 5064 ie·
1016 5027 1082 5067 sam
1097 5008 1199 5064 villam
1214 4997 1503 5060 cumomnibussibi
1513 4990 1742 5069 pertinentibus,
1752 4993 1781 5045 et
1792 4992 1849 5044 ter·

129 5098 244 5164 rentes,
260 5109 315 5167 pro
330 5093 440 5150 anime
454 5092 550 5150 salute
563 5093 703 5166 propriae,
715 5096 773 5152 mei
786 5095 898 5153 scilicet
910 5099 964 5153 lto
1016 5114 1082 5156 ram
1093 5092 1260 5169 quamdam
1270 5091 1301 5147 in
1316 5088 1385 5146 villa
1400 5103 1468 5160 quae
1478 5083 1586 5141 dicitur
1596 5083 1704 5146 Venas,
1719 5083 1749 5134 et
1762 5076 1848 5136 ltais-

130 5181 208 5240 berti
218 5182 297 5254 regis
312 5187 341 5240 et
354 5182 456 5240 uxoris
468 5197 544 5238 meaa
555 5182 745 5254 constantiae,
756 5189 964 5243 etnostrorum
1017 5189 1096 5242 siam
1110 5187 1139 5239 et
1148 5179 1351 5239 meomisum
1368 5195 1375 5246 ;
1387 5177 1442 5232 has
1449 5170 1655 5247 possessiones
1663 5166 1849 5239 [lagobertus

168 5324 207 5396 (c)
222 5329 327 5382 Annus
340 5323 519 5381 millesimus
526 5323 663 5380 decimus
673 5327 807 5396 ocutus,
818 5326 867 5382 hic
882 5331 966 5384 nota·
1018 5341 1088 5382 xxxi
1097 5322 1229 5379 lietberti
1243 5319 1357 5378 censeri
1369 5317 1497 5392 poterat,
1513 5328 1623 5397 exquo
1633 5327 1704 5395 cum
1712 5312 1797 5392 patre
1807 5322 1851 5364 re·

130 5399 193 5464 tus,
209 5395 326 5468 primus
339 5399 404 5452 erat
418 5393 550 5464 lingonis
564 5393 655 5464 regis,
666 5392 796 5450 lictberti
806 5395 868 5467 iiiii,
884 5413 965 5454 anno
1024 5391 1387 5468 gnarecoepit.lierbertus
1400 5401 1601 5472 comes,quus
1615 5384 1669 5465 hrc‘
1678 5387 1851 5446 mentiosu-

131 5464 630 5540 superiorccoronati,atnondum
639 5464 966 5536 tricesimussccundus
1020 5461 1850 5543 pultusestinlatiniacensrrnonasterrocujusossame

130 5537 230 5612 ipsius
246 5538 362 5594 Roberti
376 5537 466 5618 regis.
486 5539 569 5593 Forte
584 5535 614 5591 id
622 5534 814 5592 referendum
820 5554 875 5618 pro
888 5554 966 5595 noro
1022 5543 1177 5614 praesente,
1193 5540 1339 5615 exvcterr·
1359 5531 1483 5613 basilica
1510 5544 1542 5611 in
1565 5541 1676 5608 novam
1693 5491 1852 5604 translatu

130 5607 252 5665 calculo
266 5609 306 5666 ed
321 5624 437 5666 annum
456 5611 664 5680 insequentem
689 5612 766 5674 1⁰19,
788 5625 841 5682 qur
867 5624 966 5666 annus
1024 5614 1094 5667 sunt
1103 5625 1173 5665 cum
1188 5622 1304 5664 semeso
1314 5621 1379 5676 ejus
1392 5601 1554 5677 epitaphio,
1576 5598 1670 5671 laprdr
1691 5592 1850 5667 insculpto.
