3998 6176
104 211 106 216 .
170 159 224 222 att
689 160 717 217 S.
737 157 909 227 nutabant
928 155 1171 230 cambiarius
1189 158 1353 229 anisacar.
1828 157 1880 218 310

170 277 322 353 pennicis
334 279 394 338 sub
411 278 565 352 signaculo
592 280 696 344 clausa
721 297 876 356 nusquam
903 297 993 343 usum
1014 281 1142 352 Aigitur
1155 281 1208 352 illi,
1222 283 1275 358 qui
1290 282 1393 346 dicum
1415 281 1604 359 prophetiam
1627 280 1705 346 hano
1734 277 1880 347 adfinem

170 369 235 441 ejus
255 367 445 443 pontificibus
464 368 664 444 permittebat.
691 371 775 431 Hunc
791 387 862 442 ergo
875 387 995 446 perver—
1052 370 1155 432 talium
1169 369 1318 430 rectorum
1333 370 1490 447 respicere,
1504 368 1610 452 quales
1633 371 1746 436 certum
1772 371 1816 434 est
1833 383 1881 425 us-

171 474 240 516 sum
253 472 369 522 morem
381 456 475 520 munit
487 461 559 532 post
571 458 670 534 ipsum
697 460 862 528 Archelaus
878 476 995 523 succes·
1051 475 1110 533 que
1123 459 1156 522 in
1169 460 1261 520 linem
1278 458 1378 516 soeculi
1392 458 1566 533 perdurare,

170 545 392 616 succinatium
404 544 545 621 deinceps
559 551 682 609 tenuere
694 549 820 609 Romani
833 546 994 622 praepositi,
1086 548 1136 611 llis
1151 548 1192 607 ita
1204 548 1348 618 refutatis,
1367 548 1406 606 de
1418 548 1475 610 hac
1497 546 1664 622 obiectione
1692 545 1811 610 refutati
1832 547 1881 604 Ju-

169 633 266 700 doneo
291 633 416 700 laudern
439 640 511 710 post
531 638 705 710 passionem
726 638 830 699 Christi
845 637 997 700 destructa
1051 636 1108 696 daei
1123 641 1276 696 transeunt
1288 637 1327 696 ad
1342 637 1476 706 alteram,
1492 636 1628 710 dicentes
1641 652 1648 695 ι
1662 658 1676 683 «
1701 637 1765 693 Non
1784 633 1880 692 oredi-

168 721 375 797 Hierosolyma
387 727 417 784 ei
427 724 566 798 dispersa
579 731 666 798 gente
689 727 873 796 ludaeorum,
898 741 996 807 neque
1051 743 1120 794 mus
1148 728 1264 786 venisse
1290 727 1449 800 Christum,
1477 726 1550 800 quia
1569 730 1720 810 sceptrum
1740 724 1785 787 de,
1803 724 1881 783 tuda

168 809 272 878 civitas
284 811 351 882 illis,
367 827 466 888 neque
479 830 542 886 rex,
556 831 655 890 neque
674 817 816 892 pontifex,
831 831 929 888 neque
941 831 995 890 po·
1050 834 1114 876 non
1138 823 1281 892 putamus
1306 817 1450 877 ablatum.
1480 817 1551 886 Quis
1576 816 1615 872 sit
1638 814 1718 873 enim
1735 819 1833 878 utrum
1848 812 1881 870 in

168 900 260 974 pulus
274 901 337 960 tuit.
353 904 387 960 at
398 903 457 970 ista
468 903 613 970 desolatio
629 906 710 982 iugis
730 907 811 975 iacta
834 909 878 965 est
900 919 997 978 usqne
1051 908 1153 982 aliqua
1167 912 1251 982 parte
1266 907 1371 968 mundi
1388 907 1426 964 sit
1448 909 1629 978 congregata
1655 903 1815 962 multitudo
1831 905 1882 959 tu-

168 988 200 1046 in
218 990 400 1059 hodiernum
423 992 514 1058 diem
543 994 572 1052 si
593 1011 663 1066 ergo
687 996 752 1057 bea
775 995 816 1056 ita
839 998 920 1063 suut,
934 993 995 1052 imo
1051 999 1187 1062 deorum
1202 1013 1385 1072 quaeregem
1400 1001 1524 1057 unctum
1537 1001 1627 1073 atque
1652 999 1804 1052 sacratum
1827 993 1881 1052 hs·

168 1081 296 1158 quisita
311 1086 392 1152 sunt,
408 1084 491 1156 quod
503 1101 540 1141 ex
560 1086 718 1160 prophetia
740 1084 994 1152 concluseramus,
1049 1088 1122 1148 beat
1136 1104 1226 1164 super
1238 1104 1269 1148 se
1285 1087 1322 1144 de
1338 1102 1445 1158 genere
1461 1087 1536 1154 suo?
1553 1107 1566 1136 u
1582 1084 1701 1152 Adhuc
1715 1082 1880 1159 responde-

168 1185 222 1243 pet
235 1170 391 1238 historiam
406 1178 623 1248 consequenter
636 1174 884 1247 approbavimus,
897 1173 997 1246 idest
1051 1195 1120 1242 mus
1134 1177 1216 1255 quod
1231 1176 1330 1236 nullus
1343 1177 1482 1250 utrinque
1496 1178 1632 1236 nostrum
1646 1174 1700 1233 soit
1718 1189 1772 1230 neo
1796 1171 1881 1236 audi-

169 1275 206 1319 ex
220 1263 355 1332 tempore
365 1277 427 1335 quo
441 1262 575 1334 regimen
589 1263 627 1319 de
637 1262 715 1328 luda
733 1263 869 1330 allatum
890 1268 944 1334 est,
968 1272 997 1322 et
1051 1267 1138 1336 vitiu
1152 1267 1259 1331 diebus
1271 1255 1633 1338 nostrisludaeurnregem
1645 1262 1745 1323 inulla
1758 1261 1881 1332 regione

167 1349 307 1424 princeps
321 1350 359 1408 de
373 1350 486 1412 temore
505 1352 580 1424 ejus,
604 1354 719 1413 venisse
742 1355 887 1418 rtessiam.
913 1357 995 1416 Nunc
1051 1356 1159 1414 mundi
1170 1371 1306 1428 regnare,
1321 1355 1375 1416 sed
1389 1359 1491 1412 tamen
1517 1353 1541 1410 si
1561 1352 1669 1428 aliquis
1692 1353 1810 1412 iudaeus
1837 1367 1882 1416 re-

168 1438 193 1496 si
206 1439 318 1504 habent
329 1438 424 1498 iudaei
434 1440 508 1515 qraicl
517 1446 622 1502 contra
631 1448 828 1512 murmurent,
845 1443 994 1510 audiatur.
1052 1450 1158 1519 guarel
1169 1445 1201 1506 in
1212 1445 1326 1518 rudes,
1342 1460 1422 1504 nuno
1437 1441 1634 1508 ailrilominus
1646 1440 1782 1506 ablatum
1802 1444 1882 1498 esset

203 1527 255 1594 llic
281 1528 379 1588 soient
406 1535 509 1596 antem
533 1531 678 1596 trifariam
692 1533 784 1592 verba
806 1534 878 1598 dere
893 1538 997 1594 oonua
1052 1537 1204 1606 sceptrum
1214 1532 1251 1591 de
1264 1533 1350 1592 iuda.
1366 1535 1419 1593 Per
1431 1549 1463 1590 se
1476 1531 1557 1596 enim
1568 1545 1696 1604 regnum
1714 1529 1791 1594 iuda
1805 1528 1881 1588 divi-

167 1616 315 1686 nationem
329 1617 419 1682 istam
431 1619 560 1692 quidam
582 1637 617 1682 ex
644 1622 686 1680 eis
709 1623 813 1680 iudaei.
837 1645 851 1676 u
864 1623 997 1686 Primum
1013 1637 1034 1694 g
1052 1639 1120 1690 sum
1139 1627 1182 1681 est
1195 1622 1234 1680 ab
1253 1621 1317 1679 aliis
1332 1621 1442 1694 regnis,
1458 1623 1599 1684 constans
1614 1619 1736 1697 propria
1747 1617 1880 1690 regione,

113 1785 117 1792 Ι
166 1723 230 1770 non
245 1707 406 1780 cudimus,
418 1709 567 1783 inquiunt,
592 1712 711 1770 venisse
737 1712 896 1782 Christum,
925 1715 997 1792 quia
1051 1728 1120 1786 quae
1134 1711 1242 1770 dieitur
1256 1716 1334 1779 terra
1347 1711 1425 1778 tuda
1439 1715 1468 1769 et
1480 1708 1645 1785 benjamin,
1665 1707 1787 1792 proprio
1799 1723 1882 1787 rege,

166 1795 284 1866 virgam
311 1797 466 1868 regiminis
493 1798 571 1866 luda
599 1815 662 1858 non
684 1804 827 1874 putamus
849 1801 994 1868 ablatum.
1050 1803 1152 1877 quide
1167 1801 1343 1866 tribuluda.
1361 1804 1403 1874 Et,
1421 1800 1498 1858 siem
1511 1799 1622 1867 domus
1647 1797 1789 1874 quaelihet
1810 1814 1880 1872 pro-

168 1882 243 1950 sunt
255 1883 336 1944 eninr
351 1883 382 1942 in
397 1885 498 1947 miritis
520 1887 695 1958 regionibus
716 1889 811 1958 ludael
833 1889 996 1970 locupletes
1050 1892 1122 1967 priis
1136 1892 1418 1968 partibuslconstat,
1429 1890 1461 1951 id
1473 1894 1520 1948 est
1530 1889 1739 1962 tundamenta
1759 1887 1879 1970 Parieti-

45 2003 47 2010 >
167 1974 196 2028 et
210 1970 357 2042 ingeniosi
369 1974 422 2047 qui
433 1980 539 2048 regant
558 1981 679 2042 sheuue
701 1977 833 2042 familias,
859 1997 939 2052 suas,
968 1988 997 2044 et
1050 1982 1108 2048 bus
1121 1986 1150 2040 et
1165 1986 1251 2054 teoto,
1267 1997 1400 2056 quarum
1415 1981 1439 2038 si
1453 1996 1515 2043 una
1529 1978 1666 2053 desuerit,
1688 1979 1798 2042 domus
1815 1993 1879 2037 esse

167 2059 240 2132 utria
254 2060 329 2120 tales
341 2067 471 2130 rectores
484 2064 585 2130 adhuc
604 2082 670 2125 esse
691 2067 842 2146 videmus,
867 2070 995 2132 dicimus
1049 2085 1112 2128 non
1126 2069 1231 2145 possit,
1245 2069 1286 2128 ita
1299 2086 1428 2141 regnum
1439 2069 1516 2131 tuda
1530 2067 1668 2148 partibus
1686 2067 1878 2147 supradictis.

167 2149 305 2216 nendum
318 2167 384 2212 esee
399 2153 534 2218 ablatum
557 2160 708 2231 sceptrum
735 2158 774 2216 de
796 2158 882 2228 iuda,
896 2177 994 2234 neque
1049 2163 1124 2226 Nam
1139 2159 1200 2218 sive
1214 2159 1321 2241 patria,
1337 2159 1399 2222 sive
1413 2159 1554 2234 populus,
1571 2157 1632 2216 sire
1647 2173 1699 2224 reu
1725 2156 1810 2224 desit,
1834 2172 1879 2212 re-

165 2239 285 2301 venisse
297 2240 447 2308 Christum
459 2244 569 2310 adhuc.
580 2267 595 2296 u
610 2248 709 2307 Potest
722 2248 994 2324 sesquivisjoeosa
1049 2263 1144 2319 guum
1154 2265 1218 2306 esse
1232 2265 1295 2308 noo
1313 2249 1417 2323 possit.
1434 2247 1489 2305 Ubi
1501 2247 1663 2322 enimpars
1675 2245 1767 2315 deest,
1779 2249 1877 2309 tutum

166 2328 334 2396 urbanitate
348 2331 501 2406 deludere,
526 2335 676 2412 simmqm
699 2337 814 2404 ratione
839 2339 995 2408 confutare
1048 2355 1114 2396 esse
1129 2353 1192 2398 non
1205 2342 1321 2416 potest,
1333 2343 1362 2404 et
1376 2342 1492 2408 contra,
1508 2337 1561 2394 ubi
1580 2327 1677 2404 totum
1700 2339 1753 2409 est,
1778 2339 1879 2410 partes

165 2417 224 2482 hee
237 2418 352 2486 mede:
369 2421 512 2496 osudaei,
525 2423 624 2484 ielioes
636 2424 799 2490 infortunio
815 2427 821 2484 i
847 2428 871 2486 si
885 2434 929 2490 est
942 2447 992 2491 re·
1048 2444 1171 2506 quoque
1185 2443 1250 2488 esse
1261 2443 1383 2491 neeesse
1398 2433 1452 2489 est.
1479 2426 1567 2496 Quod
1594 2425 1619 2482 si
1643 2441 1707 2494 111111,
1725 2429 1810 2499 parte
1828 2441 1879 2500 pe·

165 2521 244 2578 111111,
259 2508 344 2582 quod
356 2508 463 2584 dicitis,
487 2513 626 2588 uunquid
646 2531 709 2574 non
731 2515 780 2584 ille
801 2533 856 2575 vos
870 2519 994 2594 copiose
1047 2522 1151 2582 reunte
1165 2534 1278 2577 nomen
1291 2517 1479 2594 totiusperit,
1503 2521 1617 2591 quanto
1641 2515 1740 2588 magis
1763 2515 1879 2574 cunctis

165 2597 278 2664 mirere
289 2599 398 2670 beavit,
414 2601 466 2676 qui
480 2618 535 2666 vos
552 2605 746 2678 pessundedit
760 2611 851 2684 atque
864 2609 991 2684 dissipa-
1046 2607 1241 2682 pereuntibus
1254 2612 1349 2666 totum
1363 2623 1426 2669 non
1441 2605 1601 2668 subsistit?
1625 2609 1762 2678 Regnum
1775 2608 1879 2676 autem

164 2685 218 2756 tii.
233 2686 267 2757 11,
284 2704 354 2750 cum
365 2689 397 2746 in
408 2690 507 2765 patria
520 2708 616 2753 unum
627 2709 729 2766 regem
741 2697 992 2770 amiserihauunc
1046 2697 1123 2759 luda
1138 2701 1248 2756 terram
1264 2713 1351 2755 suam
1364 2695 1504 2770 perdidit,
1515 2695 1641 2769 quaudo
1647 2695 1713 2774 ipsa
1723 2693 1758 2763 in
1769 2709 1878 2760 manus

164 2775 196 2834 in
209 2777 387 2844 exsiliotam
411 2781 506 2842 mrdte
520 2798 626 2854 regum
650 2783 743 2844 millia
769 2787 816 2846 vel
838 2787 992 2854 invenistis
1047 2789 1204 2844 extraneas
1220 2785 1301 2844 venit
1317 2803 1324 2855 ;
1343 2783 1799 2861 populooaruit,posh1uamin
1815 2799 1880 2850 om·

163 2864 211 2929 vel
229 2867 456 2940 -recupmastist
482 2869 540 2930 sea
567 2871 667 2930 nuilus
695 2889 800 2937 eorum
831 2875 993 2938 chrismate
1048 2889 1101 2932 nes
1117 2873 1253 2934 nationes
1267 2873 1420 2948 dispersus
1433 2871 1641 2948 estpopulus3
1668 2887 1821 2942 regerere
1836 2870 1878 2930 le-

162 2952 251 3024 lagaii
278 2955 325 3022 vel
351 2956 496 3038 spirituali
524 2964 631 3024 unctus
652 2965 705 3034 est,
727 2963 846 3024 nullum
858 2967 990 3040 pentilus
1013 2962 1151 3049 cgitimo
1164 2963 1254 3034 longe
1268 2965 1336 3022 ante
1350 2965 1486 3030 caruerat
1502 2978 1508 3018 :
1525 2960 1627 3038 sicque
1649 2977 1775 3034 regnum
1788 2959 1879 3030 tuda,

163 3044 306 3117 1111111111,
322 3061 377 3102 nec
391 3047 454 3120 ipse
472 3048 715 3125 pepulopraeest,
727 3059 912 3128 quapropter
926 3056 990 3120 nul-
1048 3052 1189 3117 omnibus
1202 3050 1337 3126 partibus
1351 3051 1412 3108 suis
1427 3050 1557 3119 amissis,
1572 3066 1700 3124 reguum
1712 3065 1774 3113 esse
1795 3047 1874 3118 desl-

161 3129 209 3190 l¹1⁸
235 3147 341 3200 60111111
362 3149 461 3208 11611119
487 3151 539 3204 rea
563 3154 661 3214 neque
680 3141 822 3215 pontifex,
843 3144 990 3220 propheta
1046 3143 1106 3210 vit;
1122 3141 1314 3206 menifestum
1328 3145 1372 3198 est
1385 3140 1484 3212 igitur,
1511 3145 1540 3199 et
1564 3141 1603 3200 ad
1627 3145 1767 3207 extranea
1780 3154 1877 3210 regua

161 3235 261 3294 neque
275 3222 337 3284 dux
353 3223 607 3292 tsibustudaevel
625 3229 731 3288 estrei
745 3236 823 3288 certe
843 3233 990 3308 appellari
1045 3229 1118 3288 nihil
1132 3229 1280 3308 pertinere
1303 3233 1454 3302 sceptrum
1476 3229 1514 3286 de
1541 3229 1628 3298 iuda,
1647 3233 1676 3289 et
1690 3229 1726 3289 de
1740 3244 1794 3286 suo
1807 3228 1876 3300 jure

162 3315 267 3383 potest.
295 3315 378 3382 linde
401 3315 482 3374 enim
508 3334 610 3378 causae
636 3319 777 3386 effectivae
804 3322 924 3398 desunt,
946 3322 1012 3380 ibi.
1045 3335 1111 3376 esse
1126 3318 1272 3379 ablatum.
1286 3318 1369 3386 Quod
1392 3318 1418 3378 si
1445 3318 1516 3392 quis
1530 3318 1635 3384 stultus
1650 3321 1811 3392 putatesse
1827 3315 1876 3374 vel

161 3399 283 3464 effectus
294 3403 415 3472 iliarum
428 3422 492 3466 esse
504 3407 628 3466 minime
641 3414 780 3482 possunt.
797 3411 919 3482 (ligitur
933 3411 988 3471 do·
1044 3407 1103 3470 dici
1117 3423 1245 3480 regnum
1258 3408 1334 3467 luda
1351 3407 1522 3489 ubicunque
1536 3411 1643 3480 regnat
1654 3407 1776 3480 iudaeus
1785 3422 1876 3482 super

160 3487 206 3552 let
219 3491 266 3553 tel
279 3491 357 3555 risus
373 3498 476 3560 contra
491 3495 612 3558 surium
635 3501 727 3570 atque
748 3498 897 3560 infelicem
924 3517 987 3558 sor-
1042 3497 1172 3572 iudaeus,
1201 3497 1341 3567 reieliitur
1369 3502 1396 3559 et
1419 3514 1451 3558 re
1476 3502 1504 3558 et
1529 3499 1690 3580 Scriptura.
1714 3501 1872 3556 Nemeum

161 3582 221 3642 mm
234 3579 524 3651 mastrucarum,
540 3584 603 3658 qui,
618 3601 689 3654 oum
711 3586 871 3654 insolenter
890 3593 919 3648 et
941 3591 987 3656 ln-
1042 3589 1203 3656 regnarent
1228 3585 1289 3650 duo
1317 3601 1403 3658 reges
1431 3603 1524 3662 super⁴
1549 3591 1668 3660 gentem
1688 3586 1874 3654 iudaeorum,

160 3665 295 3728 confesse
306 3668 441 3739 reginem
453 3687 543 3734 suum
554 3677 662 3746 putaui
681 3674 713 3740 iu
727 3676 847 3737 turbam
860 3679 988 3752 mittere,
1042 3690 1124 3735 unus
1136 3674 1167 3732 in
1182 3674 1363 3733 Hierusalem
1380 3691 1470 3750 super
1484 3676 1561 3745 alnas
1577 3675 1685 3754 tribus,
1708 3679 1737 3732 et
1755 3675 1828 3739 alter
1843 3675 1874 3737 iu

159 3759 189 3822 fil
202 3755 386 3830 applaudere
398 3759 454 3824 eibi
477 3761 515 3819 de
526 3762 716 3824 multitudine
730 3780 847 3840 regum,
869 3769 987 3832 nullum
1044 3763 1179 3822 Samaria
1191 3779 1280 3837 super
1295 3765 1400 3822 decem
1414 3765 1520 3832 tribus,
1536 3765 1584 3826 ille
1601 3769 1717 3833 tantum
1741 3763 1874 3823 vocaba-

158 3851 304 3906 t00i0r⁰m
313 3848 432 3922 uentu
446 3852 682 3926 comprobantur
696 3854 808 3916 habere
822 3857 829 3913 i
847 3857 987 3921 sufficere
1042 3858 1089 3912 tur
1103 3857 1132 3910 et
1147 3858 1210 3913 erat
1224 3868 1276 3910 rex
1288 3853 1377 3926 luda,
1392 3853 1445 3934 qui
1457 3854 1604 3928 regnabat
1616 3854 1648 3917 in
1666 3853 1852 3926 Hierusalem
1866 3872 1874 3920 ;

158 3936 254 4010 pauit
275 3936 333 4006 ista
347 3939 529 4014 relinquam
542 3942 685 4016 (linimus,
698 3945 737 4012 ad
751 3945 987 4017 confutationem
1041 3941 1089 3998 ille
1104 3942 1233 4014 denique
1248 3957 1300 4001 rex
1316 3942 1414 4012 lsrael,
1428 3943 1480 4017 qu·
1499 3943 1645 4016 regnabat
1668 3943 1699 4002 in
1725 3943 1871 4000 Samaria.

156 4026 262 4100 primm
276 4029 378 4102 partis.
397 4031 454 4090 Sed
466 4033 538 4105 quia
565 4032 654 4092 bonae
682 4051 780 4096 causeo
808 4037 879 4095 satis
898 4039 986 4105 nobis
1043 4031 1072 4096 Si
1084 4047 1155 4102 ergo
1170 4035 1322 4106 sceptrum
1335 4032 1412 4101 tude
1439 4049 1502 4100 11011
1522 4033 1649 4110 pertinet
1670 4032 1806 4094 edilium
1819 4032 1873 4108 qui

157 4116 287 4174 rationes
314 4118 482 4189 abundant,
511 4138 572 4188 pon
597 4123 698 4196 pigeat
723 4125 788 4192 illos
811 4126 915 4190 iterato
932 4144 986 4202 per
1040 4121 1148 4187 decem⁴
1174 4121 1312 4180 tribubus
1339 4123 1514 4186 iudaeorum
1538 4127 1646 4198 praeest
1672 4123 1703 4196 in
1725 4123 1872 4192 Samaria,

157 4202 342 4275 impossibile
356 4221 544 4280 oppugnare,
563 4212 621 4270 hoo
636 4213 728 4276 modo
742 4232 749 4272 ι
765 4217 922 4289 Prophetis
947 4219 985 4284 dc
1041 4211 1136 4270 mrdto
1150 4211 1250 4271 minus
1265 4212 1425 4288 pertinebit
1439 4211 1576 4282 edilium
1589 4213 1642 4292 qni
1656 4213 1802 4280 mendoso
1816 4212 1874 4270 fin-

157 4305 220 4363 nus
231 4306 313 4353 nuno
328 4293 457 4365 mimus,
484 4303 537 4356 aut
560 4301 681 4374 respicit
695 4303 735 4365 ad
753 4303 826 4368 tales
840 4321 938 4378 reges,
953 4307 985 4366 id
1001 4347 1023 4402 D
1040 4299 1119 4370 gitur
1130 4315 1183 4364 rex
1198 4315 1262 4365 esse
1276 4299 1390 4374 ahquu
1413 4301 1587 4370 iudeorum
1612 4301 1643 4362 iu
1667 4301 1760 4370 ludia.
1788 4301 1872 4367 nica-

157 4384 204 4446 ast
214 4381 343 4448 rusticos
358 4385 420 4445 sive
434 4385 576 4459 privatos,
593 4395 647 4458 aut
658 4392 792 4460 minima.
806 4399 843 4457 At
855 4395 880 4452 si
893 4398 984 4472 raspi-
1039 4405 1107 4446 mus
1122 4389 1231 4448 iterum
1246 4409 1252 4446 :
1269 4393 1329 4446 Rex
1348 4391 1425 4448 iuda
1450 4396 1494 4449 est
1517 4391 1559 4450 vir
1571 4391 1719 4460 oriundus
1734 4391 1772 4450 de
1790 4391 1873 4456 trihu

157 4469 205 4538 ‘lib
221 4473 250 4528 ⁰2
263 4475 385 4546 limiti&
398 4472 518 4536 fflOtum
541 4485 722 4552 mesentana
749 4483 939 4550 existentiam
952 4486 983 4544 in
1014 4478 1125 4564 Ι1111111,
1141 4478 1264 4552 electae,
1277 4481 1306 4540 et
1321 4479 1483 4554 elegitimo
1499 4481 1653 4562 sacerdote
1678 4497 1763 4551 sacro
1790 4481 1870 4543 chri·

155 4558 214 4624 hae
225 4559 296 4630 rita,
310 4566 431 4628 constet
443 4563 519 4630 iuter
533 4582 588 4626 vos
606 4569 744 4630 nondum
770 4572 886 4634 venisse
901 4577 983 4638 Chri-
1039 4573 1135 4632 emate
1151 4573 1259 4626 noetus
1284 4569 1324 4628 ad
1335 4571 1502 4648 regendum
1517 4571 1666 4658 populum
1680 4571 1731 4645 qui
1752 4571 1872 4638 habitat

156 4653 246 4720 stuta,
273 4656 432 4726 propterea
457 4654 539 4722 idern
566 4659 715 4724 constabit
735 4676 893 4737 nunquam¹
917 4681 983 4725 assa
1036 4656 1069 4719 in
1083 4659 1258 4719 terraiuda.
1276 4661 1378 4718 Omnis
1393 4665 1494 4722 autem
1508 4666 1732 4725 rexextrancus
1755 4662 1795 4720 ab
1810 4662 1870 4720 hac

154 4741 323 4810 curuum,
337 4741 553 4811 doueoornnee
566 4746 607 4814 ita
629 4747 717 4814 deleti
739 4751 798 4816 dut
825 4757 857 4812 ut
883 4755 983 4820 nunus
1038 4746 1209 4818 definit-1⁰11&
1231 4747 1411 4808 1111111811·
1437 4750 1540 4808 Nullus
1563 4750 1800 4825 igiluripsssfutn
1815 4767 1870 4813 111

154 4841 260 4892 cetum
273 4828 352 4894 situ
366 4834 482 4896 mundo
496 4836 550 4908 qui
562 4841 647 4908 regat
655 4837 802 4904 familiam
815 4857 912 4902 suam.
923 4846 982 4900 Hoc
1036 4836 1113 4902 iuda
1128 4839 1180 4897 est.
1205 4840 1269 4899 Non
1283 4837 1363 4895 enim
1385 4844 1513 4920 possunt
1538 4839 1649 4908 hahere
1672 4855 1870 4908 communem

154 4920 256 4980 auten
269 4919 393 4992 quaudo
407 4921 586 4988 eritlnisiin
601 4930 861 4994 consummatione
873 4930 981 5004 seculi,
1037 4924 1211 4995 essentiam,
1227 4943 1296 5002 quoe
1309 4942 1372 4992 non
1387 4927 1500 5000 habent
1513 4943 1707 4996 communem
1718 4928 1869 4995 defitioni-

156 5019 236 5076 oum,
265 5007 412 5070 dehrnctis
437 5013 589 5082 omnibus,
615 5015 715 5075 nullus
738 5019 866 5090 critiam
884 5035 983 5094 neque
1037 5031 1117 5078 nem.
1134 5019 1223 5082 Porro
1239 5017 1466 5082 conclusionem
1486 5019 1565 5079 bano
1589 5019 1682 5082 altera
1705 5019 1868 5094 consequi-

155 5094 336 5165 mutunus
347 5113 446 5172 neque
457 5102 553 5164 renim
566 5102 651 5164 locus
661 5122 668 5162 :
678 5109 707 5164 et
720 5107 795 5180 quid
808 5108 983 5181 putabimus
1037 5107 1094 5186 rur,
1110 5104 1168 5170 hoc
1183 5105 1294 5165 modo:
1311 5109 1385 5176 Nara
1400 5107 1425 5176 sl
1439 5107 1476 5165 de
1492 5106 1571 5170 tribu
1584 5107 1662 5178 iuda
1674 5107 1804 5180 legitime
1814 5125 1866 5168 res

154 5184 189 5246 ut
213 5186 284 5282 tnnc
311 5188 412 5248 reniet
434 5192 565 5262 Messias,
595 5192 653 5256 nisi
678 5200 812 5257 mortuos
832 5197 982 5272 sepelire?
1036 5210 1101 5252 esse
1116 5195 1476 5276 nonpoteratnisiquem
1490 5197 1644 5270 sacerdos,
1667 5198 1730 5272 ipse
1743 5215 1868 5282 quoque

155 5270 290 5370 uescina
304 5289 375 5345 “8⁰
387 5277 442 5338 trit
454 5281 636 5353 exspectatio
644 5285 778 5354 gentium
788 5287 802 5344 i
814 5287 894 5347 itane
908 5305 983 5363 prm-
1035 5289 1144 5352 unctus
1159 5289 1248 5359 atque
1265 5290 1410 5356 sacratus,
1425 5285 1560 5360 legitima
1573 5287 1713 5356 unctione
1723 5293 1866 5361 sacraret,

154 5375 248 5420 11111111
257 5364 414 5435 prophetia
423 5368 573 5440 redigetur
587 5373 627 5430 ad
645 5373 798 5438 nihilum?
812 5377 911 5444 absit!
927 5380 982 5442 im-
1036 5373 1176 5454 saoerdos
1191 5379 1291 5440 autem
1306 5375 1337 5434 in
1353 5381 1439 5446 gente
1452 5377 1624 5437 iudeorum
1636 5393 1698 5437 non
1712 5377 1776 5448 luit,
1784 5384 1868 5452 post·

154 5449 296 5524 possibile
310 5455 355 5509 est
369 5455 449 5514 enim
473 5459 591 5517 mentiri
615 5463 709 5520 boum
736 5466 789 5538 qui
812 5469 982 5541 rappomislt
1035 5479 1129 5536 quarn
1152 5463 1284 5521 chrisma
1311 5466 1506 5540 perdiderunt
1519 5472 1548 5524 et
1575 5466 1798 5526 ammtererunt
1825 5468 1866 5525 de

153 5540 234 5600 certo
246 5538 373 5602 termino
387 5545 455 5600 ante
467 5543 560 5603 tinem
573 5546 674 5616 seculi
684 5547 829 5616 Christum
845 5568 934 5615 suum
941 5552 982 5614 ad
1035 5551 1101 5608 loco
1111 5551 1142 5613 iu
1155 5567 1216 5626 quo
1231 5552 1295 5616 solo
1310 5553 1353 5613 eis
1364 5553 1531 5620 sacrificare
1545 5555 1671 5624 hoebat3
1700 5561 1867 5634 postquam

153 5619 334 5694 ‘mmm
347 5639 443 5697 ssfflufl
468 5626 637 5694 humanum
663 5633 789 5704 ”illitre-
817 5635 892 5706 ΕΜ
910 5641 982 5709 sunl
1037 5639 1206 5710 mandates
1239 5641 1293 5722 qui
1331 5657 1417 5719 reges
1458 5647 1609 5708 unxerunt
1649 5659 1712 5716 nnn
1744 5644 1865 5718 actile·
