3990 6184
178 214 243 270 tert
633 210 820 272 Hliilllllili'll
842 211 1135 272 urcusrut'reusts
1150 212 1308 272 EPISCOPI
1321 213 1438 273 uului.

114 389 119 398 ,
177 338 292 393 Nacans
306 335 337 392 in
353 351 450 404 cruce,

177 411 238 482 rtet
252 440 270 485 a
285 423 418 498 privatis,
538 497 552 508 ..

178 506 299 582 christe,
313 512 429 570 munda
441 511 587 584 macuu's3

178 587 400 659 liudianitalem

178 675 330 748 liiseratus
344 675 481 762 iragileih

177 781 230 836 Per
245 795 366 837 erucem
381 781 517 838 sanciam

178 868 282 942 Lapsis
297 865 379 928 dona
390 869 521 928 veniam.

213 961 347 1046 Protege,
363 976 456 1048 salva,

178 1061 316 1135 Benedic,
330 1065 483 1123 sanctifica

177 1151 325 1226 Populum
337 1157 480 1212 cunctum

178 1240 279 1330 Crucis
294 1257 348 1314 per
363 1242 568 1315 signaculum;

178 1330 298 1411 llorbos¹
309 1337 409 1388 averte

178 1417 316 1492 Corporis
331 1423 360 1476 at
375 1420 501 1493 animra3

178 1485 238 1564 tioc
251 1511 355 1566 contra
369 1509 489 1580 signum

178 1592 298 1654 Nullum
313 1600 369 1655 stet
381 1598 560 1673 periculum.

213 1705 290 1762 heus
305 1705 466 1764 DeoPatri

179 1791 461 1865 structurarum

178 1882 256 1938 Laus
271 1882 432 1956 coaequalis

179 1969 221 2026 Sit
235 1973 337 2028 sancto
352 1971 488 2044 Spiritui;

179 2057 299 2116 Civibus
312 2060 440 2116 summis

179 2143 327 2204 Gaudilir'ir
343 2145 381 2206 'sii
395 2145 519 2224 augelis,

179 2235 279 2292 Honor
290 2235 321 2293 iu
334 2239 449 2296 mundo

179 2325 221 2382 Sit
252 2326 348 2384 crucis
383 2328 515 2388 inventio
551 2331 712 2406 [exdtatio]

213 2417 318 2472 Amen.

266 2524 301 2578 u.
316 2523 402 2581 DeS.
426 2525 597 2584 wilibaldo.

213 2629 301 2701 liare,
317 2629 395 2701 iona,
411 2632 522 2691 catium

177 2721 272 2792 Atque
287 2721 444 2792 terrarum,

178 2808 265 2877 Deus,
281 2811 314 2864 tu
326 2810 464 2868 omnium

179 2896 274 2967 Caput
285 2895 448 2968 bonorum,

178 2985 201 3036 Α
216 2985 243 3037 ta
257 2981 340 3040 bona
355 2985 461 3058 fluunt,

178 3069 225 3126 Ad
239 3074 267 3127 te
278 3078 445 3130 recurrunt.

213 3175 313 3250 Longi
326 3165 365 3235 'ab
379 3175 485 3238 insulis

178 3268 247 3324 Pars
262 3267 450 3327 bohemanis

319 3395 363 3451 li.
377 3396 421 3454 De
433 3397 466 3454 St
481 3400 655 3460 Ldttrentdlr

229 3571 232 3582 Ι
248 3487 437 3560 idriscendat
452 3504 549 3580 usque
564 3505 662 3568 sidera

213 3587 344 3660 Goelique
359 3590 458 3662 pulset
474 3593 581 3653 intima

214 3674 274 3729 Vox
288 3679 378 3748 atque
393 3682 499 3735 cautus
514 3683 651 3739 emulum

212 3757 249 3818 'ld
266 3759 359 3821 liedlh
373 3762 619 3829 colludentium.

239 3835 341 3936 idest
353 3857 486 3936 namque
501 3857 644 3920 festivitas

212 3945 245 4000 lit
259 3943 324 4002 diss
336 3945 529 4014 venerabilis,

212 4031 244 4088 ltl
256 4043 318 4107 quo
333 4035 444 4093 culum
457 4047 513 4112 pro
526 4040 639 4098 meritis

212 4113 387 4181 iauldhtlus
401 4126 555 4203 ingressus
571 4131 623 4188 est.

248 4195 313 4278 (iul,
327 4215 474 4284 superatis
488 4215 610 4288 ignibus

212 4295 245 4350 lit
257 4296 358 4369 impiis
373 4302 545 4375 tortoribus,

211 4377 335 4442 devictis
350 4387 436 4444 savis
451 4391 599 4462 hostibus,

211 4463 294 4530 uene
307 4473 419 4546 galldet
429 4479 461 4535 id
475 4479 656 4540 caelestibus.

246 4565 312 4637 lpse
325 4565 464 4637 dignetur
478 4569 639 4627 Dominum

211 4655 326 4724 Rogare
341 4654 618 4733 clementissimum,

212 4743 246 4799 ut
258 4741 297 4799 ab
311 4747 428 4804 curnis
442 4748 562 4820 ignibus

211 4831 271 4887 Nes
287 4831 380 4892 salvet
394 4840 423 4892 et
436 4836 637 4896 daemonibus.

247 4921 307 4978 Deo
321 4923 399 4982 Patri
412 4926 447 4984 sit
460 4926 555 4998 gloria

211 5011 341 5086 Eiusque
357 5015 411 5072 soli
426 5016 496 5074 Filio

211 5101 286 5158 uum
302 5101 411 5175 Spiritu
424 5105 568 5163 Paraclito

211 5192 244 5246 Et
256 5206 337 5248 nunc
351 5197 380 5249 et
393 5193 425 5250 in
438 5199 628 5270 perpetuum
642 5201 747 5256 Amen.

317 5301 349 5358 V.
365 5301 409 5358 De
422 5302 558 5360 cunilae
572 5305 694 5362 sanctu

247 5407 357 5465 Omnes
371 5408 493 5484 supelnl
505 5407 637 5484 ordines,

211 5496 324 5562 Quibus
339 5494 456 5559 dicatur*
469 5486 518 5559 iric
531 5501 605 5573 dies,

210 5585 284 5643 llllle
297 5587 411 5647 milleni
423 5588 542 5663 millies,

210 5675 329 5733 vanna
341 5677 442 5738 audite
454 5679 605 5757 supplices

766 336 813 392 Ad
827 336 941 395 iontem
956 337 1053 396 rediit.

766 427 864 501 Teque
879 423 1012 501 requirit,

765 518 844 584 lesu,
858 515 1025 572 viventium

767 605 890 662 Fontem
904 620 1063 679 aquarum.

802 711 887 770 liaris
903 710 970 768 icus
982 715 1027 770 est
1038 713 1127 780 Deus,

765 804 837 859 Pars
853 799 1046 869 Wilibaldus,

767 892 862 957 Quem
875 889 981 963 procul
994 889 1098 963 pauiu

768 978 830 1036 Sitit
845 977 884 1034 ab
898 978 979 1034 oris:

767 1067 848 1125 Cervi
859 1082 944 1123 more
958 1082 1048 1123 suum

765 1153 869 1214 Tendit
880 1155 921 1213 ad
934 1154 1086 1212 haustum.

800 1261 983 1332 Angelorum
997 1260 1105 1318 insulsa

767 1349 844 1408 Felix
857 1349 989 1419 alumne,

766 1442 824 1498 Nos
839 1453 927 1512 prece
941 1438 1046 1496 sedula

766 1527 878 1599 Dignos
893 1525 941 1585 iao
956 1542 1047 1600 aqua,

766 1617 864 1682 Quom
877 1616 1015 1689 utusquis
1028 1615 1136 1674 biberit

765 1703 848 1762 sitim
861 1707 929 1778 post
940 1705 1043 1762 nescit.

801 1812 926 1869 liundos
937 1810 1116 1884 baptismate

766 1899 897 1957 Fraudm
911 1899 1022 1972 iniqua

766 1991 889 2062 Semper
901 1987 1047 2058 inficiunt,

765 2077 897 2154 ltaleque
911 2079 1051 2158 mergunt
1098 2151 1102 2160 Ι

765 2164 818 2222 Per
832 2165 974 2236 stagnum
988 2163 1121 2221 criminis

766 2260 798 2313 ln
812 2271 936 2330 poenam
949 2254 1064 2314 mortis.

801 2361 859 2420 Sed
873 2361 930 2418 tuis
944 2360 1083 2434 precibus

766 2455 876 2510 Omnes
890 2465 1044 2522 rogamus,

766 2529 807 2599 bc
821 2539 900 2598 seva
909 2525 983 2611 eripi

766 2635 849 2688 Noxa
862 2628 1017 2703 carybdis,

766 2722 933 2790 pangentes
946 2717 1088 2790 lacrymis

765 2810 886 2867 Portum
902 2805 1016 2862 salutis.

802 2916 878 2972 Laus
893 2912 955 2981 tibi,
971 2911 1105 2985 lhinitas,

767 2991 845 3064 laus
857 3007 887 3060 et
901 3004 1052 3076 pausust

767 3101 804 3154 Te
817 3094 944 3153 laudant
956 3091 1094 3166 flumina,

768 3183 840 3246 Coell
853 3200 888 3242 ac
903 3189 998 3252 terra;

767 3281 791 3334 Α
804 3275 881 3334 mari
893 3274 933 3332 ad
946 3288 1031 3330 mare

1838 211 1903 274 tm

1358 339 1434 394 Laus
1449 335 1556 394 sithoc
1570 334 1629 392 die.
1645 336 1754 392 Amen.

1446 447 1490 501 tlt.
1509 445 1553 502 De
1566 447 1672 500 saneta
1694 442 1883 516 walhem.

1392 563 1462 627 ilva,
1477 557 1533 615 ilos
1546 558 1709 631 virginum,

1358 649 1447 705 Soror
1458 661 1640 718 magnorum

1358 739 1492 795 Fratrum
1507 735 1664 794 willibaldi

1357 829 1390 882 ut
1401 825 1588 894 wunebaldi,

1356 917 1426 983 Ave,
1439 913 1566 986 vbginei

1357 1006 1476 1078 Sponsa
1489 1002 1616 1060 decoris.

1391 1131 1468 1187 lnler
1481 1129 1657 1186 innumeros

1356 1221 1436 1286 Quos
1451 1217 1531 1276 misit
1545 1221 1673 1286 sanctos,

1331 1324 1333 1328 ·
1354 1309 1470 1366 Teleste
1483 1307 1585 1380 genuit

1356 1400 1493 1471 Laetaque
1508 1390 1597 1480 misii,

1356 1485 1471 1545 Florem
1486 1483 1666 1557 angelicum,

1354 1574 1462 1648 anglia
1476 1577 1582 1632 mater.

1371 1717 1374 1722 ·
1390 1703 1428 1757 Te
1440 1703 1537 1757 mater
1549 1697 1677 1766 Domini,

1355 1792 1445 1847 Mater
1458 1793 1487 1846 et
1500 1787 1595 1859 virgo,

1358 1877 1479 1936 choreis
1492 1875 1644 1947 virginum

1354 1965 1505 2037 Virginem
1516 1964 1624 2037 junxit,

1355 2054 1486 2128 Filioque
1499 2068 1564 2121 suc,

1356 2146 1485 2218 sponso,
1498 2141 1608 2200 utccut

1390 2273 1527 2339 Ingressa
1541 2265 1713 2323 thalamum

1355 2357 1441 2429 Regis
1455 2355 1600 2412 coelorum

1355 2446 1447 2503 Audis
1462 2443 1633 2515 angelicum

1356 2538 1484 2593 Carmen
1495 2532 1682 2605 Jocundum:

1356 2627 1446 2696 luha,
1463 2623 1560 2693 virgo,
1575 2621 1618 2678 tui

1356 2711 1505 2770 Gaudium
1521 2709 1632 2785 sponsi

1391 2839 1468 2893 Laus
1481 2832 1545 2905 tibi,
1561 2833 1697 2902 rricius,

1356 2928 1433 2982 Laus
1446 2928 1476 2981 et
1489 2925 1621 2996 potestas
1637 2941 1644 2990 ;

1355 3010 1393 3074 ie
1405 2997 1531 3070 iaudent
1543 3010 1675 3082 virgines

1357 3103 1494 3175 Quinque
1509 3099 1671 3174 prudentes

1356 3187 1393 3248 Te
1408 3194 1472 3247 uret
1483 3191 1538 3264 pru
1551 3187 1650 3246 nobis.

1357 3281 1446 3352 Virgo
1459 3279 1637 3352 walpurgis.
1651 3281 1756 3334 Amen.

1023 3399 1048 3452 Α
1133 3401 1266 3462 Primum
1278 3407 1402 3465 tumus
1415 3405 1523 3477 ignea,

1098 3483 1162 3546 uos
1176 3493 1296 3567 repleta
1311 3492 1451 3568 scientiae,

1056 3619 1061 3630 .
1098 3576 1172 3634 Exin
1182 3579 1286 3652 juvate
1300 3599 1357 3642 nos
1372 3581 1470 3659 preci,

1098 3667 1251 3728 Sensiunes
1265 3673 1433 3732 dominicus.

1131 3756 1207 3816 Hinc
1221 3761 1310 3819 dicati
1325 3762 1494 3828 virtutibus,

1097 3839 1215 3922 Vosque
1230 3848 1376 3908 tremendi
1391 3849 1526 3909 mutibus
1540 3827 1704 3924 (nutibuei)

1096 3921 1130 3992 Et
1143 3926 1289 4012 fulgurosi
1300 3939 1444 4011 vultibus,

1096 4025 1202 4084 Christi
1216 4027 1310 4087 favete
1323 4029 1473 4102 plebibus.

1130 4117 1182 4183 Tu,
1198 4119 1293 4189 pater,
1309 4117 1392 4173 a‘dsts
1404 4116 1567 4184 Abraham,

1095 4199 1214 4262 Claram
1228 4219 1334 4278 gerens
1347 4207 1531 4281 prosapiam,

1095 4293 1169 4349 lium
1183 4293 1257 4367 ipsis
1268 4295 1470 4354 neeessariam

1094 4381 1183 4439 Nobis
1198 4385 1353 4456 precando
1365 4385 1494 4443 reniam.

1130 4471 1218 4528 Sacer
1233 4473 1337 4531 adesto
1353 4473 1491 4546 claviger,

1095 4547 1128 4616 Ei
1142 4563 1230 4619 nuvae
1245 4556 1329 4636 pacis
1342 4555 1454 4636 legiler,

1094 4649 1259 4725 Omnisque
1275 4653 1383 4711 Christi
1394 4652 1520 4710 crucifer

1023 4755 1043 4808 g
1091 4743 1182 4798 Actus
1195 4742 1339 4800 mundate
1351 4743 1470 4818 pariter.

1128 4824 1188 4888 lieo
1203 4819 1280 4890 Pairl
1295 4832 1332 4888 sit
1343 4832 1438 4904 gloria

1093 4921 1225 4995 Ejusquc
1238 4922 1293 4980 soli
1306 4922 1377 4980 Filio

1093 5009 1167 5067 Cum
1183 5009 1292 5085 Spiritu
1305 5011 1450 5070 Paraclito

1093 5101 1127 5157 ut
1139 5115 1220 5156 nunc
1235 5101 1306 5158 etin
1320 5106 1510 5174 perpetuum.
1525 5103 1631 5158 Amen.

1198 5208 1242 5263 vt.
1259 5207 1303 5266 ile
1315 5210 1486 5266 incautione
1498 5209 1528 5267 S.
1543 5210 1701 5280 Stephana

1128 5311 1206 5370 litus
1221 5313 1359 5386 deorum,
1375 5317 1510 5389 Domine,

1092 5403 1153 5460 ilex
1165 5405 1352 5478 sempiterna
1368 5405 1480 5478 gloria,

1092 5488 1153 5549 Rex
1166 5491 1344 5550 ilrvictotlrm
1359 5493 1498 5570 militum,

1093 5577 1219 5638 liminari
1232 5582 1341 5640 exaudi
1355 5584 1536 5658 supplicum.

1126 5690 1216 5747 Terra
1225 5693 1329 5762 ageas
1342 5689 1554 5756 abscondimur
