3990 6184
171 185 239 241 1339
315 183 532 240 ornassent}
552 181 699 239 Asseris
719 179 915 238 GANDENSIS
935 177 1040 234 narsi.
1062 177 1110 233 AD
1130 177 1284 235 orantur
1303 181 1490 236 FLANDRIAE
1510 178 1733 238 enutrisset.
1819 181 1893 236 1340

170 309 332 373 consortes,
348 306 501 378 cumipse
523 308 593 361 sunt
614 304 703 362 simul
726 302 874 374 tumulati,
894 304 923 359 et
937 305 1035 359 ileon
1054 317 1121 359 mas
1137 301 1207 360 inde
1221 302 1398 360 abstrahens
1412 306 1523 377 partes,
1541 302 1719 361 satellitibus
1746 303 1829 372 suis,
1855 319 1895 358 se·

170 395 298 470 propitio
312 394 351 452 ad
365 410 421 451 nos
434 408 530 466 usque
542 392 656 467 perlati.
668 392 724 451 Sed
738 390 913 449 haecomnia
922 390 998 447 liber
1019 395 1024 402 ‘
1053 392 1188 449 cundum
1201 393 1285 468 quod
1302 392 1464 467 unicuique
1488 407 1594 451 eorum
1621 397 1686 452 erat
1699 393 1897 466 contiguum,

171 489 211 543 be
224 485 312 556 gestis
326 499 432 540 eorum
445 482 630 557 conscriptus
655 481 840 542 manifestius
865 484 997 537 testatur
1053 480 1216 540 distribuit.

208 574 339 647 Septima
354 572 533 644 Pharaildis,
548 573 633 645 virgo
655 571 737 647 apud
761 589 817 630 nos
837 569 1000 645 antiquitus
1090 570 1152 628 Hoc
1166 575 1211 630 est
1223 571 1254 630 in
1269 587 1349 646 pago
1371 570 1556 630 curtracensi
1570 572 1642 630 villa
1656 573 1813 630 Elisacbia
1827 589 1899 630 cnm

171 662 313 736 reposita.
1054 658 1179 716 ecclesia
1194 659 1358 729 etmansis,
1373 660 1492 731 triginta
1504 664 1592 730 ooto;
1613 661 1685 718 item
1701 661 1777 718 villa
1790 660 1898 718 Siden-

208 752 337 810 Octavns
357 753 385 810 S.
402 750 522 809 bivinus
537 752 709 826 episeopus,
734 750 772 807 de
795 749 893 807 Scotia
907 763 1001 805 causa
1055 747 1156 821 gbem,
1172 753 1200 806 et
1214 749 1246 805 in
1260 746 1330 806 villa
1342 747 1490 819 Holthem,
1506 764 1631 806 mansos
1645 748 1898 824 quatuordecim,

171 841 314 900 orationis
328 842 462 914 veniens,
475 847 505 899 et
518 842 600 916 apud
615 841 717 899 villam
732 839 1000 915 quemdamS.Ba-
1055 841 1084 894 et
1096 837 1128 894 in
1142 853 1221 912 pago
1233 837 1444 909 metelentinse,
1467 838 1499 894 in
1523 837 1594 896 ville
1609 838 1737 908 Siclinis,
1769 854 1898 896 mansos

170 931 256 988 vonis
283 930 505 988 haereditariam
528 947 546 987 a
570 931 641 988 viris
668 929 806 1002 malignis
820 927 1000 996 interfectus,
1056 930 1185 1002 quatuor
1198 945 1269 985 cum
1284 928 1465 986 molendinis
1479 928 1600 987 duobus
1625 935 1654 987 et
1678 927 1803 986 cambis
1826 928 1899 984 dna-

172 1020 307 1094 palmam
322 1023 367 1077 est
378 1020 518 1093 martyris
530 1037 549 1078 a
561 1020 678 1077 Christo
692 1019 829 1092 adeptus.
1056 1016 1114 1073 bus
1126 1034 1133 1085 ;
1164 1020 1193 1073 et
1215 1016 1246 1073 in
1260 1033 1341 1090 pago
1355 1017 1535 1074 'tornacensi
1564 1015 1667 1074 villam
1695 1017 1897 1074 Fontaneiam

208 1113 310 1167 Nonus
334 1108 430 1166 beate
455 1109 608 1166 memoriae
637 1109 792 1179 ltacarius,
812 1105 1002 1166 Antiochense
1056 1105 1179 1164 nomine
1205 1123 1275 1164 cum
1301 1106 1443 1164 omnibus
1470 1106 1677 1180 appendiciis;
1706 1111 1736 1164 et
1760 1108 1897 1180 inpage

173 1198 262 1269 sedis,
285 1197 392 1271 utipse
408 1197 582 1265 testabatur,
609 1196 862 1271 archiepiscopus,
891 1199 924 1252 ut
946 1194 1002 1268 ipsi
1056 1197 1192 1253 Trecensi
1216 1196 1318 1254 villam
1347 1196 1526 1254 Columnam
1546 1196 1669 1268 dictam,
1698 1197 1777 1254 item
1805 1197 1898 1253 aliam

143 1325 145 1336 ,
173 1287 304 1344 vidimus
316 1287 365 1359 (2),
380 1287 526 1360 sapientia
538 1291 567 1344 et
583 1303 703 1346 morum
715 1287 871 1354 honestate
880 1283 1004 1359 prscla-
1056 1285 1159 1343 villam
1171 1286 1292 1344 nomine
1307 1285 1441 1352 Niolam;
1467 1291 1496 1343 et
1522 1286 1553 1342 in
1577 1302 1657 1360 pago
1673 1285 1897 1343 Bracbantensi

172 1393 224 1433 rus
236 1391 329 1449 quem
345 1376 488 1432 Dominus
503 1381 573 1451 post
586 1375 682 1434 multa
697 1375 943 1450 peregrinationis
958 1373 1003 1428 in·
1058 1373 1160 1431 villam
1175 1378 1270 1432 lieren
1281 1391 1351 1432 cum
1365 1375 1491 1434 ecclesia
1509 1379 1539 1432 et
1560 1377 1676 1433 mansis
1698 1375 1898 1450 septuaginta

174 1465 344 1534 commoda,
362 1464 449 1520 nobis
464 1469 507 1520 est
519 1465 717 1522 transmittere
741 1464 893 1535 dignatus
914 1467 1004 1535 atque
1058 1467 1192 1537 septem;
1219 1463 1289 1520 item
1315 1464 1476 1522 Crainbam
1503 1463 1605 1522 villam
1623 1480 1694 1522 cum
1719 1463 1898 1521 ecclesiast

172 1553 328 1627 praesentis
343 1553 410 1609 vitae
425 1553 563 1610 molestia
578 1558 711 1621 exutum,
731 1558 760 1611 ct
783 1558 894 1609 aeterna
910 1551 1003 1622 gloria
1060 1553 1173 1610 mansis
1186 1553 1325 1623 triginta;
1341 1554 1411 1610 item
1427 1553 1588 1610 Bellavium
1614 1569 1686 1610 cum
1714 1552 1850 1610 ecdesia
1874 1559 1898 1607 et

174 1641 369 1699 sublimatum
389 1642 501 1699 crebris
525 1642 740 1700 miraculorum
763 1642 855 1714 signis
881 1640 1003 1697 mirifice
1020 1665 1039 1720 Β
1058 1642 1201 1700 omnibus
1241 1639 1452 1717 appendiciis;
1494 1643 1563 1700 item
1604 1643 1773 1714 megasius
1798 1639 1897 1700 villam

172 1729 335 1788 decoravit.
1059 1748 1129 1789 cum
1156 1731 1299 1789 omnibus
1324 1731 1488 1800 reditibus;
1517 1732 1589 1791 item
1614 1731 1719 1790 villam
1742 1731 1895 1802 uittnmm,

211 1819 321 1878 Deinde
343 1824 457 1893 quanta
479 1820 561 1894 apud
585 1837 641 1878 nos
665 1820 865 1894 plurimorum
887 1824 1004 1876 saneto·
1059 1835 1129 1876 cum
1144 1818 1269 1876 ecclesia
1283 1817 1469 1876 etomnibus
1483 1819 1676 1892 adjacentiis;
1697 1821 1773 1876 item
1797 1819 1896 1876 villam

172 1923 243 1964 rum
267 1907 395 1981 pignora
423 1907 608 1976 habeantur,
636 1909 747 1965 scilicet
779 1908 1004 1980 apostolorum,
1060 1908 1213 1975 ltersbem,
1231 1924 1299 1965 cum
1316 1907 1451 1978 ecclesia,
1482 1909 1586 1982 pratis,
1608 1909 1744 1983 pascuis,
1773 1907 1857 1965 silvis
1871 1913 1897 1964 et

174 1995 583 2069 martyrumconiessorum,
598 1997 759 2068 virginum,
786 1997 951 2069 antiquitus
966 1997 1005 2054 ab
1059 1996 1202 2053 omnibus
1227 1997 1423 2068 adjacenb'is;
1451 1996 1522 2054 item
1550 1997 1651 2054 viltam
1673 1997 1805 2068 Singem
1830 2014 1897 2053 enm

174 2085 241 2159 ipsc
263 2084 493 2143 Christianitatis
517 2087 640 2142 exordio
669 2086 832 2156 recondita,
861 2085 917 2142 nisi
937 2085 1006 2159 quis
1060 2085 1187 2142 ecclesia
1211 2090 1239 2143 et
1260 2085 1373 2144 caeteris
1389 2086 1428 2144 ad
1444 2085 1543 2159 ipsam
1557 2086 1782 2161 pertinentibus
1800 2106 1807 2154 ;
1828 2086 1895 2143 item

175 2173 269 2231 oculis
283 2173 454 2249 inspexerit,
470 2190 570 2248 neque
585 2175 729 2244 narranti,
751 2190 850 2248 neque
866 2174 1006 2236 scribenti
1060 2173 1164 2232 villam
1178 2175 1351 2246 Badcngem
1365 2191 1436 2232 oum
1448 2175 1573 2232 ecelesia
1596 2181 1627 2232 et
1645 2175 1819 2233 reddin'bns
1838 2193 1893 2232 ote-

175 2262 261 2322 tacile
275 2263 383 2321 credet.
402 2266 434 2320 Et
450 2263 532 2337 quod
547 2280 583 2320 cx
595 2263 643 2321 bis
661 2265 831 2322 maximum
853 2270 882 2321 et
895 2264 1005 2338 pretio-
1062 2264 1148 2334 teris;
1177 2265 1248 2322 item
1264 2263 1366 2322 villam
1380 2263 1532 2322 lturtesels
1546 2281 1616 2323 oum
1626 2263 1761 2322 ecclesia
1773 2266 1890 2338 surisque

175 2355 390 2424 sissimum,est
403 2371 473 2429 pars
488 2355 631 2431 quadam
642 2370 754 2427 magna
768 2355 841 2428 ligni
856 2355 1005 2424 salutaris,
1061 2354 1262 2428 appendiciis;
1292 2353 1364 2411 item
1392 2354 1422 2410 in
1446 2355 1587 2412 ltasmine
1610 2370 1740 2412 mansos
1761 2355 1888 2429 quinque

175 2445 326 2519 cumipse
341 2445 547 2518 Redemptoris
564 2446 656 2503 nostri
672 2462 778 2503 cruore
799 2445 1005 2503 manifestissi·
1060 2460 1131 2501 oum
1144 2443 1288 2510 ecclesia;

175 2549 225 2589 me
239 2533 370 2607 perfusa,
387 2539 415 2591 et
429 2533 575 2591 fabricata
588 2551 672 2602 auro,
690 2534 878 2608 gemmisque
897 2534 1005 2608 pretio·
1097 2533 1130 2587 Et
1144 2531 1175 2587 in
1185 2545 1266 2604 pago
1282 2531 1453 2590 Flandrensi
1469 2533 1634 2605 bettingem
1648 2549 1721 2590 cum
1732 2531 1893 2590 ecclesiast

176 2621 216 2678 sis
226 2621 433 2679 decentissime
447 2621 567 2680 inserta.
1061 2619 1203 2676 omnibus
1218 2620 1255 2676 ad
1275 2621 1374 2693 ipsam
1387 2621 1624 2696 pertinentibus;
1647 2622 1721 2680 item
1744 2623 1894 2680 licitasma

211 2715 294 2769 Nunc
322 2713 421 2782 igitur,
450 2711 576 2770 domina
598 2719 701 2771 nostra
723 2713 909 2780 dulcissima,
930 2728 1006 2785 quo-
1060 2708 1374 2774 enmecclesia;item
1389 2708 1675 2780 Ottoldecclesiam3
1706 2712 1783 2768 item
1809 2712 1894 2768 eccle·

176 2799 344 2856 niamsatis
358 2800 568 2857 vobisiactum
588 2807 632 2857 est
646 2801 683 2857 de
698 2799 874 2875 eorporibirs
897 2806 926 2858 et
940 2801 1006 2858 reli·
1061 2797 1138 2854 siam
1166 2796 1323 2870 adingem.
1354 2799 1427 2855 ltem
1455 2798 1486 2856 in
1511 2814 1592 2873 pago
1616 2800 1783 2874 ltempisco
1797 2800 1892 2856 villam

175 2887 254 2960 quiis
276 2893 461 2954 sanctorum,
490 2889 719 2956 animadvertat,
747 2891 770 2946 si
793 2889 891 2963 placet
909 2895 1007 2947 vestra
1061 2887 1264 2956 Guntrcngem
1278 2902 1348 2943 eum
1362 2886 1504 2956 ecclesia;
1526 2891 1556 2944 et
1579 2887 1613 2945 in
1635 2903 1719 2961 pago
1734 2888 1893 2955 (lundensi,

175 2974 282 3048 pietas,
299 2975 398 3049 qualis
412 2982 606 3050 quantusque
621 2977 763 3034 bicloous
778 2978 960 3052 eliminent,
979 2983 1042 3074 etc
1061 2973 1145 3032 villas
1160 2975 1227 3042 bas,
1241 2975 1415 3049 Hemtborp,
1436 2975 1574 3049 Huioine,
1594 2975 1722 3048 Bergine
1738 2979 1810 3034 was
1836 2993 1895 3034 mo·

176 3062 217 3119 ad
230 3063 352 3137 qualem
367 3079 447 3122 nunc
461 3064 606 3140 'delapsus
620 3066 777 3139 inopiam;
798 3072 826 3125 et
841 3072 942 3126 tamen
957 3085 1006 3126 ca·
1061 3063 1227 3121 nestsrium
1253 3081 1322 3121 cum
1351 3063 1493 3122 omnibus
1513 3065 1701 3140 appendiciis
1726 3081 1850 3137 eorum,
1870 3070 1895 3122 et

176 3157 231 3226 put
241 3151 382 3223 regionis,
398 3153 563 3227 primatum
578 3161 682 3214 tenens
704 3163 880 3216 caeterarum
907 3159 1007 3216 civita-
1061 3152 1187 3210 ecclesia
1200 3153 1231 3210 in
1245 3153 1464 3211 ltercndrasita.

175 3247 250 3313 tum,
267 3243 345 3302 etab
360 3245 491 3320 antiquis
504 3246 682 3304 Gandsvum
701 3249 848 3306 vocitatus
861 3253 1005 3316 castrum,
1098 3241 1155 3300 sed
1178 3246 1206 3298 et
1232 3242 1355 3300 comites
1383 3243 1606 3316 provinciarum
1631 3249 1660 3302 et
1680 3244 1821 3321 episcopi
1840 3248 1893 3304 sin·

71 3340 76 3346 ·
175 3333 229 3391 ubi
252 3339 373 3391 sanctus
399 3336 533 3409 pontifex
562 3337 728 3408 Amandus,
756 3339 824 3413 post
852 3337 1007 3410 gentilium
1061 3331 1122 3403 guli
1138 3347 1243 3389 eorum
1255 3331 1448 3392 obtinuerunt
1458 3338 1559 3408 partes
1583 3351 1663 3404 sues,
1682 3337 1892 3410 unusquisque

175 3422 414 3491 conversionem,
429 3425 575 3498 templum
590 3427 726 3494 Domino,
749 3427 781 3484 in
795 3427 909 3484 bonore
927 3425 1007 3484 beati
1061 3421 1092 3478 in
1101 3421 1175 3478 loeis
1185 3421 1258 3490 suis,
1272 3437 1368 3496 usque
1381 3422 1421 3481 ad
1433 3427 1571 3497 tempora
1584 3423 1640 3496 pie
1650 3425 1806 3481 memorias
1815 3439 1892 3498 pres·

176 3509 383 3582 apostolorum
424 3511 568 3583 principis
597 3512 672 3568 Petri
703 3513 835 3586 reliquiis
866 3513 1007 3570 maximis
1061 3510 1226 3568 decessoris
1241 3514 1345 3578 nostri,
1361 3512 1476 3569 domini
1490 3512 1623 3570 videlicet
1641 3512 1757 3569 abbatis
1784 3513 1883 3569 edei-

176 3600 344 3654 construxit
358 3599 487 3666 insertis,
502 3605 591 3672 atque
613 3603 834 3658 monachorum
857 3602 899 3658 ibi
913 3605 1007 3659 cater-
1062 3598 1102 3668 ni,
1118 3599 1171 3673 qui
1196 3599 1300 3658 adiens
1324 3599 1498 3675 piissimum
1522 3601 1723 3676 imperatorem
1740 3601 1881 3658 ottonem

176 3699 248 3741 vam
262 3685 593 3760 instituens,privilcgiis
608 3689 1008 3764 apostolicisetregumprae-
1061 3688 1213 3761 quasdam
1225 3688 1351 3764 imperio
1367 3707 1422 3748 suo
1437 3690 1596 3764 contiguas
1610 3689 1693 3747 villas
1704 3689 1888 3764 impetrarit,

175 3773 269 3847 ceptis
282 3773 490 3832 decentissime
504 3775 710 3834 corroboravit
725 3795 732 3833 ε
747 3778 800 3835 ubi
821 3779 911 3836 etiam
935 3779 1008 3836 insi-
1063 3777 1248 3850 quibusdam
1277 3783 1309 3836 ut
1336 3785 1421 3838 erant
1444 3779 1486 3846 ibi
1513 3781 1624 3853 injttste
1641 3780 1774 3855 direpta,
1797 3785 1894 3838 morte

175 3861 244 3934 gnis
269 3865 354 3920 Peter
376 3865 468 3934 Baro,
498 3864 635 3922 omnium
658 3865 802 3923 virtutum
827 3865 1008 3939 perfectione
1063 3867 1157 3940 ipsius
1185 3867 1408 3940 interveniente,
1435 3868 1684 3938 remanentibus;
1713 3884 1753 3926 ex
1784 3867 1896 3942 quibus

175 3951 388 4026 probatissime
408 3958 647 4027 consummatus,
677 3970 695 4011 a
722 3957 780 4012 [tec
804 3956 1009 4029 omnipotente
1063 3955 1141 4013 duas
1154 3955 1271 4014 fiscales
1295 3957 1421 4015 detinuit
1443 3957 1606 4032 episcopus
1632 3957 1817 4026 leodiensis,
1838 3957 1898 4015 Cal-

177 4039 345 4099 sublimiter
358 4047 403 4100 est
421 4043 580 4101 exaltatus.
1064 4045 1171 4115 mund,
1199 4051 1228 4102 et
1246 4046 1395 4103 lteldrada
1418 4048 1467 4120 (3),
1491 4061 1562 4104 oum
1577 4063 1685 4104 eorum
1699 4046 1897 4122 appendiciis,

212 4130 347 4201 Cumque
360 4130 472 4188 meritis
487 4131 581 4205 ipsius
607 4138 635 4189 ct
657 4133 799 4190 virtutum
819 4134 912 4206 signis
928 4134 1009 4191 idem
1065 4138 1097 4192 ut
1123 4133 1276 4192 ltenoldus
1304 4150 1405 4192 comes
1433 4134 1600 4194 suessionis
1624 4135 1729 4194 villam
1751 4137 1898 4193 vasleiam

175 4212 261 4268 locus
274 4215 406 4286 quotidie
422 4217 625 4276 oblationibus
644 4220 779 4278 fidelium
801 4227 961 4292 augeretur
982 4227 1011 4278 et
1064 4227 1270 4298 nuncupatam
1283 4243 1289 4292 ;
1304 4225 1357 4281 sed
1370 4229 1399 4282 et
1413 4225 1584 4283 widmarus
1599 4224 1704 4282 villam
1730 4225 1897 4289 letbecam,

177 4305 331 4364 cresceret,
347 4307 416 4374 post
430 4305 559 4376 plurima
575 4323 725 4366 annorum
748 4309 908 4378 curricula,
937 4328 1008 4385 pec·
1065 4329 1134 4370 oum
1150 4313 1275 4371 ecclesia
1290 4318 1317 4371 et
1330 4314 1472 4372 omnibus
1491 4313 1690 4388 appendiciis,
1719 4321 1750 4372 et
1775 4314 1840 4372 lida
1855 4331 1899 4370 co

177 4386 250 4444 catis
286 4388 520 4447 Christianorum
558 4395 770 4468 exigentibus,
812 4375 1046 4456 northmanniD
1065 4401 1179 4459 mitisse
1204 4401 1307 4460 villam
1335 4402 1538 4472 warminiam,
1575 4419 1646 4460 cum
1687 4403 1899 4460 mansionibus

176 4476 279 4550 ipsum
292 4476 395 4534 locum
409 4479 531 4548 adeunt,
546 4486 676 4549 vastant,
692 4484 856 4544 incendunt
868 4493 896 4545 et
906 4489 1010 4546 omnia
1064 4491 1238 4565 quindecim
1252 4497 1281 4550 et
1296 4492 1359 4549 suis
1373 4491 1571 4566 appendiciis,
1600 4497 1630 4550 et
1647 4508 1755 4550 onmes
1770 4496 1900 4550 Renerus

177 4564 340 4638 diripiunt;
357 4567 550 4627 solummodo
566 4576 741 4628 sanctorum
752 4575 931 4648 corporibus
947 4594 1010 4635 ma·
1065 4581 1103 4652 (t)
1120 4580 1223 4638 villam
1240 4581 1331 4638 betha
1350 4597 1421 4638 cum
1434 4580 1559 4638 eeclesia
1580 4584 1609 4637 et
1623 4579 1685 4636 suis
1701 4581 1863 4651 reditibus,
1876 4587 1902 4637 et

176 4653 257 4712 xime
270 4654 404 4714 fidelium
419 4657 586 4727 laboribus,
602 4659 641 4717 ad
656 4663 783 4718 Mentem
796 4665 913 4734 regium
934 4669 1009 4724 bau·
1066 4670 1220 4730 Sconaria
1234 4667 1368 4728 similiter
1382 4675 1411 4727 et
1424 4669 1570 4728 Robertus
1584 4667 1687 4726 villam
1715 4671 1903 4742 Grenberga,

177 4742 347 4802 dunensem
362 4746 435 4818 iuga
450 4748 586 4823 dilapsis.
1065 4762 1094 4815 et
1105 4759 1226 4832 plurimi
1241 4759 1353 4832 plures,
1368 4775 1445 4832 ques
1457 4774 1598 4816 enarrare
1610 4757 1741 4830 longum
1756 4765 1814 4816 est

214 4834 348 4907 Cumque
363 4835 447 4905 inibi,
463 4844 584 4912 propter
608 4845 722 4898 metum
750 4843 884 4916 ipsorum
911 4848 1008 4903 [leno-
1102 4849 1218 4906 interim
1233 4849 1391 4921 quondam
1413 4849 1571 4921 hucusque
1593 4847 1631 4904 de
1650 4847 1766 4920 injusto
1783 4849 1833 4905 vel
1846 4851 1902 4905 vio

110 4935 119 4945 ·
177 4922 415 4993 rum,qu0niam
430 4926 533 4983 omnia
558 4936 790 5001 occupaverant,
811 4931 923 4998 diutius
946 4950 1010 4991 mo·
1063 4938 1347 4995 lenterlocosancto
1355 4937 1646 4995 ablatissummatim
1654 4937 1900 5009 perstrinximus,

176 5013 325 5081 rarentur,
340 5011 497 5070 baereditas
512 5030 617 5072 eorum
632 5032 720 5072 versa
735 5023 779 5075 est
797 5018 837 5076 ad
851 5020 966 5079 ebenus
981 5027 1010 5079 et
1064 5041 1146 5082 nuno
1158 5027 1318 5083 redeamus
1328 5027 1368 5085 ad
1380 5043 1426 5100 ea,
1443 5026 1467 5082 si
1480 5025 1580 5099 pietati
1592 5027 1699 5081 vestras
1712 5025 1826 5082 audire
1841 5029 1900 5101 pta·
1978 5053 1979 5056 ¹

177 5094 338 5154 domestici
362 5104 453 5173 atque
480 5104 613 5161 extranei
636 5104 824 5178 diripuerunt
847 5125 893 5166 ea.
910 5111 966 5168 Sed
981 5116 1009 5168 et
1065 5119 1193 5186 cetquse
1208 5115 1319 5172 sanctis
1335 5117 1555 5182 remanserunt,
1571 5113 1619 5170 vel
1632 5129 1701 5188 quae
1715 5119 1789 5187 post
1804 5129 1900 5170 rerer-

178 5199 312 5259 proavus
326 5188 451 5246 senioris
465 5193 558 5249 nostri
582 5209 712 5265 magnus
735 5197 888 5270 arnulfus,
917 5201 1009 5258 maxi·
1064 5201 1181 5260 sionem
1194 5219 1299 5260 eorum
1312 5203 1350 5261 de
1363 5203 1507 5278 predicto
1522 5201 1799 5270 monte,laborioso
1816 5203 1900 5260 suda-

180 5417 263 5546 baffi
275 5420 385 5551 3)pr
396 5424 615 5552 uiggmusdlota
622 5431 739 5512 aetatem
753 5430 903 5504 scriptoris
914 5434 1010 5492 Athel-
1067 5435 1216 5518 gardiem.
1230 5437 1359 5521 Celebris
1372 5437 1421 5495 bic
1434 5443 1479 5495 est
1493 5437 1590 5522 cultus
1604 5438 1632 5496 S.
1648 5438 1839 5530 Ermclindis
1850 5441 1900 5496 vir·

219 5560 244 5632 (a
275 5507 446 5635 restria,
466 5500 863 5639 trististristis
874 5505 1010 5632 illm,
1068 5508 1826 5648 {tiabatllltbllbtblttltlliffi·
1848 5511 1900 5566 Μ’

182 5631 242 5688 lteo
306 5633 397 5692 iensis
412 5636 469 5694 sub
482 5637 632 5704 decanatu
655 5641 800 5704 Thenensi
822 5661 916 5722 prope
932 5647 1010 5704 Hou—
1105 5650 1143 5722 (t)
1163 5653 1305 5722 liederus,
1320 5669 1372 5710 seu
1385 5652 1575 5725 Raginerins‚
1599 5653 1764 5710 liannonise
1791 5662 1900 5710 comes.
