3984 6182
92 186 158 244 serx
438 141 465 192 Ψ
760 173 848 234 vrrs
865 175 898 230 a.
915 175 1133 236 anselm.
1753 183 1806 240 see

90 308 216 381 injicere
230 322 350 374 manus,
366 304 462 362 socios
476 303 615 368 nefandis
640 304 761 377 instigat
784 300 921 363 vocibus,
937 303 961 356 Δ
977 299 1023 358 tire
1038 301 1177 360 saluteris
1191 302 1322 362 bostiam
1332 302 1475 373 fastidire,
1487 319 1586 362 cume
1611 308 1716 364 contra
1741 321 1805 362 ma-

90 403 245 472 quatenus
260 395 446 454 vinculatum
469 394 641 452 deformiter
662 394 823 451 traherent.
855 393 923 446 Fae·
976 404 1043 459 gnie
1057 391 1094 448 sit
1107 391 1284 452 obedientie
1302 393 1483 451 sententiam
1498 390 1610 466 judicis
1622 394 1802 467 exspectare.

6 547 8 554 ,
90 493 219 561 tumque
231 491 275 544 est
287 485 339 555 sic,
358 489 389 542 ut
400 484 563 542 assentatio
576 499 695 558 sempor
717 481 864 539 declivem
879 481 922 551 ty·
975 481 1012 534 At
1026 481 1179 552 quomodo
1194 497 1285 553 grave
1301 486 1345 540 ast
1360 481 1485 556 pigrities
1502 486 1570 552 tum,
1598 476 1731 540 officium
1753 499 1806 540 no-

89 576 195 636 ranuis
209 575 357 648 impetum
369 573 449 646 tacit,
462 577 523 631 uta
537 572 681 630 militibus
695 570 773 628 illico
780 567 920 634 vallatus,
974 566 1022 624 bis
1034 568 1227 654 humanitatis
1240 577 1269 629 et
1287 571 1438 630 exhausto
1450 569 1605 632 tormentis
1623 567 1752 645 pectoris
1764 588 1807 629 re

6 729 8 736 ,
92 671 123 724 et
134 665 284 738 religionis
298 663 434 722 vestibus
453 667 571 731 exutus,
581 664 612 720 in
627 661 757 736 bospitio
784 659 921 732 ipsorum
975 659 1138 730 frigerandi
1151 661 1269 736 copiam
1281 663 1441 736 praebere?
1457 662 1533 746 'dies
1549 665 1617 722 tuos
1638 662 1703 720 bac
1723 677 1808 721 exeo·

91 771 186 829 super
200 753 313 810 scalam
325 753 449 810 funibus
465 752 667 824 stringeretur.
684 753 743 806 iloe
756 763 834 806 ausu
859 749 921 802 tam
975 748 1016 805 tio
1029 752 1176 822 torqueat,
1192 755 1224 807 ut
1236 752 1353 824 quoties
1365 746 1526 826 cuiuslibet
1553 751 1672 824 generis
1700 752 1808 826 potum

91 845 237 902 scelerato
249 842 396 918 perterriti
415 841 538 900 comites
551 841 646 900 sancti
660 839 727 906 viri,
749 836 920 910 diffugiunt,
977 853 1091 908 sumas,
1107 836 1318 896 alienationem
1333 841 1440 898 mentis
1454 839 1601 908 incurras,
1628 837 1702 898 nulli
1727 840 1807 914 peri·

91 933 223 1007 exempli
236 932 361 1005 majoris
379 931 520 1003 imagine,
533 928 743 1006 propheticum
764 925 922 1000 implentes
977 925 1215 992 eulumlaturuS,
1231 928 1284 984 sed
1312 928 1485 1004 exemplum
1513 923 1723 987 inobedientis
1747 921 1806 986 boc

90 1021 287 1096 presagium,
303 1020 387 1094 quod
401 1019 509 1077 dicitur
525 1037 531 1076 :
549 1041 564 1070 u
580 1021 701 1076 Percutc
715 1019 878 1090 pastorem,
894 1017 923 1069 et
976 1019 1049 1088 typo
1064 1015 1209 1072 iuturus»
1227 1017 1317 1088 Cujus
1330 1017 1482 1075 sententiaa
1509 1017 1571 1074 vim
1594 1017 1676 1076 idem
1705 1015 1804 1076 vitalis

91 1112 303 1185 dispergentur
314 1124 384 1168 oves
395 1107 494 1182 gregis
508 1108 627 1180 (ttulit.
643 1110 755 1174 xxvii.»
774 1103 922 1162 Pretiosus
976 1104 1090 1175 multis,
1105 1105 1216 1180 quibus
1228 1107 1455 1181 posteavixerat
1467 1107 1565 1182 annis,
1584 1112 1724 1182 expertus
1749 1112 1803 1168 est.

90 1205 195 1258 autem
219 1199 324 1258 Christi
347 1201 474 1272 martyr,
516 1197 589 1256 olim
616 1196 762 1254 devotam
787 1192 922 1252 animam
976 1197 1051 1252 Nam
1061 1195 1179 1268 quoties
1193 1195 1598 1270 aliquemgustabatpotum,
1611 1192 1690 1254 illico
1704 1201 1804 1257 mente

90 1289 229 1348 oblatum
244 1287 278 1344 iri
292 1291 353 1344 lico
372 1286 575 1362 perpendens,
598 1287 714 1360 quanto
737 1280 857 1340 arctiori
880 1278 922 1335 di·
976 1289 1083 1358 captus
1105 1300 1160 1359 per
1178 1284 1262 1341 urbis
1290 1284 1405 1359 plateas
1425 1299 1539 1360 perque
1561 1275 1628 1344 ioca
1652 1290 1806 1360 petrarum

91 1377 232 1436 sorimine
247 1375 474 1448 confligendum
489 1374 546 1433 sibi
560 1373 711 1444 cognovit,
732 1375 814 1430 tanto
829 1373 921 1427 atten-
976 1371 1116 1447 abrupta,
1130 1377 1160 1430 ct
1172 1379 1371 1432 monumenta
1394 1377 1584 1432 mortuorum
1610 1370 1806 1433 discurrendo

90 1466 159 1524 tiori
177 1465 386 1537 sollicitudine,
401 1465 442 1522 ad
453 1463 583 1522 victoriae
615 1476 676 1517 sure
703 1460 813 1517 ducem
839 1456 921 1516 Chri·
975 1461 1143 1520 terribiliter
1164 1463 1382 1536 perstrepebat,
1406 1466 1435 1520 et
1458 1467 1562 1520 tamur
1588 1462 1630 1522 ita
1657 1459 1806 1538 stupidus,

92 1561 172 1612 stum
187 1573 218 1613 se
239 1555 374 1627 contulit,
398 1553 471 1612 ioris
496 1552 650 1628 patientia,
678 1549 817 1624 precibus
840 1547 921 1604 intus
975 1549 1049 1608 nulii
1064 1550 1330 1628 luitperieulosus.
1347 1551 1431 1626 Saepe
1456 1567 1579 1628 quoque
1604 1551 1646 1610 sic
1663 1555 1806 1623 evagatus

6 1687 7 1706 ,
90 1650 238 1714 armatus,
252 1648 313 1704 toto
326 1643 462 1702 videlieet
474 1643 580 1716 spiritu
594 1640 636 1698 illi
661 1640 822 1706 inherens,
835 1636 922 1709 cujus
937 1658 958 1714 g
976 1644 1030 1712 est,
1044 1645 1078 1698 ut
1091 1656 1145 1714 per
1159 1641 1319 1698 cacumine
1333 1640 1460 1698 turrium
1481 1645 1621 1712 curreret,
1650 1646 1679 1699 et
1701 1641 1807 1716 pruci-

89 1749 179 1790 amor
193 1734 331 1792 animum
345 1731 491 1802 deliniret,
504 1731 580 1788 dum
594 1729 723 1788 erudelis
737 1742 829 1802 prena
857 1740 921 1782 cor·
976 1728 1082 1802 pilium
1097 1727 1221 1786 minime
1232 1727 1378 1786 toleraret.
1391 1727 1536 1786 Caeterum
1547 1729 1683 1788 viridem
1698 1727 1806 1790 callem

90 1839 151 1896 pus
166 1822 302 1880 laniaret.
455 1875 456 1880 ,
975 1817 1033 1892 pise
1046 1818 1281 1878 conversationis
1293 1821 1372 1876 reeta
1386 1817 1628 1890 gradiebatur,et
1640 1819 1806 1878 missarum

414 1911 527 1968 CAPUT
545 1912 600 1966 lit.
975 1905 1074 1964 officia
1089 1909 1256 1980 ceteraque
1271 1904 1476 1965 Ecclesiastica
1491 1909 1610 1965 strenue
1617 1907 1803 1982 peragendo,

128 2001 345 2060 Emmercmari
355 2015 463 2070 corpur
476 1999 771 2056 secatum-interea
786 1992 920 2068 quinque
975 1994 1127 2052 charitatis
1140 1995 1246 2052 munia
1260 1999 1380 2066 cuncta,
1392 1999 1541 2070 quantum
1549 1995 1650 2066 valuit,
1659 1994 1804 2072 adimple-

91 2089 285 2148 carnificibus
296 2089 336 2146 ad
351 2088 518 2146 secandum
530 2084 724 2144 membratim
737 2087 827 2157 atque
851 2081 919 2140 arti·
974 2083 1030 2140 vit:
1046 2083 1104 2140 boc
1120 2087 1236 2141 tantum
1252 2083 1462 2158 sciamusque
1482 2084 1523 2141 ad
1547 2085 1640 2142 linem
1664 2085 1744 2157 vitre,
1771 2089 1805 2142 ut

88 2177 213 2236 culatim
229 2181 302 2236 laud
313 2177 475 2236 sacerdotis
484 2175 709 2250 corpusculum,
721 2177 754 2231 ut
762 2171 919 2230 bestialem
973 2171 1062 2228 nobis
1073 2172 1224 2242 aestimare
1240 2171 1425 2240 conceditur,
1440 2177 1534 2247 atpro
1548 2172 1687 2248 exemplo
1697 2177 1726 2231 et
1749 2189 1803 2230 oro

87 2266 210 2338 tyranni
223 2267 360 2326 animum
374 2265 531 2340 multiplici
540 2265 664 2324 vulnere
678 2266 847 2338 pascerent,
862 2261 919 2320 ela-
973 2261 1149 2320 humilitatis
1164 2261 1311 2336 custodia,
1326 2262 1457 2338 pertulit.

87 2356 154 2427 ctis,
168 2355 265 2416 divisa
278 2361 323 2414 est
338 2357 484 2414 sententia
500 2359 657 2414 tortorum.
674 2353 790 2427 Quippe
809 2352 871 2410 duo
882 2367 919 2410 ex
1290 2352 1403 2409 CAPUT
1421 2351 1488 2412 xlii.

86 2445 173 2519 ipsis,
185 2444 366 2504 detestantes
380 2444 572 2504 tamerudele
582 2443 727 2513 officium,
738 2440 859 2498 veniam
866 2455 920 2514 po
1009 2443 1226 2502 eminerammi
1236 2443 1405 2514 sepultura.
1420 2473 1455 2484 -
1469 2441 1585 2500 interea
1597 2439 1733 2500 locorum
1756 2441 1803 2500 in·

88 2532 253 2606 sudabant,
266 2549 305 2592 ne
315 2550 372 2607 pro
385 2533 436 2592 illo
450 2533 583 2592 taciuore
597 2531 716 2608 puniret
729 2546 782 2588 eos
794 2527 918 2601 justitia,
975 2531 1047 2590 colae
1062 2531 1195 2615 pretiosa
1208 2531 1350 2606 martyris
1365 2530 1505 2590 membra
1522 2527 1709 2590 humanitate
1724 2547 1804 2593 com·

88 2622 129 2679 ad
143 2622 227 2696 quod
242 2639 305 2683 non
316 2621 529 2692 volunteered
544 2621 664 2678 Domini
676 2619 722 2676 sui
734 2621 853 2689 cogeret
868 2633 920 2673 see·
975 2621 1078 2696 puncti
1089 2621 1123 2703 iu
1138 2619 1289 2692 arborem,
1302 2635 1371 2694 qua
1388 2619 1481 2693 Spina
1490 2618 1567 2678 Alba
1583 2623 1718 2690 vocatur,
1745 2619 1804 2678 coi·

86 2712 180 2782 vitia;
200 2713 298 2771 caeteri
313 2728 382 2770 vero
394 2725 540 2785 vanapro
564 2710 643 2766 veris
661 2708 854 2777 estimantes,
865 2709 921 2766 lla·
974 2710 1061 2779 lecta,
1077 2710 1151 2767 dum
1166 2708 1338 2780 conderent,
1353 2708 1541 2784 conditisque
1553 2723 1616 2768 non
1629 2708 1682 2766 diu
1704 2723 1803 2766 reres-

88 2817 157 2872 nus‚
170 2801 322 2876 inquiunt,
342 2793 495 2876 impudice
514 2796 690 2856 mulieribus
717 2797 854 2866 insertas,
880 2795 920 2854 ad
975 2799 1092 2874 sissent,
1104 2799 1166 2856 duo
1176 2798 1370 2874 pulcherrimi
1384 2798 1440 2856 viri
1455 2803 1544 2858 antea
1555 2815 1618 2864 non
1641 2797 1698 2858 visi
1721 2798 1804 2860 viam

87 2890 268 2949 deterrenda
281 2891 465 2948 incestorum
487 2887 622 2946 facinora
645 2884 767 2962 prasidi
791 2887 917 2958 oportet.
973 2889 1088 2962 regiam
1098 2889 1266 2966 equitantes
1278 2889 1316 2946 ds
1331 2893 1459 2966 utroque
1472 2893 1593 2948 arantes
1620 2889 1721 2960 latere,
1746 2905 1802 2964 pro

89 2983 193 3053 ltaque
208 2979 371 3052 digitorum
390 2975 531 3035 articulos
542 2973 718 3032 vulneribus
746 2977 917 3048 numerant,
934 3010 955 3068 G
975 2979 1118 3036 membris
1131 2977 1212 3038 beati
1221 2978 1380 3055 pontificis,
1397 2978 1450 3038 ubi
1461 2979 1560 3054 posita
1580 2979 1715 3048 luissent,
1731 2995 1802 3038 con·

88 3075 117 3126 el
132 3069 221 3126 simul
234 3073 305 3128 neta
319 3067 468 3138 dividunt,
481 3083 536 3142 per
550 3070 687 3141 tempora
700 3065 790 3124 morti
816 3079 918 3122 morae
973 3068 1143 3127 veniebant.
1160 3069 1274 3136 ouibus
1288 3069 1319 3126 in
1336 3069 1444 3128 arbore
1459 3069 1604 3146 predicte
1617 3069 1800 3140 monstratis,

89 3158 245 3231 tementes,
261 3163 294 3218 ut
306 3157 437 3216 amarior
457 3172 512 3230 per
535 3157 684 3214 tormenta
711 3150 834 3212 veniret.
861 3151 919 3210 Sed
973 3157 1143 3216 videntibus
1158 3159 1282 3228 cunctis,
1297 3157 1368 3216 illuc
1381 3159 1600 3234 pervenientes,
1617 3158 1716 3218 subito
1739 3173 1802 3218 non

88 3263 142 3306 cur
155 3251 291 3306 moretm
304 3243 688 3314 hicieoundia,ubi100us
711 3246 757 3298 est
781 3241 848 3298 voci
872 3257 920 3298 su·
974 3252 1218 3324 comparuerunt.
1235 3251 1294 3307 fluo
1309 3247 1514 3323 disparitione,
1529 3245 1582 3322 qui
1605 3251 1715 3322 praesto
1741 3245 1803 3304 rue-

88 3335 378 3412 spiriisinterclusee,
393 3351 456 3394 non
482 3332 708 3409 compositionis
731 3335 793 3390 arte
818 3330 918 3405 depic-
973 3343 1041 3396 rant
1051 3354 1157 3397 omues
1167 3336 1336 3414 stupetacti,
1347 3337 1388 3396 ed
1399 3337 1539 3398 arborem
1551 3336 1630 3396 illico
1643 3335 1804 3394 convolent

88 3431 125 3484 tte
137 3426 152 3482 i
166 3426 243 3498 Ergo
257 3425 388 3500 pedibm
407 3428 437 3482 θῒ
454 3423 597 3483 manibus
616 3421 771 3491 ebseitssih
799 3420 919 3480 lumini·
974 3432 1017 3485 tes
1028 3426 1269 3503 membrapaulo
1294 3429 1363 3484 ante
1390 3426 1489 3501 posita
1516 3441 1580 3484 non
1599 3425 1802 3496 invenerunt,

86 3515 146 3572 bus
161 3514 292 3586 0ff0³flisv
304 3514 429 3572 auribus
441 3511 615 3587 amputati&
625 3509 749 3569 mribus
759 3509 916 3580 iillss0⁸fifls
973 3518 1102 3593 factique
1118 3521 1187 3576 sunt
1201 3518 1292 3590 hujus
1303 3517 1347 3576 rei
1360 3521 1449 3576 metes
1465 3520 1494 3576 et
1506 3516 1612 3576 notifie
1629 3518 1660 3574 et
1670 3514 1802 3576 munte

87 3603 212 3662 tandem
226 3603 371 3678 pudicitia
383 3601 525 3678 martyris
537 3605 582 3659 est
607 3600 723 3671 invasa,
748 3604 778 3658 et
804 3604 918 3658 secreta
972 3624 1049 3684 pens
1063 3624 1181 3680 omnes,
1194 3607 1246 3682 qui
1261 3606 1466 3680 ejusdomloci
1476 3597 1596 3666 iuerent
1605 3605 1800 3678 habitatores,

86 3693 213 3767 pudoris
226 3691 394 3750 detestabili
403 3694 474 3749 sunt
485 3691 548 3749 acie
560 3689 664 3748 recisa.
680 3690 757 3748 Inter
771 3705 839 3766 ‹111oe
854 3705 917 3746 0¹11-
972 3698 1148 3756 consulente
1165 3696 1267 3756 divina
1279 3697 1476 3773 dispositione
1486 3697 1632 3756 membris
1654 3689 1714 3754 illie
1735 3711 1801 3770 pre·

85 3782 140 3840 nia
149 3781 180 3838 in
193 3781 315 3840 laudem
330 3781 553 3845 creatoris,vox
565 3778 706 3854 quamvis
720 3777 850 3847 modica,
862 3780 917 3835 lla·
972 3788 1064 3860 110st,
1079 3803 1147 3862 quae
1158 3802 1219 3844 non
1231 3786 1339 3846 amittit
1353 3787 1384 3845 in
1406 3787 1518 3846 sancus
1540 3787 1632 3844 edam
1657 3784 1802 3858 capillum

85 3871 219 3930 vidicum
233 3871 329 3931 melos
343 3870 484 3930 exacuit.
501 3869 588 3938 Quod
602 3867 659 3943 ipsi
671 3867 839 3946 invidentes
861 3866 917 3926 lin·
972 3876 1076 3952 capitis
1091 3876 1174 3948 (Luc.
1189 3877 1262 3948 xxi).
1285 3877 1360 3932 bum
1378 3875 1443 3932 brec
1467 3877 1621 3946 geruntm,
1650 3873 1703 3946 qui
1722 3873 1803 3930 circe

84 3977 178 4034 guam
197 3961 339 4020 radicitus
361 3959 499 4018 evulsam
519 3961 738 4030 resecaverunt,
754 3956 917 4032 relictoque
972 3970 1110 4024 sanetum
1124 3965 1175 4022 Dei
1188 3965 1317 4036 bierunt,
1332 3963 1467 4022 tollentes
1482 3977 1554 4022 eum
1569 3961 1607 4018 de
1629 3958 1801 4018 conaminis

83 4056 149 4107 tam
161 4050 361 4124 multipliciter
376 4065 454 4121 craso
468 4051 666 4106 recesserunt.
684 4049 748 4120 lpse
769 4061 841 4101 vero
866 4045 916 4101 bei
971 4070 1092 4129 eampo,
1107 4055 1139 4112 jn
1155 4054 1291 4128 plaustro
1306 4050 1471 4126 ponebant,
1485 4048 1659 4126 perducturi
1675 4063 1746 4106 eum
1768 4047 1800 4106 in

83 4139 212 4198 bellator
225 4140 257 4198 in
266 4138 374 4198 eodem
388 4137 518 4197 victoriae
533 4152 643 4212 campo
658 4150 763 4194 eruore
786 4132 916 4194 involve
971 4145 1073 4202 vinam
1086 4142 1239 4212 Asohgim,
1254 4157 1324 4216 qum
1338 4138 1470 4198 distabat
1482 4138 1601 4200 indam
1609 4137 1799 4209 milliaribus,

83 4228 184 4302 batur,
200 4229 296 4288 d⁰¹¹⁸⁰
309 4228 382 4286 ⁸0⁰5
394 4227 474 4286 beati
500 4226 586 4284 viiie
609 4224 732 4284 latebris
747 4228 775 4284 θῑ
798 4223 916 4297 ἃῦδῑῑῑίῦ
971 4234 1023 4293 ubi
1042 4239 1071 4294 et
1084 4232 1210 4292 ecclesia
1220 4223 1274 4290 luit
1288 4235 1318 4290 B.
1333 4231 1421 4290 Petro
1438 4221 1644 4306 apostatarum
1671 4229 1800 4305 principi

84 4317 288 4386 emersimus
302 4317 409 4374 vicina
423 4315 601 4376 maioribus
614 4312 914 4373 consummantum
970 4319 1119 4392 dedicata,
1135 4318 1331 4378 remurinus
1345 4319 1526 4378 ruricorum
1541 4318 1629 4390 rede,
1644 4322 1729 4381 rente
1754 4323 1799 4380 te-

83 4407 198 4478 exc'rtis,
213 4407 349 4468 ederant.
361 4409 443 4476 Quos
457 4405 564 4464 adesse
577 4419 776 4476 cognoscens,
803 4419 915 4478 equam
969 4409 1066 4484 lisque
1080 4425 1211 4484 persona
1225 4407 1375 4468 deficeret.
1391 4407 1517 4468 Proinde
1529 4409 1670 4468 mulieres
1683 4425 1721 4468 ex
1732 4407 1801 4468 viei-

86 4495 129 4554 ad
144 4495 371 4555 refocillandum
385 4494 635 4571 pectusrequirit.
664 4493 717 4552 Cui
744 4491 843 4551 Vitalis
868 4509 915 4550 su·
971 4498 1174 4571 niacotlecte,
1189 4503 1217 4558 et
1235 4499 1291 4557 viri
1313 4499 1428 4558 circiter
1453 4491 1585 4570 ducenti,
1609 4496 1798 4556 venerabiles

84 4585 240 4659 pradictus
250 4585 408 4662 presbyter
424 4603 431 4642 :
448 4606 462 4636 r<
476 4583 572 4644 Mirari
585 4583 656 4642 satis
672 4599 790 4658 nequeo
801 4581 915 4640 cunctie
971 4588 1116 4662 exequiae
1130 4587 1291 4666 prosecuti,
1301 4588 1419 4648 viscera
1431 4584 1703 4648 commiserationis
1723 4583 1799 4642 rotie

83 4691 163 4750 pene
176 4675 321 4734 membris
336 4675 465 4746 amissis,
482 4677 572 4750 atque
601 4674 702 4748 ipsum
722 4673 797 4731 lucis
823 4672 915 4731 limen
970 4677 1120 4738 indulsere
1134 4679 1285 4738 fidelibus.
1310 4681 1439 4738 limenas
1458 4677 1524 4749 jam
1547 4688 1661 4745 magne
1684 4672 1798 4732 itineris

83 4781 274 4838 egressurus,
288 4764 437 4842 quidnam
451 4767 558 4839 potum
572 4768 712 4839 exoptes;
730 4763 822 4838 quasi
835 4762 915 4822 dela·
969 4769 1065 4842 parte,
1085 4767 1116 4826 iu
1136 4783 1279 4844 campum
1303 4765 1470 4840 quemdem
1496 4763 1688 4836 gramineum
1701 4753 1798 4820 tribue

82 4854 173 4912 niatae
185 4853 310 4913 morulis
327 4853 395 4912 vitae
418 4853 573 4922 fruiturus,
593 4868 664 4910 eum
691 4857 752 4911 toto
780 4851 915 4910 cruciati·
970 4856 1103 4916 millibus
1118 4857 1279 4916 meantem
1293 4855 1389 4914 avico
1403 4851 1543 4912 aseheim
1559 4849 1795 4926 pereeuiebentr

82 4944 142 5001 bus
151 4945 325 5017 exhaustus,
340 4941 433 5002 finem
448 4942 612 5009 doloribus,
627 4941 834 5019 potiusquam
849 4956 916 5016 spa·
969 4949 999 5004 et
1012 4961 1080 5004 eece
1094 4945 1360 5018 transmigraturus
1370 4942 1411 5002 ad
1425 4941 1556 5000 coeleetie
1574 4939 1681 4998 beatm
1700 4938 1798 5013 pouq.

83 5036 160 5094 tium
170 5039 312 5110 exoptare
327 5034 464 5091 deberes.
478 5032 551 5089 »Ad
566 5033 630 5089 brec
643 5032 754 5092 athleta
781 5032 834 5092 liei
851 5034 915 5090 tam
969 5033 1017 5094 lex
1027 5050 1101 5092 voce
1114 5049 1177 5106 qua
1187 5033 1282 5090 valuit
1293 5031 1406 5105 ejidare
1422 5029 1521 5102 caepit,
1536 5029 1666 5087 meusne
1687 5029 1796 5088 horem

80 5120 914 5199 magnusedproetemendainsubditisvitia,quamin-
968 5122 1135 5181 vocationis
1158 5137 1219 5180 suae
1247 5120 1416 5180 advenisse.
1445 5118 1533 5187 Quod
1554 5117 1680 5192 qudam
1714 5132 1795 5176 com-

80 5212 179 5270 victus
194 5211 234 5272 ed
249 5211 393 5288 patienda
407 5214 566 5278 tormenta,
583 5209 722 5283 spiritum
733 5210 861 5284 collegit,
886 5208 915 5270 et
968 5210 1134 5272 meandum
1147 5210 1292 5270 subtiliter
1302 5209 1487 5281 discernam,
1500 5207 1728 5282 atdepleuetro
1751 5206 1796 5266 le·

79 5301 254 5360 animosam
265 5301 405 5359 virtulem
417 5300 553 5371 rationis,
565 5313 731 5374 parvoque
743 5299 841 5373 potuit
852 5315 914 5358 cor·
967 5299 1190 5360 vatumerieti
1203 5303 1369 5372 martyrem
1390 5297 1574 5358 dalmi
1594 5296 1701 5367 telluri
1721 5309 1795 5357 cen

80 5391 166 5466 poris
178 5391 248 5448 nisu
261 5391 554 5464 erexittemptatum
567 5387 661 5446 robur
673 5387 782 5444 mentis
791 5389 913 5460 grarim
967 5389 1196 5466 premonuieset
1210 5387 1319 5460 sodes,
1333 5405 1406 5448 mox
1419 5387 1587 5448 berbidoia
1600 5387 1703 5461 aprico
1724 5385 1795 5446 leee

80 5481 192 5550 terens,
208 5497 302 5555 quam
317 5480 525 5550 membrorum
540 5477 913 5552 serbones.»1mpatientis
968 5475 1167 5538 tremebunda
1178 5477 1322 5550 religione
1335 5476 1443 5536 resolvi
1454 5476 1555 5550 cupit.
1575 5476 1609 5534 ln
1630 5475 1711 5534 erite
1722 5483 1795 5534 vere

81 5573 138 5635 eet,
155 5570 263 5646 inquit,
279 5572 403 5640 cogente
415 5567 529 5638 dolore,
545 5565 805 5644 quempiamvelle
818 5569 913 5625 metas
968 5571 1079 5628 sancire
1092 5567 1201 5626 anime
1213 5565 1292 5624 illiue
1302 5566 1340 5626 de
1356 5569 1482 5641 emto
1492 5566 1585 5638 liujus
1602 5563 1720 5635 nendi,
1748 5562 1796 5622 le·

81 5659 319 5736 ritaepraesentis
333 5674 500 5736 erumpere,
516 5661 546 5722 et
565 5673 742 5720 consuram
768 5655 914 5732 pmuitca·
968 5673 1035 5716 cem
1052 5655 1141 5734 quasi
1166 5654 1317 5732 lampadis
1339 5655 1496 5719 immane
1519 5652 1795 5716 eumenem
