3996 6178
251 278 320 340 rire
928 279 1277 344 rolnarsnreera.
1860 289 1925 374 ,rire

250 416 327 473 cnm,
343 403 395 462 ubi
409 406 479 461 sunt
503 403 555 464 fila
568 421 628 464 aar
642 411 815 483 pergentem
833 407 920 482 juxta
939 407 991 466 fila
1005 423 1073 482 quae
1088 405 1113 463 Α
1130 405 1328 465 casteldiones
1343 405 1380 466 de
1396 411 1456 466 tota
1469 407 1623 466 Portuensi
1630 404 1758 478 civitate,
1769 405 1829 465 sire
1843 408 1927 483 depor-

250 493 318 550 sunt
328 491 499 551 monasterii
514 485 562 569 (de
581 491 715 572 Mirandi)
728 490 758 555 di
771 495 903 556 Miranda
920 510 1016 572 usque
1042 491 1074 554 in
1130 491 1167 552 tis
1182 494 1231 552 vel
1244 495 1282 554 de
1297 495 1436 565 navibus,
1449 514 1504 556 nec
1518 513 1579 554 non
1606 497 1644 554 dc
1671 501 1733 555 tota
1762 497 1928 558 Burdunarie

247 580 390 663 Stagnum
406 579 510 656 trojus,
525 588 554 642 ct
565 585 813 661 (tertiampartem
826 583 960 662 predicti
973 585 1074 658 stagni
1128 585 1176 642 vel
1191 585 1341 663 quidquid
1355 591 1438 645 extra
1450 587 1496 645 rel
1511 585 1588 645 inira
1604 583 1780 662 ubicunque
1793 587 1847 644 illis
1866 592 1928 662 pert·

246 656 369 741 Maioris
385 673 414 727 ct
439 685 494 749 per
520 673 618 747 ripam
645 674 750 748 ipsius)
771 692 826 750 per
845 675 944 750 ripam
972 675 1074 748 Stagnl
1128 669 1217 745 nuit;
1239 675 1351 750 dejam
1378 675 1458 736 dicto
1486 676 1652 735 ministerio
1678 677 1770 735 rathis
1796 679 1929 752 vestrisque

246 749 342 830 iisque
370 755 401 816 ln
423 759 692 835 Borcuna'rtomet
717 777 735 820 a
756 764 841 838 (pede
869 760 1073 837 antiquorum)
1130 767 1354 842 successoribus
1395 768 1546 843 perpetuis
1582 767 1770 842 temporibus
1802 768 1929 826 tribuinns

54 877 56 884 ·
140 858 141 861 ’
245 847 457 923 pedefilornm
472 869 568 927 usque
583 852 614 909 iu
637 853 773 928 Baccani,
789 859 929 928 eiusque
944 854 974 911 in
997 858 1074 910 terra
1130 853 1370 930 (possessionem)
1384 855 1611 931 possidendam,
1624 855 1929 934 itautqualemaunqre

246 937 284 996 de
294 939 426 1014 praedicti
440 942 595 1018 episcopii,
624 947 652 1000 et
678 959 774 1018 usque
793 944 824 1001 in
853 943 982 1002 formam
1004 959 1072 1018 quae
1127 943 1282 1017 hominem
1296 943 1410 1002 ibidem
1425 945 1603 1003 constituere
1617 945 1773 1003 volueritis
1791 947 1928 1003 castaldeo

245 1034 370 1088 vocatur
384 1033 514 1103 Arciam,
528 1039 557 1091 et
570 1051 623 1108 per
648 1034 747 1112 ipsam
772 1035 901 1093 formam
921 1033 1072 1110 usquein
1128 1039 1181 1091 aut
1203 1035 1415 1108 madatarium,
1439 1041 1544 1093 restrae
1578 1036 1714 1110 potestati
1750 1036 1891 1105 consistat,
1911 1046 1929 1092 et

245 1119 344 1180 rivum
358 1122 411 1198 qui
424 1128 548 1184 vocatur
562 1124 687 1194 Galeria,
704 1130 733 1184 et
745 1125 822 1185 ultra
848 1124 994 1184 Galeriam
1020 1141 1073 1201 per
1128 1124 1276 1200 quidquid
1290 1142 1326 1182 ex
1341 1125 1407 1201 ipso
1421 1125 1585 1183 ministerio
1600 1126 1773 1200 acquisierit
1787 1126 1831 1183 rel
1844 1127 1928 1183 batere

245 1211 376 1270 formam
389 1215 531 1288 usquein
545 1215 724 1291 praedictum
737 1217 870 1292 primum
889 1215 1011 1274 affinem
1034 1215 1071 1273 de
1127 1215 1244 1289 poterit,
1259 1215 1347 1272 robis
1361 1215 1527 1290 vestrisque
1541 1215 1772 1273 successoribus
1797 1215 1926 1281 deteratur,

246 1303 332 1360 Prata
347 1304 458 1362 caraci.
1128 1303 1274 1378 quidquid
1290 1303 1377 1361 robis
1394 1303 1538 1379 placuerit
1559 1303 1665 1361 exinde
1690 1304 1828 1372 faciendi,
1853 1307 1926 1374 tanen

282 1394 430 1453 intrabas
447 1412 516 1454 vero
528 1395 603 1454 fines
614 1397 681 1455 loca
695 1402 724 1455 et
737 1398 886 1456 vocabula
915 1400 986 1454 sunt
1007 1396 1072 1454 haec
1128 1393 1153 1449 si
1165 1398 1268 1451 nostra
1283 1394 1394 1465 comiti,
1409 1393 1457 1452 vel
1469 1397 1640 1452 nostrorum
1655 1393 1872 1452 successoribus
1884 1393 1926 1468 pla-

246 1484 403 1556 sequentes
420 1501 426 1543 :
444 1479 600 1556 Caesarius,
617 1479 738 1558 Palmis,
760 1482 954 1559 Sorbilianus,
967 1484 1073 1544 Panta÷
1128 1483 1221 1541 cuerit
1235 1482 1273 1541 de
1286 1483 1347 1556 illo,
1361 1485 1444 1558 quod
1457 1484 1497 1542 ad
1511 1488 1646 1541 nostrum
1659 1485 1807 1560 palatium
1820 1485 1924 1558 pertinet,

244 1587 319 1630 num
333 1574 443 1648 majus,
456 1576 543 1635 clusa
554 1581 651 1634 vetere
662 1578 758 1650 (retus
780 1577 863 1635 curia
890 1577 927 1634 de
957 1575 1072 1635 Galeria
1127 1571 1925 1650 fidelitatemjuretlpsinamquecomites,quiperten-

244 1661 411 1720 Panianum
426 1659 548 1737 majus),
571 1665 705 1723 lieodian
732 1667 912 1740 (Horatiorum
926 1666 1011 1724 Mons
1035 1659 1072 1723 de
1126 1678 1202 1736 pora
1216 1663 1336 1738 (ipsam)
1351 1663 1464 1722 ibidem
1486 1663 1595 1721 fuerint
1610 1664 1744 1736 (anobis
1758 1663 1802 1720 rel
1816 1665 1922 1721 aratris

245 1745 421 1823 canaparia
436 1755 515 1812 celsa
529 1747 696 1828 bonnaria),
712 1755 883 1828 tinginosus
898 1771 986 1812 mons
999 1757 1072 1814 cana
1089 1769 1109 1828 g
1127 1753 1360 1824 successoribus)
1377 1751 1565 1812 nullomodo
1594 1755 1688 1812 alium
1716 1753 1871 1812 castaldum
1889 1757 1923 1808 aut

157 1869 159 1872 ·
244 1839 399 1915 nopai-ins,
430 1840 523 1913 celza,
547 1845 644 1902 Limes
673 1843 771 1918 major
804 1847 912 1920 (major
945 1853 1071 1920 'campus
1127 1844 1352 1902 mandatarium
1376 1845 1509 1903 audeant
1529 1847 1669 1904 ordinare
1693 1845 1743 1902 rel
1770 1845 1921 1901 constituere.

243 1931 422 2006 publicum),
456 1934 640 2006 stagnellum
666 1936 873 2006 maledictum,
902 1935 999 2005 liceli,
1029 1937 1071 1993 Pi·
1126 1933 1310 2009 preaterillos
1325 1945 1471 2010 quassos
1486 1935 1638 1994 selvestri
1664 1951 1849 1993 successores
1868 1933 1920 1989 ordr-

244 2020 329 2078 scina
362 2021 514 2092 Galiarda,
552 2024 741 2095 Olibastrurn,
770 2025 954 2098 stagnellum
987 2042 1070 2100 perc·
1125 2023 1203 2081 natis
1218 2025 1264 2083 vel
1279 2025 1457 2083 constitutis.
1471 2025 1557 2092 Quod
1571 2026 1596 2082 si
1611 2026 1747 2094 iecerint,
1768 2023 1813 2082 rel
1836 2023 1919 2094 dejero

244 2110 364 2183 grinum
379 2128 449 2170 cum
464 2113 605 2172 omnibus
618 2131 723 2172 eorum
733 2116 926 2190 pertinentiis.
938 2119 995 2174 Nec
1008 2131 1071 2174 non
1126 2113 1205 2172 dicto
1218 2114 1411 2173 castaldatico
1425 2115 1540 2191 aliquid
1554 2116 1699 2174 violenter
1712 2114 1879 2178 abstulerint,
1889 2109 1919 2167 rel

244 2205 272 2258 et
295 2199 511 2262 confirmamus
533 2203 620 2262 vobis
648 2205 814 2280 vestrisque
834 2205 1069 2264 successoribus.
1126 2204 1323 2279 quaeanobis
1336 2201 1916 2280 vobisvestrisquesuccessoribustradite

243 2290 455 2366 Perpetualiter
470 2298 601 2369 quatuor
614 2295 647 2352 ia
658 2295 808 2368 integrum
823 2297 1001 2372 principales
1017 2312 1071 2354 un·
1128 2300 1197 2354 sunt
1210 2295 1348 2368 frangere
1364 2300 1415 2354 aut
1434 2296 1581 2354 contraire
1611 2296 1768 2366 voluerint,
1791 2291 1916 2367 unusqm-

243 2380 310 2453 aas,
325 2382 408 2455 quod
422 2387 468 2442 est
479 2383 563 2442 tertia
576 2401 647 2460 pars
670 2385 707 2442 de
731 2391 793 2444 toto
821 2391 929 2458 stagno
956 2387 1071 2462 majore
1127 2402 1186 2460 que
1201 2403 1232 2443 rr
1243 2385 1295 2443 lib.
1312 2387 1377 2444 auri
1389 2387 1556 2460 persolvat3
1571 2387 1764 2444 medietatem
1777 2400 1839 2443 rero
1862 2385 1915 2459 epis·

243 2473 407 2530 Portucnsi.
428 2477 562 2549 Itemque
589 2476 783 2536 concedimus
806 2481 835 2534 et
855 2473 1071 2537 confirmamus
1127 2477 1298 2551 copatui‚et
1310 2477 1502 2535 medietatem
1517 2478 1548 2535 in
1560 2481 1663 2536 nostro
1677 2477 1800 2552 palatio,
1823 2473 1913 2548 ctqrol

243 2559 331 2620 vobis
357 2563 523 2638 vestrisque
547 2565 772 2624 successoribus
806 2573 917 2626 turrem
941 2567 972 2625 in
996 2567 1071 2626 inte·
1127 2566 1167 2625 ab
1181 2566 1224 2624 eis
1238 2567 1269 2625 in
1286 2569 1483 2636 (castaldatu)
1497 2571 1634 2625 nostrum
1657 2567 1866 2632 castaldionem,
1885 2561 1914 2618 rei

243 2667 331 2724 grum
342 2668 410 2728 quae
424 2656 550 2712 vocatur
575 2653 614 2712 de
641 2654 728 2729 Albo,
755 2672 825 2714 oum
852 2657 940 2729 casis,
965 2656 1070 2730 vineis,
1126 2655 1157 2714 in
1178 2656 1397 2730 (mandatariis)
1425 2651 1648 2715 mandatarium
1674 2657 1836 2714 ordinatum
1854 2651 1914 2710 tuerit

242 2739 346 2810 hortis,
358 2741 452 2812 terris,
466 2743 592 2818 campis,
606 2745 710 2818 pratis,
737 2744 867 2820 pascuis,
890 2745 982 2817 silvis,
997 2762 1072 2821 pan·
1127 2751 1298 2805 evacuetur.
1316 2747 1344 2806 Si
1358 2762 1428 2804 raro
1443 2751 1607 2804 contumax
1619 2745 1771 2818 exstiterit,
1791 2759 1869 2819 usque
1887 2739 1912 2796 ed

242 2829 321 2889 tanis
335 2836 363 2890 et
376 2831 456 2904 rivis,
468 2833 554 2891 cultis
569 2838 597 2891 et
608 2835 738 2902 incultis,
752 2835 855 2892 vacuis
876 2838 905 2893 et
919 2835 1026 2911 plenis,
1042 2840 1072 2893 et
1126 2852 1230 2895 veram
1246 2838 1400 2910 (vestram)
1415 2835 1649 2896 satisfactionem
1676 2833 1911 2894 excommunicetu

243 2938 312 2979 cum
327 2917 469 2982 omnibus
483 2924 523 2982 ad
537 2925 712 3000 praedictam
726 2925 851 2997 (turrem
866 2928 894 2982 et
921 2925 1070 2983 cualdurn
1127 2926 1242 2984 existat.

243 3012 400 3085 Longaria)
421 3017 533 3070 turrem
548 3013 724 3084 generaliter
738 3018 767 3071 et
778 3013 810 3071 in
821 3013 971 3088 integrum
984 3015 1071 3090 perti-
1162 3019 1295 3092 Itemque
1310 3015 1506 3073 concedimus
1523 3019 1551 3073 et
1564 3015 1761 3073 contineamus
1773 3013 1846 3070 robis
1867 3026 1911 3066 res·

243 3098 396 3174 uentibus,
408 3101 495 3160 sicuti
506 3099 611 3159 affines
625 3102 690 3175 ejus
702 3101 870 3176 designaut,
887 3120 905 3162 a
920 3103 1018 3178 primo
1030 3104 1105 3189 lac
1126 3105 1238 3181 trisque
1259 3107 1485 3164 successoribus
1509 3107 1542 3163 in
1570 3111 1748 3180 perpetuum
1770 3103 1803 3161 da
1826 3101 1911 3158 civitate

242 3191 303 3247 tere
316 3188 398 3248 rivus
413 3191 465 3264 qui
478 3193 605 3248 vocatur
617 3190 742 3262 Galeria,
757 3195 817 3250 eta
831 3191 964 3250 secundo
977 3193 1070 3251 latere
1126 3199 1286 3254 Portueuse
1301 3195 1379 3254 duos
1389 3195 1553 3271 piscatores
1566 3199 1595 3253 et
1608 3195 1686 3252 duos
1701 3195 1821 3263 curiales,
1830 3189 1909 3266 quales

240 3277 352 3348 fluvius
377 3280 429 3358 qui
443 3285 568 3340 vocatur
581 3280 703 3350 Tiberis,
714 3285 744 3339 et
755 3297 774 3340 a
787 3283 872 3341 tertio
887 3284 979 3342 latere
1006 3283 1071 3342 Pul·
1124 3303 1178 3344 ros
1191 3285 1239 3344 rel
1251 3285 1338 3344 vestri
1349 3302 1538 3344 successores
1548 3285 1657 3356 eligere
1668 3283 1805 3343 volueritis
1815 3278 1909 3352 deipsis

240 3370 387 3444 verbula,
402 3375 463 3430 cta
484 3375 592 3446 quarto
613 3371 704 3429 latere
726 3370 825 3430 torma
852 3389 922 3448 quae
947 3379 1071 3434 vocatur
1125 3375 1301 3433 hominibus
1314 3374 1367 3450 qui
1382 3374 1494 3432 ibidem
1508 3375 1627 3444 fuerint,
1644 3380 1695 3432 aut
1706 3372 1814 3431 inveniri
1823 3375 1909 3444 potue·

240 3462 371 3524 motion
387 3459 587 3520 concedimus
602 3461 691 3518 etiam
714 3459 789 3535 ipsis
813 3462 989 3522 hominibus
1017 3463 1071 3539 qui
1125 3465 1194 3522 rint.
1210 3465 1318 3522 Vestrae
1333 3464 1434 3538 itaque
1446 3463 1629 3536 religiositati
1641 3464 1700 3522 hac
1713 3460 1798 3520 amaia
1813 3459 1839 3513 in
1850 3471 1907 3527 per-

240 3566 296 3626 pro
311 3556 445 3624 tempore
455 3547 618 3606 habitaturi
630 3554 700 3606 sunt
713 3549 744 3608 iu
755 3551 900 3625 praedicta
914 3555 1013 3618 Turre.
1028 3553 1071 3612 ita
1125 3558 1250 3631 potuum
1264 3553 1457 3611 concedimus
1472 3557 1501 3610 ct
1515 3553 1727 3612 confirmamus.
1741 3553 1800 3605 ltern
1819 3543 1902 3600 statui·

240 3645 274 3698 ut
287 3639 398 3698 nullius
413 3637 563 3718 potestati,
574 3637 686 3696 nullius
697 3639 803 3700 ditioni
813 3639 873 3698 sint
881 3640 1003 3711 subditi,
1019 3647 1071 3701 aut
1125 3661 1194 3702 mus
1208 3643 1291 3718 qnod
1306 3643 1361 3719 ipsi
1378 3641 1440 3700 duo
1450 3641 1517 3718 (ipsi
1529 3659 1661 3720 namque
1671 3641 1725 3698 dno
1736 3638 1868 3714 piscatores
1879 3633 1903 3686 et

240 3728 330 3786 alicui
355 3726 472 3784 homiui
497 3726 635 3795 serviant,
663 3733 715 3787 aut
735 3729 854 3786 hostem
880 3729 991 3787 iaciant
1011 3732 1071 3790 nisi
1126 3735 1188 3792 duo
1200 3733 1340 3803 curiales)
1355 3733 1479 3792 ulterius
1495 3732 1611 3792 nullam
1623 3729 1788 3792 dotationem
1803 3729 1846 3781 aut
1860 3737 1907 3780 scr·

239 3817 393 3896 episcopo,
408 3816 462 3891 qui
472 3817 538 3889 jam
552 3815 584 3874 iu
600 3817 680 3876 dicta
709 3818 865 3895 episcopio
889 3819 986 3878 fuerit.
1013 3825 1071 3880 Nec
1127 3823 1231 3881 vitium
1242 3821 1362 3890 iaciant,
1379 3838 1435 3879 nec
1451 3821 1490 3880 ad
1503 3822 1650 3897 placitum
1673 3819 1858 3890 distringantur
1879 3809 1908 3866 ab

239 3924 301 3968 non
321 3913 349 3968 et
362 3907 578 3968 confirmamus
599 3909 686 3967 vobis
700 3909 868 3984 vestrisque
895 3913 1070 3970 successori·
1126 3912 1238 3987 aliquo,
1254 3913 1306 3987 qui
1321 3927 1376 3986 pro
1390 3917 1525 3986 tempore
1539 3911 1571 3970 in
1583 3911 1649 3987 ipsa
1669 3911 1777 3968 civitate
1789 3897 1910 3962 Portucrsi

238 3998 298 4058 hus
310 3997 534 4084 inperpetuum
548 4015 654 4058 omnes
668 4015 716 4058 ros
728 4003 758 4057 ct
780 3999 947 4072 facultates,
975 4003 1071 4061 mobi·
1125 4001 1314 4060 dominatum
1330 4001 1466 4068 tenuerit,
1483 4002 1537 4059 sed
1557 4006 1616 4059 tura
1631 4005 1801 4074 tuorumque
1821 4005 1910 4049 sucas

237 4088 281 4146 les
295 4093 324 4148 et
336 4089 507 4150 immobiles
521 4089 559 4147 de
570 4089 628 4148 illis
644 4089 821 4149 hominibus
832 4092 886 4167 qui
900 4091 963 4152 sinc
977 4093 1070 4151 hare·
1126 4108 1228 4150 sorum
1243 4089 1309 4148 illos
1321 4090 1525 4149 submittimus
1540 4091 1690 4165 potestati.
1707 4095 1775 4148 ltem
1787 4083 1911 4144 confirma·

239 4179 276 4238 de
291 4184 321 4238 et
331 4180 460 4239 intestati
475 4195 510 4238 ac
526 4179 625 4238 subito
639 4182 841 4256 preoccupati
850 4181 964 4255 judicio
979 4183 1069 4256 (iudi-
1124 4197 1193 4238 mus
1207 4179 1293 4238 vobis
1306 4179 1473 4254 vestrisque
1498 4179 1722 4237 successoribus
1747 4173 1832 4235 casale
1843 4181 1912 4226 unum

239 4269 285 4328 cio
298 4270 366 4343 Dei)
378 4269 488 4327 mortui
502 4269 623 4340 fuerint,
638 4272 667 4327 et
680 4269 806 4328 minima
815 4287 870 4346 per
883 4288 915 4329 sc
929 4272 1069 4330 ordinare
1123 4269 1154 4327 iu
1169 4270 1330 4340 integrum,
1347 4269 1430 4344 quod
1453 4273 1577 4328 vocatur
1602 4268 1788 4327 canisianum
1810 4263 1845 4336 (in
1865 4259 1912 4316 100⁰

239 4376 276 4418 ex
294 4374 400 4417 eorum
412 4357 603 4416 iacrrltatibus
614 4363 744 4434 possunt
756 4359 787 4418 in
801 4359 863 4418 lota
876 4365 1068 4419 portuensem
1123 4360 1176 4436 qui
1189 4359 1314 4418 Maliane
1324 4359 1441 4432 dicitur)
1451 4365 1480 4418 et
1494 4359 1611 4417 Malian.
1622 4359 1697 4416 cnm
1723 4355 1811 4416 insula
1821 4348 1912 4410 modice

241 4450 402 4521 civitatem,
418 4449 512 4506 seuiu
526 4449 657 4523 (regione
685 4451 909 4525 Transtiaeam)
939 4452 1107 4552 Transti-D.
1124 4450 1201 4507 ultra
1215 4449 1430 4524 rivuminipso
1443 4448 1509 4506 loco
1539 4449 1682 4523 positum,
1713 4463 1779 4506 cum
1802 4438 1910 4501 ornnibrs

236 4540 344 4610 barim,
364 4539 412 4596 rel
425 4539 457 4596 in
470 4538 569 4597 insula
582 4538 731 4611 Licaonia‚
745 4539 806 4597 sive
821 4540 995 4615 ubicunque
1005 4559 1070 4599 ves·
1124 4539 1180 4597 sibi
1194 4539 1421 4614 pertinentibus,
1437 4539 1570 4614 positum
1583 4538 1633 4596 ria
1647 4535 1798 4596 Portuensi
1811 4533 1847 4606 (in
1859 4541 1911 4624 pret·

237 4631 273 4690 tri
287 4628 432 4705 episcopii
444 4629 514 4703 jura
539 4645 605 4686 esse
631 4628 781 4687 videntur.
806 4629 907 4705 ipsam
930 4635 1068 4690 sanctam
1124 4629 1203 4687 dicto
1219 4630 1285 4687 loco
1297 4629 1350 4703 qui
1363 4632 1486 4686 vocatur
1496 4627 1643 4700 llalliana)
1649 4627 1737 4700 juxta
1746 4624 1849 4687 ltaliam
1860 4621 1912 4690 jun)

236 4725 365 4778 matrem
380 4717 543 4778 Ecclesiam
557 4719 754 4777 Portuensem
778 4719 990 4778 constituimus
1013 4725 1070 4791 (at-
1123 4718 1295 4777 monasterii
1310 4719 1337 4776 S.
1350 4717 1511 4775 Pencracii.
1526 4717 1620 4774 Etiam
1631 4719 1660 4774 et
1673 4717 1912 4774 conmmanusre

237 4809 314 4884 que),
329 4808 431 4884 itaque
445 4807 662 4866 confirmamus
677 4806 841 4880 (haeredem
854 4807 896 4866 ita
910 4814 944 4867 ut
956 4809 1069 4884 episco-
1122 4808 1170 4866 bis
1181 4809 1347 4882 rostrisque
1361 4807 1588 4864 successoribus
1616 4807 1647 4864 in
1662 4812 1833 4881 perpetuum
1845 4803 1911 4891 totae

236 4914 296 4973 pus
309 4897 428 4973 quiper
439 4897 539 4972 ipsam
554 4896 585 4954 in
607 4896 684 4970 Jam)
712 4896 824 4956 habere
851 4897 1067 4970 hereditatem,
1123 4896 1255 4954 insulam
1269 4913 1337 4971 quae
1348 4901 1471 4953 vocatur
1486 4895 1635 4967 licaonia,
1648 4895 1679 4952 in
1693 4911 1755 4970 qua
1767 4897 1807 4951 est
1819 4886 1910 4948 ecclesa

237 4988 290 5063 qui
301 5004 357 5064 per
371 4991 509 5062 tempora
522 4987 553 5044 in
565 4987 631 5060 jam
654 4986 733 5044 dicto
761 4986 914 5062 episcopio
940 4989 1070 5048 ordinati
1124 4987 1205 5046 Beati
1215 4987 1338 5044 ioannis
1352 4986 1489 5061 Baptista
1506 4987 1585 5058 (cum
1596 4989 1676 5043 turre
1688 4991 1718 5042 et
1731 4981 1850 5042 oratorio
1860 4973 1910 5068 iniri

237 5076 358 5149 inerint,
372 5076 528 5151 quomodo
543 5077 586 5134 eis
599 5075 745 5151 placuerit
758 5076 920 5136 ordinandi
930 5082 958 5135 et
971 5079 1070 5154 dispo
1124 5076 1263 5136 eamdam
1276 5081 1391 5133 curtem
1412 5081 1493 5144 curn)
1519 5075 1644 5134 ecclesia
1672 5074 1770 5133 Sancti
1800 5065 1910 5128 adabert

237 5166 330 5227 nendi
356 5166 468 5224 babeat
492 5167 643 5226 licentiam
669 5171 703 5226 ut
729 5182 792 5225 non
815 5167 847 5224 in
861 5172 1006 5227 aeternum
1020 5185 1070 5244 pe·
1124 5184 1195 5226 cum
1223 5165 1299 5224 casis
1327 5171 1356 5223 ct
1376 5165 1512 5224 oratoriis
1539 5165 1618 5222 inira
1648 5164 1785 5224 camdem
1819 5159 1909 5216 curtem·

238 5259 335 5326 scant,
360 5255 415 5314 sed
438 5255 638 5331 inquantum
664 5258 795 5332 poterint
821 5272 926 5316 eorum
952 5271 1070 5332 semper
1124 5274 1194 5315 cum
1221 5255 1315 5314 hortis
1342 5259 1371 5312 ct
1397 5255 1558 5329 aquimolis
1582 5253 1765 5328 pertinentiis
1783 5249 1839 5306 suis
1860 5239 1910 5300 into

238 5344 425 5404 orationibus
444 5345 739 5420 (opportunitatibus)
754 5346 944 5419 adjuventur.
1123 5349 1204 5406 hanc
1217 5347 1324 5404 urbem
1338 5349 1465 5402 Romam
1479 5346 1565 5402 sitam
1581 5345 1665 5402 sicuti
1680 5345 1710 5418 (a
1721 5343 1851 5400 Plantonc
1861 5341 1910 5426 pot·

273 5436 399 5512 insuper
425 5435 619 5494 concedimus
642 5435 738 5509 vobis,
766 5435 932 5510 vestrisque
953 5453 1069 5494 succes·
1125 5438 1161 5496 tis
1187 5436 1356 5496 extenditur
1381 5436 1489 5508 usquc)
1518 5434 1687 5492 extenditur
1714 5433 1753 5490 ab
1780 5421 1909 5494 unocapit

239 5525 357 5584 acribus
369 5524 399 5584 in
413 5529 593 5600 perpetuum
607 5542 645 5584 ex
656 5526 723 5599 jure
747 5526 822 5584 sacri
850 5526 943 5584 nostri
967 5526 1071 5602 palatii
1125 5543 1221 5602 usqua
1238 5526 1269 5583 in
1285 5525 1367 5582 alind
1382 5529 1474 5599 capnt
1495 5525 1590 5599 ipsius
1623 5523 1739 5588 insulae,
1765 5519 1813 5578 ubi
1830 5515 1911 5571 anno

239 5614 447 5673 lateranensis
460 5615 544 5688 quod
557 5615 595 5673 ad
609 5616 769 5691 publicum
791 5621 931 5674 nostrum
945 5616 1071 5690 pertinet
1125 5617 1276 5675 dividitur.
1293 5618 1328 5673 Et
1343 5616 1384 5673 sic
1398 5615 1521 5672 interius
1536 5629 1632 5688 usque
1647 5615 1685 5672 ad
1701 5611 1850 5671 terminum
1869 5611 1909 5654 ψ’·

239 5705 336 5758 totum
352 5701 586 5776 (castaldanum)
603 5705 836 5763 castaldaticum
862 5705 894 5763 in
919 5705 1070 5778 integrum
1125 5707 1159 5764 tri
1172 5705 1313 5781 episcopii
1330 5709 1359 5762 et
1373 5706 1430 5763 sub
1443 5704 1601 5780 praelibato
1615 5707 1706 5779 ponte
1719 5701 1758 5758 ad
1774 5695 1911 5768 trigintatt

240 5791 445 5862 Portuensam,
461 5791 508 5852 rel
518 5790 667 5878 quidquid
688 5810 784 5881 usque
806 5795 952 5854 hactenus
976 5795 1069 5855 nostri
1125 5795 1503 5877 desinseriusperaquam
1518 5797 1545 5854 et
1574 5794 1697 5854 siccum.
1714 5787 1854 5864 Simulque
1866 5789 1911 5836 cor
