3984 6182
94 202 162 260 ross
478 209 524 263 nn
542 209 731 267 urascnsrs
752 209 781 266 s.
803 195 1013 263 carnalitas
1033 201 1124 260 araur
1144 203 1226 262 nuo.
1247 235 1282 250 -
1301 183 1421 264 srasu.

1742 213 1809 268 ibib

1 338 22 372 ἰ·
91 343 126 383 ac
142 333 242 385 mente
255 327 382 396 inclinis,
400 331 561 388 venerandi
575 332 726 405 pontificis
742 329 880 403 adjuvari
890 343 921 384 se
937 330 961 383 A
978 331 1007 382 et
1019 328 1183 399 potentiam
1198 334 1283 388 tuam
1297 331 1469 404 loquentur.
1490 331 1617 389 Proinde
1634 337 1662 391 et
1674 339 1706 391 ιιι
1720 335 1809 394 vidil-

1 421 20 460 ³¹²³
90 423 208 489 optaret
220 419 360 492 precibus
373 423 401 476 et
416 421 538 489 meritis,
555 421 655 478 subito
680 422 779 478 lateris
805 423 922 476 contra·
979 419 1021 471 ter
1035 431 1155 474 assume
1168 419 1324 490 dialogum
1346 421 1422 477 inter
1446 421 1523 478 duos
1538 423 1763 494 eonferendum,
1779 431 1808 485 et

1 539 2 542 =
90 505 160 575 otio,
176 510 205 562 et
219 511 396 564 caeterorum
416 509 533 566 nodosa
560 511 768 566 membrorum
790 507 923 572 alligatio
978 503 1098 561 scribito
1112 510 1313 568 venerabilem
1329 511 1427 566 virum
1440 510 1653 578 ilamuoldum,
1669 513 1806 584 quando·

2 630 16 644 -.
90 597 136 650 est
150 594 257 665 soluta,
271 595 510 654 etnihliomlnus
528 601 590 654 tam
615 600 808 656 vehementer
828 597 924 653 disrc-
977 608 1036 665 que
1052 596 1202 668 scripseris
1217 598 1340 656 beatum
1356 600 1579 672 wolfgangum,
1608 614 1728 656 summa
1755 601 1807 659 ds-

1 1228 21 1280 .'
93 1233 158 1274 sua.
174 1220 241 1278 Post
254 1219 318 1276 baec
334 1219 374 1277 ad
388 1237 466 1294 quos
481 1221 531 1293 huj
538 1239 571 1278 us
589 1222 632 1278 rei
647 1237 718 1280 cura
743 1219 921 1294 pertinebat,

0 1317 16 1328 “
93 1307 299 1376 scamnellum,
312 1325 374 1382 quc
388 1310 438 1368 illa
452 1310 638 1383 paupercula
652 1311 721 1368 totis
743 1310 856 1366 viribus
880 1308 923 1364 in-

2 710 15 734 ·.
91 687 145 756 pta
159 687 191 740 ut
201 683 355 754 sanguinis
374 685 481 741 efl'usic
505 685 653 742 difflueret
678 687 708 742 in
737 686 920 759 pavimento.
976 683 1095 740 votione
1121 689 1338 746 commendans
1371 689 1453 746 fideli
1480 689 1646 759 memoria,
1681 690 1809 764 qualiter

10 801 14 808 ·
91 774 174 828 Tunc
189 773 305 844 mulier,
321 773 453 847 primum
465 775 613 839 exterrita,
636 793 697 849 prae
713 777 819 832 timore
834 773 924 845 cepit
976 770 1137 830 laudabilis
1163 775 1291 834 dualitas
1315 779 1388 836 tanti
1413 777 1550 838 antistitis
1573 783 1603 836 et
1623 779 1752 850 abbatis,
1764 781 1808 838 di·

5 863 11 888 ¹
91 859 318 932 clamare,dein
333 863 471 920 exsiliens
492 869 591 935 grates
617 865 747 922 reddidit
774 862 924 922 salvatrici
976 860 1165 920 lectioneliei
1187 869 1216 922 et
1239 869 1368 939 proximi
1395 871 1565 936 eomitante,
1595 883 1665 926 cum
1690 867 1750 926 fide
1779 876 1808 929 et

1 983 22 1008 „
90 954 203 1006 sanetae
215 950 361 1008 trinitatis
373 952 607 1026 omnipotentiae,
635 959 725 1026 atque
750 957 923 1010 sanctorum
977 953 1129 1022 simultate,
1147 954 1215 1010 illuc
1228 959 1404 1028 pervenerit,
1420 959 1473 1015 ubl
1486 963 1590 1018 sancta
1604 959 1730 1017 Trinitas
1741 975 1807 1034 per·

1 1060 2 1064 ¹
17 1092 21 1098 ,
90 1037 227 1096 sanitatis
242 1039 434 1112 impetratrici
448 1042 621 1100 elementia.
641 1047 743 1115 ltaque
765 1041 821 1098 sibi
840 1038 922 1096 resti·
976 1042 1133 1113 patualiter
1142 1044 1270 1117 imperat
1283 1061 1338 1102 nec
1351 1063 1412 1104 non
1424 1048 1552 1106 indivise
1566 1047 1728 1108 divinitatis
1740 1050 1806 1108 uni-

1 1166 2 1172 ,
91 1126 201 1184 tutade
217 1127 375 1188 salutiferis
389 1130 520 1188 ecclesiae
536 1131 695 1188 domiciliis
717 1130 871 1204 repedavit
883 1127 924 1185 ad
977 1135 1021 1186 tas
1035 1147 1104 1190 curn
1120 1135 1230 1190 sanctis
1244 1139 1273 1191 et
1285 1135 1385 1192 electis
1401 1137 1578 1193 aeternaliter
1588 1143 1703 1208 regnat.
1726 1163 1740 1191 a

1293 1225 1488 1282 Collectities.

1013 1331 1027 1358 v
1047 1313 1151 1382 Amen,
1165 1313 1497 1372 iiatvoluntesitcmini
1516 1315 1547 1371 in
1571 1316 1665 1374 salute
1690 1319 1805 1387 generis

91 1391 163 1449 nixa
176 1408 278 1466 repere
294 1395 393 1467 petius
413 1412 506 1468 quam
522 1397 717 1454 deambulare
740 1395 864 1464 solebat,
881 1393 922 1450 ad
976 1399 1112 1466 hnmani,
1129 1407 1157 1457 et
1173 1402 1201 1457 in
1215 1404 1400 1476 paupercula
1414 1403 1613 1478 descriptione
1627 1403 1718 1476 hujus
1732 1421 1807 1479 opu·

4 1528 11 1538 ι
91 1480 216 1550 gloriam
231 1483 362 1540 nominis
377 1484 479 1552 divini,
491 1489 519 1540 et
532 1485 573 1543 ob
590 1485 766 1545 messoriam
789 1484 861 1542 tanti
886 1483 922 1540 si·
976 1486 1061 1550 sculi,
1075 1489 1177 1561 sicque
1192 1505 1282 1546 suum
1303 1492 1398 1565 stylus
1413 1495 1484 1564 agat
1496 1491 1640 1559 officium,
1662 1497 1696 1550 ut
1707 1509 1762 1567 per
1775 1495 1806 1552 id

91 1569 152 1639 gni,
168 1573 351 1645 superiores
366 1573 497 1630 ecciesiae
513 1575 747 1648 suspendebant.
976 1576 1163 1648 obedientie,
1181 1582 1240 1635 [teo
1255 1585 1376 1652 peretur
1388 1581 1572 1653 acceptabile
1588 1581 1777 1640 sacrificium.

125 1659 264 1724 Quadam
277 1661 325 1720 die
339 1662 404 1732 [ct.,
419 1662 580 1738 [lominica]
600 1663 763 1724 homuncio
790 1676 919 1736 pauper·
935 1683 957 1736 g
1012 1687 1027 1714 ο
1048 1667 1114 1722 Post
1128 1666 1244 1724 obitum
1257 1669 1339 1742 atqui
1354 1669 1434 1726 beati
1453 1669 1623 1740 wolfgangi
1643 1671 1804 1744 pontificis,

89 1747 187 1814 culus,
201 1755 239 1820 et,
256 1756 288 1810 ut
301 1752 434 1809 veridica
453 1753 595 1811 relatione
619 1753 719 1820 didici,
745 1757 920 1812 Ravennae·
977 1753 1086 1810 scilieet
1101 1757 1177 1811 servi
1193 1757 1242 1813 ilci
1256 1758 1498 1830 cunctipotentis,
1520 1759 1705 1816 itamuoldus
1721 1775 1805 1832 egre-

1 1881 6 1898 ,
88 1835 126 1890 tis
140 1837 274 1911 episcopi
288 1839 555 1914 eleemosynarius,
570 1843 664 1912 gratia
677 1841 783 1901 orandi
797 1841 875 1902 venit
888 1840 920 1898 in
975 1843 1030 1912 gisa
1041 1845 1194 1900 memoria
1207 1845 1312 1912 abbas,
1328 1847 1359 1903 in
1381 1847 1525 1917 regimine
1550 1849 1723 1905 monasterii
1751 1865 1805 1908 seu

88 1926 247 1988 ecelesiam
262 1931 292 1990 il.
304 1931 527 1988 Emmarammi.
546 1939 581 2002 ts,
596 1932 669 1990 dum
695 1931 841 2004 frequenti
855 1945 920 1988 ora·
973 1935 1183 2005 procuratione
1199 1935 1338 2005 ooenobli,
1353 1950 1407 2008 per
1425 1936 1605 1993 tentationes
1625 1937 1725 1994 varias
1752 1937 1804 1996 ad-

5 2073 8 2079 Δ
89 2013 171 2072 tione
187 2016 349 2078 selibereri
364 2025 536 2078 sanctorum
564 2019 675 2078 meritis
691 2020 856 2092 postularet
879 2018 919 2076 ab
973 2021 1302 2096 versitatesperpessus
1317 2027 1363 2080 ast
1384 2024 1504 2082 multas.
1533 2027 1603 2092 Ques
1630 2025 1661 2082 ln
1685 2031 1803 2086 tantum

88 2100 251 2164 inhaerente
266 2105 322 2164 sibi
336 2106 388 2163 diu
404 2107 610 2166 membrorum
618 2107 780 2174 (fatalitate.
794 2108 919 2166 demum
973 2117 1167 2167 excreverunt
1180 2115 1222 2181 ut,
1238 2112 1295 2168 sub
1307 2114 1406 2184 prino
1428 2115 1502 2185 (ιιι)
1524 2113 1700 2174 Gebeherdo
1722 2116 1803 2174 sedis

85 2189 231 2252 decubuit
245 2194 275 2252 in
286 2194 352 2252 loco
366 2196 418 2268 qui
440 2197 518 2254 beati
545 2197 709 2269 wolfgangi
738 2198 859 2256 dotatus
882 2199 919 2254 si·
973 2199 1064 2270 hujus
1077 2200 1220 2274 episcopo
1234 2201 1365 2258 famulus
1378 2201 1429 2259 Dei
1439 2203 1522 2276 apud
1538 2203 1655 2260 tertium
1665 2206 1804 2282 ottonem

83 2279 256 2354 mutatque
271 2283 380 2340 ditatus
395 2291 575 2360 estcorpore
600 2303 696 2344 sacro.
728 2287 770 2343 lbi
797 2287 919 2343 feliciter
972 2287 1195 2360 imperatorem,
1211 2291 1418 2364 quorumdam
1432 2291 1666 2348 detractionibus
1677 2293 1766 2348 simul
1776 2297 1805 2350 et

83 2373 257 2441 soporatus,
272 2372 437 2444 quamdam
452 2373 551 2430 virum
564 2380 677 2432 statura
698 2391 868 2448 procerum,
891 2378 920 2431 et
973 2377 1216 2434 accusationibus
1229 2377 1435 2437 infamaretur.
1453 2379 1535 2436 Unde
1559 2380 1599 2438 ed
1622 2379 1653 2435 id
1679 2385 1804 2438 ventum

83 2458 194 2515 canitie
221 2457 426 2519 venerandum
450 2469 549 2520 astare
576 2462 658 2534 vidit,
698 2463 750 2538 qni
780 2464 820 2520 ad
848 2480 918 2520 eum
973 2470 1017 2520 est
1028 2479 1091 2538 qaue
1103 2467 1211 2524 iisdem
1229 2468 1370 2540 princeps
1384 2467 1535 2526 credendo
1547 2465 1631 2540 quod
1653 2483 1716 2526 non
1740 2485 1804 2526 cre-

82 2546 162 2604 dixit
177 2566 184 2604 :
201 2549 235 2606 Ut
248 2550 322 2623 quid
332 2555 364 2607 tu
379 2551 426 2608 hic
439 2555 492 2609 aut
507 2553 592 2626 cuius
608 2553 649 2608 rei
665 2555 760 2625 gratia
784 2553 843 2608 huc
868 2552 919 2609 ad·
973 2553 1044 2608 (lere
1055 2553 1171 2622 debirit,
1187 2555 1224 2610 de
1240 2555 1382 2624 religione
1397 2556 1451 2612 viri
1466 2555 1516 2614 liei
1531 2555 1642 2612 dubius
1665 2555 1762 2614 factus
1775 2563 1805 2616 at

81 2637 213 2697 venisti?
237 2640 290 2697 cni
311 2640 359 2697 ille
389 2641 572 2714 respondit:
598 2643 732 2708 Domine,
759 2646 918 2715 propterea
973 2657 1094 2715 anceps,
1111 2643 1237 2700 dumad
1259 2649 1399 2701 sanctum
1426 2648 1694 2717 limmerammum‚
1720 2663 1804 2704 more

81 2725 177 2782 miser
200 2727 260 2785 huo
278 2729 348 2786 veni
371 2735 405 2787 ut
423 2746 513 2788 saner
537 2745 555 2787 a
577 2730 775 2801 languoribus
804 2729 916 2803 quibus
972 2731 1197 2804 imperatorum.
1215 2734 1338 2802 veniret,
1354 2738 1383 2791 et
1396 2733 1581 2792 exacerbatis
1603 2734 1723 2805 animis,
1748 2749 1804 2793 nee

78 2816 148 2886 jam
162 2817 331 2890 perplures
345 2835 442 2876 annos
456 2820 590 2877 laboravi
605 2820 752 2876 detentus.
777 2820 814 2876 st
829 2835 917 2875 vens·
972 2821 1084 2894 saboqui
1099 2837 1181 2893 eum,
1193 2839 1249 2880 nee
1262 2823 1366 2882 ocrrlos
1379 2823 1507 2881 inillam
1523 2828 1696 2881 convertere
1703 2826 1801 2883 vellet.

80 2905 189 2961 rabilis
200 2906 298 2972 heros,
312 2908 395 2980 virga
409 2909 553 2982 pastorali
565 2925 660 2982 quam
685 2923 778 2968 manu
799 2913 915 2979 gestare
973 2914 1107 2984 itumque
1120 2912 1159 2970 ab
1174 2929 1210 2970 eo
1225 2918 1343 2972 oratam
1356 2918 1433 2972 esset
1453 2913 1485 2970 in
1506 2913 1664 2971 secretario
1690 2914 1802 2988 altaris,

80 2993 243 3052 videbatur
257 3001 383 3066 tangens
398 3003 555 3069 segretata.
576 3013 611 3054 ec
634 2997 739 3054 officiis
766 2997 915 3055 membro-
931 3041 951 3097 C
972 3016 1074 3057 coram
1088 3018 1124 3058 eo
1137 3002 1189 3075 qui
1204 3001 1271 3059 fecit
1284 3003 1458 3060 machinam
1472 3003 1549 3075 coeli,
1570 3008 1654 3061 terre
1678 3019 1714 3062 ac
1738 3023 1803 3064 ma·

80 3099 153 3140 rum
164 3083 338 3142 destitutum
353 3086 570 3158 miserabiliter,
586 3086 673 3144 infit:
695 3089 768 3144 Eece
789 3087 916 3144 sanabe-
971 3090 1213 3158 ris,accessiiad
1236 3107 1305 3148 euru
1319 3091 1467 3166 despoton
1494 3093 1619 3166 quidem
1634 3099 1804 3167 symmysta

80 3173 124 3230 ris
139 3174 169 3230 in
182 3174 304 3232 nomina
319 3181 430 3232 sanctis
445 3177 601 3233 Trinitatis.
616 3180 708 3248 Tunc,
728 3175 780 3250 qul
793 3175 916 3248 iacebat
970 3178 1035 3248 ejus
1061 3181 1184 3236 nomine
1211 3180 1392 3252 iieribertus,
1420 3185 1491 3238 tuno
1519 3181 1593 3238 forte
1617 3183 1802 3255 capellanus,

80 3263 172 3336 quasi
185 3270 333 3331 mortuus,
350 3267 522 3339 permerito
546 3266 681 3340 pressistis
707 3266 871 3332 reverendi,
897 3274 915 3322 ι
969 3273 1073 3340 postea
1087 3285 1157 3326 vero
1173 3269 1356 3328 coloniensis
1369 3271 1539 3345 episcopus.
1554 3275 1581 3326 ls
1600 3285 1637 3327 ex
1665 3271 1801 3329 consulte

81 3367 193 3410 sumno
207 3354 390 3424 aegritudinis
416 3357 569 3421 excitatus,
594 3361 715 3428 repente
739 3355 867 3413 exsilivit
887 3359 916 3412 et
970 3357 1009 3412 ad
1025 3373 1094 3413 eum
1110 3356 1203 3414 dixit:
1223 3358 1357 3424 bomine,
1372 3373 1434 3415 non
1447 3361 1564 3431 oportet
1577 3373 1632 3414 vos
1650 3358 1802 3430 indignari

81 3457 146 3516 prae
161 3447 282 3517 stupore
297 3444 357 3501 sive
383 3446 512 3519 tripudio
538 3444 683 3516 clamans,
708 3446 739 3501 ln
765 3449 914 3518 quantam
970 3446 1184 3503 contravirum
1201 3447 1259 3504 liei.
1285 3446 1331 3503 hd
1352 3447 1416 3503 haec
1440 3447 1604 3519 imperator
1621 3445 1688 3504 infit
1704 3465 1710 3502 :
1726 3451 1802 3505 Cum

82 3533 189 3605 potuit,
206 3537 300 3591 iteum
315 3539 495 3608 sanctosque
508 3534 586 3591 illius
599 3541 627 3591 et
640 3535 704 3608 ipse
718 3533 864 3607 laudavit,
887 3539 916 3592 et
970 3535 1114 3608 scriptum
1128 3536 1185 3592 sit:
1203 3535 1370 3610 Principem
1385 3535 1490 3610 populi
1515 3536 1556 3593 tui
1579 3551 1618 3594 ne
1641 3536 1802 3594 maledixe

82 3622 159 3678 alios
172 3621 210 3679 ad
225 3623 412 3680 laudandum
429 3625 612 3697 provocavit.
968 3624 1008 3680 ris
1025 3629 1110 3698 (153),
1136 3623 1198 3682 scio
1221 3626 1294 3699 qrrle
1322 3639 1384 3684 non
1408 3626 1548 3684 convenit
1573 3626 1727 3684 bominem
1749 3627 1802 3684 Dei

122 3733 136 3760 ιι
157 3711 225 3768 liae
238 3712 338 3786 itaque
352 3715 408 3770 trie
419 3713 560 3786 capitula,
577 3713 617 3769 ob
632 3713 812 3769 memoriam
826 3727 915 3770 vene·
969 3714 1042 3770 rnihi
1054 3714 1210 3772 detrahere
1224 3716 1285 3772 sive
1296 3713 1474 3773 maledicere
1489 3734 1495 3784 ;
1511 3717 1679 3789 praesertim
1692 3733 1762 3774 cum
1772 3721 1802 3775 et

81 3800 319 3876 randiepiscopl
340 3803 371 3858 ln
399 3803 521 3858 nomine
548 3807 660 3858 sancta
689 3802 836 3858 trinitatis
861 3803 912 3858 de-

83 3890 205 3963 scripta,
222 3905 278 3964 pro
292 3875 463 3947 testimonio
477 3891 607 3947 duorum
624 3890 670 3946 vel
686 3891 775 3946 ulum
794 3890 913 3946 testium

82 3979 220 4036 sufficere
235 3981 386 4037 credebis
401 3981 454 4054 qui
467 3997 528 4037 non
543 3981 675 4054 superbo
690 3979 778 4037 oculo
792 3986 821 4036 et
833 3981 913 4037 insa-

82 4069 176 4126 tiabili
191 4071 280 4128 corde
295 4072 499 4128 contradicere
512 4075 627 4128 tentant
641 4071 757 4127 nomini
771 4071 848 4127 trino
863 4085 915 4143 pa-

81 4161 152 4216 riter
164 4165 194 4217 et
205 4161 317 4218 divino.
335 4163 459 4234 insuper
478 4177 569 4233 spero
582 4161 720 4232 ejusdem
740 4159 835 4216 sancti
851 4170 914 4215 me-

80 4250 172 4306 ritum
184 4251 248 4318 viri,
263 4265 395 4324 superna
406 4250 567 4316 revelante,
583 4255 611 4306 et
626 4250 821 4306 niisilominus
842 4265 913 4305 cce*

969 3819 1025 3873 ego
1040 3803 1081 3860 ilii
1096 3805 1170 3861 n1hil
1191 3821 1327 3878 unquam
1354 3805 1475 3862 fecerim
1500 3807 1583 3880 quod
1610 3807 1649 3862 sit
1672 3806 1800 3876 dignum

969 3891 1187 3950 maledictione.
1201 3898 1283 3951 Tunc
1296 3894 1439 3950 dominus
1452 3893 1621 3950 floribertus
1648 3893 1748 3949 bonus
1771 3898 1801 3948 et

968 3980 1064 4037 fidelis
1079 3982 1275 4048 consiiiarius,
1291 3981 1464 4054 respondit:
1489 3980 1518 4037 ai
1539 3980 1724 4053 principatus
1745 3980 1801 4036 im·

968 4069 1042 4144 peril
1058 4070 1154 4140 gestit,
1166 4071 1241 4126 sicut
1255 4069 1382 4126 etdebet
1394 4069 1426 4125 ln
1437 4069 1597 4142 praesentia
1608 4069 1698 4125 vestrl
1711 4083 1801 4127 vene·

968 4160 1098 4216 randum
1117 4159 1271 4228 abbatem,
1299 4173 1400 4215 soram
1429 4159 1533 4216 sancta
1554 4157 1797 4229 congregatione,

968 4249 1130 4321 superbae
1145 4263 1176 4306 re
1191 4247 1380 4319 interrogate,
1404 4251 1434 4304 et
1460 4247 1511 4318 its,
1540 4250 1642 4304 chum
1669 4261 1740 4305 vera
1759 4260 1799 4305 an

80 4345 207 4414 perante
220 4341 325 4412 gretia,
341 4341 526 4397 manifestius
541 4341 640 4397 adhue
655 4345 683 4397 et
707 4339 911 4396 abundantius
968 4337 1044 4396 falsa
1070 4337 1128 4393 sint
1153 4351 1222 4410 quae
1250 4336 1291 4394 illi
1318 4337 1512 4410 objiciuntur,
1541 4337 1673 4413 probari.
1703 4337 1798 4398 'Credo

81 4427 323 4501 declaratumlri,
337 4440 465 4486 necnon
479 4427 510 4484 ln
524 4429 651 4486 itomlno
664 4427 810 4502 pleniuss
824 4394 947 4484 nobisD
967 4428 998 4484 in
1021 4429 1127 4496 Deum,
1153 4431 1183 4484 et
1211 4441 1298 4500 spero
1322 4427 1406 4501 qued
1426 4432 1488 4486 tam
1520 4428 1724 4486 venerabilem
1751 4443 1798 4484 se-

83 4518 147 4574 sive
162 4517 200 4575 ab
215 4518 279 4576 aliis
294 4518 451 4576 laudatum
466 4519 509 4575 iri.
533 4542 547 4570 »
967 4531 1037 4573 nem
1060 4521 1089 4574 at
1116 4517 1277 4574 senectutis
1303 4517 1470 4586 maturitas,
1499 4533 1533 4575 ac
1560 4517 1703 4574 divinitus
1727 4526 1797 4572 cen-

395 4592 609 4650 Ammffifflssf·
967 4621 1051 4664 cesse
1076 4603 1222 4680 sapientia
1248 4610 1277 4663 et
1303 4607 1458 4665 humilitas
1488 4611 1647 4680 nuhquant
1685 4602 1797 4676 permi-

118 4717 134 4746 «
155 4698 296 4754 Omnium
310 4695 445 4756 fidelium
459 4711 528 4772 spes
544 4697 716 4754 noneolum
732 4710 831 4770 aquo.
858 4696 912 4753 sed
967 4698 1058 4754 serint
1080 4697 1190 4754 dixisse
1218 4696 1320 4771 qualia
1347 4698 1387 4754 ah
1410 4697 1539 4754 inimicis
1566 4695 1647 4751 dicta
1672 4697 1743 4750 suat
1758 4690 1797 4749 da

82 4787 174 4843 etism
188 4787 357 4844 necessario
372 4787 492 4860 ponitur
506 4793 535 4844 et
548 4787 650 4859 flgitur
661 4788 692 4843 iu
708 4787 913 4860 omnipotente
967 4803 1012 4852 eo,
1029 4785 1075 4843 vei
1090 4783 1170 4844 ficte.
1200 4790 1275 4844 Tum
1291 4786 1455 4857 imperator
1479 4783 1633 4841 remittens
1648 4782 1795 4850 animum,

84 4877 211 4933 bomine
225 4877 277 4951 qui
292 4877 323 4932 in
336 4881 450 4934 tanturn
472 4877 681 4938 misericordiae
702 4891 764 4933 suas
778 4889 912 4948 sanguen·
967 4876 1006 4933 ad
1020 4875 1129 4932 divinae
1143 4875 1376 4948 dispensationis
1386 4877 1504 4938 nutam,
1518 4887 1621 4930 secum
1634 4870 1796 4948 assumptis

84 4969 111 5021 ta
128 4964 270 5021 diffundit
279 4971 312 5021 ιιι
326 4981 380 5022 nec
394 4965 434 5022 ab
448 4965 573 5036 ingratis
588 4965 734 5022 beneficia
760 4982 816 5022 sua
840 4964 912 5020 suh—
966 4965 1158 5022 dilectorlbus
1171 4964 1276 5037 petreis
1291 4963 1395 5035 [pacis]
1410 4962 1530 5018 intravit
1551 4961 1715 5018 claustrum
1741 4959 1796 5016 hu·

83 5054 199 5111 trahere
213 5055 292 5110 velit.
309 5055 400 5126 Cujus
414 5055 480 5110 laus
504 5055 534 5109 in
560 5061 733 5112 sanctorum
754 5055 911 5122 memoria,
966 5054 1044 5110 milis
1058 5059 1086 5110 et
1099 5053 1189 5109 mitis.
1204 5051 1246 5107 ihi
1261 5051 1365 5108 videns
1378 5049 1583 5108 venerabilem
1596 5051 1712 5106 Patrem
1726 5063 1796 5106 cum

82 5143 223 5216 usquein
237 5143 329 5200 tinem
345 5143 445 5200 saculi
458 5141 676 5200 confertissima
690 5144 779 5200 debet
801 5144 912 5218 recipe
966 5141 1107 5199 fratribus
1140 5141 1323 5196 humotenus
1359 5143 1565 5213 prostratum,
1609 5138 1730 5212 expavit
1767 5139 1797 5194 et

81 5249 114 5288 re
125 5233 320 5301 incrementa,
334 5233 502 5290 seeundum
524 5232 581 5288 hoc
596 5229 680 5304 quod
703 5233 860 5292 Psalmiste
881 5234 912 5288 in
967 5230 1040 5286 dixit
1058 5243 1067 5284 r
1086 5226 1205 5288 Grande
1220 5227 1336 5284 malum
1348 5227 1417 5284 fecit
1432 5226 1515 5294 mihi,
1529 5227 1632 5300 quiex
1647 5226 1795 5297 legatione

82 5323 246 5379 centesimo
270 5322 503 5396 quadragesimo
527 5323 634 5393 quarto
662 5320 782 5394 psaltim
809 5322 910 5380 dicit:
967 5317 1135 5374 Gebehardi
1150 5316 1284 5391 episcopi
1307 5333 1344 5374 ea
1361 5315 1517 5375 referendo
1542 5317 1651 5374 indidit
1671 5315 1795 5374 auribus

81 5411 287 5469 confiteantur
314 5411 377 5480 tibi,
404 5411 539 5482 Domine,
565 5409 668 5466 omnia
689 5423 781 5482 opera
803 5415 865 5481 hia,
885 5415 914 5467 et
967 5407 1053 5476 meis,
1068 5406 1180 5481 quibus
1194 5422 1242 5462 me
1258 5405 1462 5479 improvidum
1477 5406 1678 5465 commoveret
1692 5403 1796 5464 adver·

82 5500 178 5558 sanoti
193 5501 234 5558 tui
247 5500 430 5558 benedieant
439 5500 502 5557 tibi.
515 5497 644 5556 Gloriam
654 5497 739 5570 regni
750 5495 792 5558 tul
803 5495 912 5568 dicent,
968 5515 1021 5555 sus
1040 5497 1182 5556 abbatem
1209 5495 1300 5552 istum
1325 5501 1355 5554 et
1377 5497 1434 5554 sibi
1456 5497 1655 5562 commissum
1681 5499 1796 5554 sancto·

119 5681 192 5754 (ιιι)
212 5678 278 5740 aas
291 5678 388 5738 aare
401 5678 441 5738 aa
453 5657 631 5750 maanes.

1005 5677 1082 5750 iiiia)
1099 5674 1200 5740 Exod.
1213 5691 1274 5732 xan
1286 5692 1294 5745 ;
1307 5675 1376 5734 alet.
1390 5691 1471 5738 um.
