3996 6178
283 241 354 300 nae
962 216 1302 284 ‘roantrsxrrra'rn

280 365 331 439 pio
345 360 453 420 intuitu
464 359 565 415 eustos
579 356 608 413 et
621 354 794 413 observator
807 351 899 426 huius
910 349 1004 408 nostri
1019 363 1110 422 apos·
1126 345 1152 404 A
1170 348 1336 408 humilitate
1350 353 1440 424 atque
1453 348 1630 420 reverentia,
1645 349 1720 426 qnia
1740 346 1826 406 tale
1854 345 1896 404 ht

281 449 359 509 toliei
370 445 516 523 privilegii
527 445 559 502 in
572 444 714 503 omnibus
729 441 881 512 exstiterit,
895 435 1113 498 benedictionis
1168 439 1327 511 pastoralis
1342 439 1476 497 officium
1498 439 1638 514 arripere,
1652 440 1677 494 si
1700 437 1782 495 sine
1804 435 1898 494 inte

280 537 418 610 gratiam,
434 534 587 609 vitemque
601 538 745 591 eternam
761 531 873 604 ajusto
896 527 998 586 iudice
1013 523 1113 583 Domi·
1167 526 1260 586 lentie
1287 529 1510 605 perpendatur,
1538 529 1606 604 plus
1631 533 1676 586 est
1702 525 1839 585 oneris
1876 538 1900 600 q

279 639 319 684 no
341 628 401 683 lieo
416 629 529 694 nostro,
542 627 571 680 et
584 621 623 680 ab
638 621 780 680 omnibus
802 618 912 678 sanctis
932 617 998 690 ejus
1012 629 1115 672 conse·
1167 619 1268 688 noris;
1291 619 1404 694 quippe
1433 635 1503 676 curn
1530 617 1653 694 proprie
1673 613 1742 674 nori
1770 611 1901 674 suffici

278 715 332 790 qui
346 718 497 772 mereatur
510 713 541 770 in
557 712 666 770 secula
680 711 869 768 seculorum.
886 713 991 766 limen.
1167 707 1224 766 nisi
1238 714 1267 766 et
1293 709 1451 767 salubriter
1476 708 1600 782 gesserit
1624 708 1785 766 alienum.
1827 705 1903 770 His,

316 805 464 879 Scriptum
489 817 693 878 permenam
717 800 810 872 Sergii
834 802 945 858 sancte
970 800 1113 853 Romane
1166 799 1240 856 viter
1252 798 1424 873 prelibatis,
1438 815 1519 857 nunc
1533 798 1662 871 benigne
1676 803 1707 856 et
1722 798 1761 854 in
1783 790 1905 870 Christ

279 893 416 954 Ecclesiae
432 891 588 964 scriniarii,
602 907 706 949 mense
721 890 806 962 Maio,
822 887 985 946 indictione
1000 901 1058 942 vrri.
1167 888 1290 960 tissime,
1317 894 1380 946 esto
1406 888 1504 946 torma
1530 888 1613 946 omni
1641 887 1806 955 bonitate,
1846 890 1906 942 eur

682 981 716 1038 ll.
1167 978 1281 1036 cunctis
1303 977 1473 1036 videntibus
1497 993 1550 1035 sen
1574 977 1793 1044 audientibus,
1815 975 1893 1034 inne

278 1076 410 1132 Jocuues
437 1073 512 1136 XIX
537 1073 676 1130 Bisantio
706 1069 930 1140 archiepiscopo
962 1063 1113 1122 Canusino
1166 1084 1236 1126 rum
1254 1066 1380 1139 vestigia
1404 1067 1552 1139 interris,
1575 1072 1738 1124 uteorum
1770 1081 1885 1122 conser

316 1163 355 1234 [i.
371 1179 397 1220 e.
414 1162 566 1233 Barcaei]
587 1161 717 1232 pultium
741 1158 875 1218 concedit
894 1159 1028 1228 juraque
1050 1153 1114 1223 ejus
1166 1156 1306 1214 mereatis
1321 1156 1352 1212 in
1372 1157 1465 1213 ecelis.
1482 1158 1578 1223 ouem
1603 1171 1673 1213 vero
1696 1169 1881 1228 supersim·

318 1251 486 1321 corrfirrnot.
1167 1244 1858 1320 chlepiscopatumCanusiaumcumomniis-

590 1343 688 1407 (Anno
705 1338 794 1411 loli.)
1167 1334 1307 1406 tinentiis,
1332 1339 1360 1392 et
1382 1333 1540 1409 episcopos
1570 1334 1653 1407 ipsos
1676 1349 1732 1407 per
1763 1348 1861 1388 mee-³·

435 1431 579 1502 [Uenetae
595 1429 791 1486 ltaliasucrn
810 1430 867 1496 Vll,
883 1427 957 1498 bot]
1167 1425 1372 1492 consecrandi,
1401 1429 1491 1499 atque
1518 1440 1578 1481 usu
1604 1423 1685 1498 pallii
1716 1439 1783 1497 per
1808 1437 1866 1478 aar

314 1523 436 1578 loannes
458 1519 628 1596 episcopus,
645 1533 751 1574 servus
774 1532 930 1574 serverum
952 1513 1013 1583 liei,
1029 1529 1113 1571 reve·
1167 1515 1364 1589 apostolicam
1372 1513 1646 1588 utendiapraescnti
1656 1511 1873 1570 octavainde

278 1609 458 1667 rendissimo
469 1607 656 1672 confratriae
669 1611 772 1664 nostro
786 1604 932 1680 spirituali
944 1603 1006 1661 lilio
1018 1607 1115 1660 Brsrr-
1166 1605 1257 1662 nibus
1269 1605 1376 1662 diebus
1398 1605 1464 1661 vitre
1479 1608 1538 1660 tuae
1560 1602 1776 1671 concedimus,
1796 1607 1876 1673 atqu·

279 1715 335 1770 rra,
351 1702 462 1756 sanctie
477 1699 634 1756 Canusinae
651 1695 787 1752 Ecclesiae
803 1693 922 1752 anobis
938 1695 1149 1764 consecrator}
1166 1712 1288 1754 mamus
1315 1693 1478 1753 tenendum
1506 1697 1596 1768 atque
1621 1691 1861 1750 dominandum

280 1787 508 1864 archiepiscopo
523 1784 665 1842 omnibus
680 1783 867 1840 diebusvitae
883 1787 952 1840 ture.
1168 1801 1238 1843 enm
1254 1785 1303 1842 llei
1316 1785 1422 1842 timore
1432 1783 1599 1855 regendum
1613 1787 1642 1839 et
1654 1779 1885 1853 gubernandus.

315 1875 458 1932 Convenit
483 1873 647 1946 apostolico
672 1871 872 1930 moderemini
896 1871 948 1945 pia
971 1869 1114 1941 religione
1167 1874 1267 1931 nullus
1295 1873 1443 1948 patritius,
1473 1888 1526 1930 seu
1554 1877 1732 1945 catapanus,
1763 1867 1896 1926 excuba-

279 1961 460 2037 pollentibus
486 1961 634 2019 benevola
651 1960 863 2034 compassione
877 1975 1059 2029 succurrere,
1086 1962 1116 2016 et
1167 1964 1386 2038 qualiscunque
1402 1962 1525 2020 honoris
1540 1977 1593 2018 seu
1607 1959 1766 2032 dignitatis
1781 1957 1890 2030 imperi

279 2043 467 2126 poscentium
487 2051 596 2108 animis
618 2050 709 2108 elac'ri
723 2049 882 2108 devotione
902 2049 1055 2123 impartire
1070 2065 1115 2106 as·
1167 2055 1256 2112 adeat
1269 2052 1317 2111 vel
1330 2056 1494 2128 praesumat
1508 2051 1686 2123 dijudicare,
1702 2049 1754 2106 rel
1770 2048 1907 2106 molesta*

280 2156 415 2197 sensum.
431 2143 473 2197 Ex
484 2141 542 2197 hoe
557 2139 638 2198 enim
651 2139 727 2196 lueri
740 2139 932 2214 potissimum
947 2139 1116 2213 primumn
1167 2144 1332 2218 inquietare
1353 2143 1391 2199 de
1406 2141 1467 2199 ulla
1485 2157 1528 2207 re,
1544 2139 1636 2198 etiam
1659 2139 1766 2196 nullus
1791 2138 1899 2194 ereren,

280 2229 438 2287 Conditore
454 2229 591 2288 omnium
608 2233 667 2286 ileo
680 2229 712 2286 in
725 2227 829 2285 sideris
846 2227 966 2286 arcibus
978 2227 1114 2300 praescri·
1166 2233 1275 2308 rusque
1301 2229 1405 2299 laicus,
1430 2229 1477 2285 vel
1502 2229 1644 2304 quaelibet
1671 2244 1812 2302 persona
1838 2228 1906 2296 baja

279 2319 361 2378 bitur
374 2318 585 2388 remuneratio,
602 2319 726 2393 quando
745 2319 866 2391 egregia
880 2334 916 2376 ac
930 2317 1115 2376 venerabilia
1168 2322 1279 2382 audeat
1293 2321 1341 2378 vel
1363 2325 1528 2396 presumat
1550 2319 1664 2376 ibidem
1688 2318 1796 2392 aliqua
1823 2316 1917 2373 molest

280 2408 348 2466 loca
360 2408 399 2466 ad
409 2408 564 2466 meliorem
574 2407 683 2464 luerint
694 2407 757 2464 sine
766 2407 859 2466 dubio
870 2411 980 2464 statum
991 2405 1116 2480 perduc-
1168 2413 1319 2470 conmunire
1353 2411 1461 2468 lacere.
1493 2412 1658 2468 Stutuentes
1682 2407 1801 2483 quippe
1845 2417 1913 2479 ιψιῑῑκ

279 2495 1114 2572 te.rguur,quiap0stutasnanobisquarenusobtuam
1169 2518 1308 2574 censura,
1334 2501 1392 2559 sub
1413 2500 1507 2558 divini
1529 2498 1634 2571 judicit
1653 2499 1857 2556 obtestatione
1878 2501 1897 2550 e

279 2586 487 2656 reverentem,
501 2585 1115 2660 atqueemmaemtraterntutem,eonee-
1169 2591 1308 2650 nemaus
1321 2589 1590 2656 interdictionibus,
1607 2593 1640 2646 ur
1661 2586 1763 2644 nunus
1780 2603 1902 2660 unquam

279 2675 421 2735 detentus
433 2681 462 2733 el
473 2676 722 2732 confirmaremus
736 2673 851 2732 cunctis
861 2673 969 2731 diebus
978 2674 1046 2731 viiae
1056 2677 1114 2730 tuae
1169 2687 1283 2740 [porum
1322 2696 1533 2738 successorum
1569 2677 1759 2753 pontifich
1793 2679 1855 2733 sire
1902 2715 1914 2728 .

278 2765 439 2843 praelatum
454 2764 746 2837 archiepiscopatum
760 2767 873 2820 sanctes
891 2763 1049 2822 Canusinae
1065 2765 1116 2821 Ec·
1168 2771 1216 2829 vel
1238 2772 1466 2845 imperatorum,
1483 2774 1536 2826 aut
1557 2769 1715 2840 cujuslibet
1735 2783 1865 2839 magnae,
1881 2783 1911 2839 pa

280 2853 375 2910 clasiae
387 2869 457 2910 cum
464 2851 670 2908 omnibussibi
678 2851 853 2922 adjacentiis
860 2851 908 2908 vel
917 2851 1113 2925 pertinentiis,
1167 2876 1227 2936 que
1242 2859 1394 2934 potestatis
1410 2858 1521 2916 audeat
1543 2857 1730 2928 interdicere,
1744 2857 1794 2916 vel
1814 2847 1946 2926 muleeat

278 2941 415 2999 videlicet
440 2939 601 2998 duodecim
632 2939 823 3014 episcopatus
853 2940 1112 3015 quemadmodum
1168 2952 1225 3008 1100
1244 2949 1328 3023 quod
1347 2949 1469 3007 anobis
1493 2947 1687 3004 constiturum
1703 2952 1732 3004 er
1750 2947 1948 3018 ordinemne]

279 3021 543 3104 &bulliaiempol'Q
551 3028 1114 3087 Sciliceinosil'isantecessoribussdssc·
1128 3068 1149 3125 C
1168 3041 1195 3098 Si
1211 3039 1279 3114 quis
1294 3043 1405 3110 aulem,
1416 3038 1498 3113 quod
1509 3054 1571 3095 non
1582 3038 1744 3106 credimus,
1753 3037 1899 3094 [emeram
1905 3045 1949 3089 ab?

280 3123 314 3178 tae
324 3118 488 3189 memorien,
500 3119 695 3177 decreverant
705 3123 737 3176 ut
745 3119 988 3194 archiepiscopus
997 3119 1113 3178 duode·
1168 3136 1272 3188 contra
1295 3130 1352 3186 1100
1372 3134 1512 3186 nostrum
1534 3130 1777 3196 instrumentum,
1799 3125 1942 3202 apostola

279 3211 338 3269 ⁰51³
351 3210 408 3268 sub
430 3226 463 3267 ⁵0
479 3210 631 3268 &dinami
645 3207 813 3284 ePssiOPOS·
835 3209 917 3266 Unde
935 3225 1017 3268 ΜΝ
1034 3209 1113 3280 iuste
1167 3219 1355 3296 privilegium
1370 3217 1519 3285 exstiterit,
1535 3218 1610 3274 sciat
1623 3233 1665 3286 se,
1681 3217 1739 3273 nisi
1752 3217 1942 3290 resipueritis

278 3300 466 3376 precantium
490 3299 567 3358 votis
589 3299 726 3356 lavemus
748 3302 781 3354 ut
802 3303 831 3356 et
851 3298 935 3356 robis
954 3299 1114 3372 praenomi-
1166 3311 1283 3369 tornare
1304 3309 1352 3367 bei
1366 3307 1590 3382 omnipotentis,
1604 3312 1633 3364 ει
1655 3307 1735 3364 gean
1756 3306 1830 3364 peu-r
1849 3308 1943 3379 ,pure

277 3395 350 3447 nato
363 3387 492 3447 Bisantio
507 3387 648 3460 angelico
663 3387 890 3463 archiepiscopo
903 3402 1113 3444 consecrarem
1166 3417 1235 3459 rum
1248 3398 1400 3474 principis,
1415 3402 1444 3454 et
1457 3397 1579 3466 egrotis,
1589 3395 1792 3455 anathematis
1804 3395 1942 3454 vincensis

278 3479 309 3535 in
329 3478 461 3552 prefatae
484 3477 615 3534 ecclesiae
641 3483 751 3534 sancte
773 3478 932 3534 Canusinis
955 3493 1025 3534 cum
1047 3475 1113 3532 uni-
1167 3489 1346 3547 innodatum
1371 3493 1400 3545 er
1423 3502 1555 3557 ,regno
1582 3486 1633 3544 001
1656 3485 1800 3558 menum,
1816 3491 1935 3558 aquen

277 3567 372 3624 versis
396 3566 576 3637 civitatibus,
592 3570 621 3623 et
645 3566 784 3638 castellis,
799 3567 858 3624 hoc
882 3565 992 3623 seilicet
1016 3568 1113 3624 Canu·
1166 3578 1243 3636 suda
1255 3576 1396 3634 traditore
1411 3575 1529 3633 pomini
1542 3575 1635 3634 nostri
1649 3579 1719 3633 regu
1732 3575 1845 3644 emisti,
1855 3583 1930 3630 uere

279 3654 362 3723 sinit,
383 3654 458 3723 Bari,
483 3653 638 3724 Μθᾶῑῑῦῡῡ,
666 3653 840 3722 ᾸῑΝθΜῡῘΟ,
861 3653 994 3720 melficta,
1016 3653 1111 3723 Rub02
1167 3669 1225 3726 bus
1236 3666 1337 3742 impiis
1353 3666 1452 3724 socius
1468 3665 1505 3722 sit
1519 3665 1549 3722 in
1561 3664 1723 3723 internum.
1735 3665 1791 3731 Qui
1806 3681 1869 3722 vere
1879 3673 1936 3736 pre

279 3741 390 3816 Trana,
403 3741 683 3817 Cissssbffisseibissb
690 3747 864 3817 Atinatem»
872 3744 967 3799 M011'0
977 3741 1112 3812 Melifflb
1167 3757 1243 3814 teitu
1256 3760 1355 3814 custos
1370 3759 1399 3812 et
1418 3753 1595 3812 observator·
1612 3754 1704 3827 hujus
1725 3754 1819 3812 nostri
1839 3749 1939 3827 aporire·

277 3831 505 3903 LibellOialum,
518 3831 668 3904 CisieffltB,
685 3831 814 3900 Βὶῖᾶῑῧῐθ,
826 3829 917 3904 salpi,
928 3833 1111 3904 Cupersflssb
1167 3845 1313 3921 privilegii
1336 3844 1486 3912 exstilerit,
1502 3842 1719 3908 benedictionis
1740 3843 1869 3914 gratiam,
1882 3843 1942 3900 nter

275 3922 432 3982 puliniano
454 3921 543 3980 Simul
563 3927 592 3980 et
614 3923 729 3993 catera,
754 3925 783 3978 et
803 3919 932 3992 aliarum
958 3919 1113 3976 imitatum
1167 3951 1227 4011 que
1251 3939 1393 3992 &temam
1418 3951 1436 3992 a
1458 3933 1585 3991 Domino
1611 3933 1765 4008 percipere
1788 3939 1944 3992 mereatum

277 4016 368 4086 atque
383 4017 552 4072 castrorum
567 4012 624 4070 sibi
639 4010 854 4085 adjacentium,
869 4010 917 4067 vel
937 4009 1026 4081 longe
1039 4007 1113 4066 late-
1168 4024 1280 4084 ,mura
1294 4022 1484 4082 murorum,
1497 4027 1602 4082 Amen,

276 4115 337 4173 que
349 4100 391 4156 ibi
404 4100 520 4174 posite,
535 4099 632 4159 donec
646 4099 809 4175 impleatur
822 4099 1021 4157 duodecimus
1036 4098 1114 4171 epis·
1205 4115 1353 4190 sel-iprum
1368 4130 1422 4189 pe,-
1438 4129 1549 4172 manus
1572 4113 1686 4186 pogerij
1708 4113 1813 4174 noem-j
1826 4110 1948 4186 „Bm

277 4201 381 4260 copus.
397 4191 499 4261 ltaque
522 4189 740 4245 confirmamus
765 4187 853 4246 vobis
872 4203 979 4244 omnes
1002 4185 1113 4242 landos
1168 4211 1258 4282 atque
1284 4205 1428 4264 scriniarii
1453 4210 1565 4264 sanem
1580 4209 1721 4264 Romame
1746 4205 1876 4266 Eodem
1887 4217 1949 4264 mm

277 4280 306 4333 et
319 4275 434 4334 casales
449 4292 510 4334 aaa
522 4293 593 4333 cum
607 4277 686 4334 casis
698 4282 727 4334 et
739 4277 844 4346 vineis,
862 4292 965 4334 servos
979 4279 1008 4332 et
1021 4273 1113 4333 aneil-
1166 4298 1255 4355 punio
1269 4296 1372 4355 indict·
1387 4299 1503 4354 octava·
1520 4295 1629 4354 palate·

276 4365 332 4437 las,
348 4380 410 4422 una
425 4380 496 4422 cum
506 4365 614 4423 massis
629 4370 659 4424 et
669 4367 851 4424 massariciis
862 4369 952 4440 atque
966 4364 1113 4423 molendi·
1559 4387 1593 4444 lll

277 4455 335 4526 nis,
348 4453 448 4512 littora
460 4469 530 4512 cum
545 4458 645 4529 portu,
665 4453 819 4512 monnbus
832 4452 1007 4526 etcollibus,
1021 4423 1150 4529 atque⁰
1167 4479 1264 4536 Bulla
1281 4478 1408 4536 poam„
1429 4477 1502 4534 χιχ
1512 4427 1604 4547 pm·
1623 4476 1664 4533 ad
1687 4491 1786 4534 omn„
1806 4493 1892 4550 ,effi
1909 4477 1949 4548 ,pp

277 4543 410 4620 planitiis
423 4548 452 4603 et
471 4545 575 4620 pratis,
596 4544 746 4619 simulque
765 4543 916 4619 plebibus,
942 4545 1002 4602 sire
1021 4543 1113 4602 eccle·
1370 4549 1580 4620 rependeres,
1597 4548 1726 4617 comites,
1742 4553 1797 4606 ete.

276 4634 328 4692 siis
341 4650 411 4692 cum
423 4633 565 4692 omnibus
581 4633 682 4702 titulis,
698 4632 761 4690 sive
776 4632 899 4707 capellis
914 4633 986 4690 suis.
1004 4636 1112 4690 Verum
1417 4637 1513 4711 (Circa
1528 4652 1644 4694 annum
1657 4638 1749 4710 1025.)

276 4721 367 4782 etiam
394 4723 579 4782 monasteria
604 4723 738 4782 virorum
762 4739 815 4780 seu
842 4722 1023 4798 puellarum,
1049 4727 1113 4780 tam
1168 4730 1334 4804 [Menotres
1353 4735 1381 4787 er
1394 4730 1573 4788 becumene
1589 4727 1767 4800 historiques
1786 4729 1822 4787 de
1834 4731 1865 4789 ta
1881 4733 1949 4790 Seue

275 4814 605 4888 Groeeaquamlatina,
616 4830 686 4871 cum
696 4812 844 4871 universis
854 4813 1011 4870 ordinibus
1023 4812 1113 4871 eccle·
1292 4824 1366 4876 tom.
1381 4820 1426 4886 lll,
1439 4832 1470 4891 p.
1485 4819 1549 4874 trs.
1565 4818 1723 4874 lausanna
1740 4820 1815 4876 1838.
1830 4821 1868 4894 8·]

276 4903 414 4974 siasticis,
436 4903 583 4976 diaconis,
607 4902 812 4974 subdiaconis,
835 4902 1007 4975 lectoribus,
1030 4919 1114 4978 pres,
1202 4907 1949 4982 tetressepiscopus,servasservorumnetomnbe

275 4991 397 5066 hyteris,
415 4995 444 5050 et
466 4992 580 5060 omnia,
595 4994 624 5050 et
646 4991 787 5050 universa
809 4991 934 5066 predia,
949 4997 979 5051 et
995 5008 1114 5067 posses.
1166 4996 1298 5070 regibus,
1317 4995 1478 5070 episcopis,
1495 4993 1635 5064 ducibus,
1650 4993 1809 5052 comitibus
1826 5003 1907 5073 atqie
1919 5013 1949 5054 m

275 5082 385 5148 aiones,
401 5081 525 5152 cultum,
540 5081 589 5140 vel
602 5081 759 5154 incultum,
776 5086 866 5156 atque
879 5099 949 5140 cum
969 5083 1113 5140 omnibus
1166 5087 1257 5144 nibus
1272 5083 1501 5161 principibus,in
1508 5100 1640 5159 quorum
1654 5087 1799 5158 potestate
1811 5087 1949 5148 tamnes

274 5187 344 5247 quae
359 5170 418 5228 diei
441 5175 469 5228 et
490 5169 643 5229 nominari
666 5187 738 5229 rura
762 5170 859 5229 solent
883 5171 1069 5245 generaliter,
1085 5177 1114 5230 et
1166 5175 1340 5235 coenobium
1360 5176 1479 5234 ridetur
1497 5173 1608 5232 habere
1633 5173 1749 5249 aliquas
1772 5176 1949 5248 ecclesiane

273 5263 390 5335 integro
415 5259 643 5336 pertinentibus,
659 5261 828 5320 constitutis
842 5277 861 5320 a
883 5263 1010 5321 termino
1033 5267 1113 5337 npu-
1166 5266 1284 5340 aliquas
1295 5271 1400 5336 terras,
1415 5263 1542 5324 salutern
1557 5279 1577 5321 a
1590 5266 1651 5320 ileo
1662 5267 1691 5321 et
1701 5265 1949 5338 apostolicambeu

273 5347 331 5407 lire.
355 5349 502 5408 Praeterea
526 5349 721 5410 concedimus
745 5366 815 5408 eum
841 5350 1018 5409 auctoritate
1039 5350 1111 5408 bea·
1166 5353 1340 5413 medonem.
1841 5397 1846 5408 .

208 5495 212 5503 ,
274 5442 374 5496 torum
389 5437 596 5514 apestolorum
611 5438 756 5514 principis
770 5438 846 5498 Petri
859 5444 888 5497 et
901 5439 995 5513 Pauli,
1011 5443 1040 5498 et
1054 5455 1112 5496 cee-
1201 5442 1949 5508 Preceromnemincommunevestramfraternitate

274 5528 344 5585 teris
359 5526 461 5601 simul,
476 5527 529 5603 qui
544 5543 650 5585 eorum
665 5528 821 5601 fungimur
834 5528 1025 5597 vicariatum,
1039 5545 1112 5603 qua·
1165 5535 1199 5588 ut
1211 5531 1262 5606 pio
1277 5531 1328 5589 Dei
1342 5536 1370 5589 et
1385 5531 1480 5590 saneti
1493 5531 1570 5590 Petri
1584 5536 1750 5606 nostroque
1764 5537 1949 5612 amorepredi

275 5617 362 5674 tenus
389 5615 541 5676 licentiam
561 5617 677 5675 habeas
698 5618 814 5677 cunctis
832 5617 939 5676 cbebus
962 5617 1029 5675 vitre
1050 5622 1109 5676 ture
1165 5619 1949 5702 otumRomanensecoenebium,etomniaadipsunpe

274 5707 357 5770 utere
371 5707 509 5783 pellium,
524 5711 553 5769 et
567 5705 725 5788 episcopos
739 5723 915 5772 consecrare
935 5723 1005 5770 eum
1025 5707 1111 5775 omui
1165 5708 1291 5774 meres
1300 5711 1363 5787 (sic)
1372 5709 1751 5787 protegerestudeatisetin
1760 5713 1949 5784 omnibusne
