3990 6184
127 128 194 181 ,aa
338 169 340 174 ,
444 103 457 118 “
724 89 770 166 hu
783 109 925 167 omanus
939 107 1152 164 nouasrunu
1170 105 1234 161 sur.
1767 109 1834 162 reso

124 247 202 321 quiae
217 241 296 300 beati
311 237 488 306 lanteberti,
503 235 557 309 qui
569 233 733 306 Tungreusi
749 231 820 289 villa
834 229 954 303 publica
968 228 993 284 A
1007 226 1163 285 hausibilis
1179 225 1232 282 viri
1246 220 1398 281 Turonicae
1409 223 1533 282 civitatis
1546 225 1690 300 episcopi,
1707 227 1781 283 Sunt
1794 241 1838 282 re-

125 336 164 393 ab
179 330 373 406 iniquissimis
392 327 464 384 viris
484 325 645 398 improvise
666 323 745 380 iutra
765 321 891 378 domum
906 333 955 376 eo·
1008 315 1109 390 liquire
1137 313 1217 372 beati
1242 312 1337 370 Brictii
1359 311 1475 370 civitate
1502 315 1627 370 Turonis
1652 313 1838 372 admirandas

127 422 224 480 clesiae
246 418 390 492 martyrio
412 419 582 473 coronatur.
597 409 845 483 lnsuntreliquiee
862 407 956 466 sancti
1009 405 1171 462 sanctitatis
1194 403 1258 460 viri.
1285 403 1389 460 insunt
1414 399 1546 474 reliquia
1572 403 1667 458 sancti
1689 401 1839 460 Ambrosii

127 512 208 570 Pebii
221 494 371 581 martyris,
387 506 449 579 qui,
466 520 535 560 cum
549 501 625 558 ferre
646 499 754 557 vexilla
775 496 958 572 proesidialia
1011 493 1236 552 mediolanensis
1243 490 1480 568 episcopi,cujus
1489 489 1578 548 flores
1587 490 1697 564 eloquii
1706 493 1841 550 redolent

127 603 287 664 recusaret,
314 601 453 655 caesarea
482 609 501 650 a
526 591 689 648 furibundo
710 589 812 663 judice
837 586 957 662 capitali
1012 586 1173 656 pertatem
1192 581 1355 641 Ecclesiam
1370 579 1486 638 mundi.
1509 582 1583 638 Sunt
1605 579 1738 652 reliquia
1762 579 1841 637 beati

128 688 274 747 sententia
295 685 522 742 condemnatur.
541 683 614 738 Sunt
637 678 769 752 reliquia
792 677 873 735 beati
892 679 959 733 Pro
1013 671 1145 742 Gregorii
1170 671 1292 744 dialogi,
1316 671 1369 744 qui
1397 669 1531 745 pontifex
1559 672 1660 726 Romae
1689 667 1842 725 ordinatus

126 779 196 852 jecti
208 776 347 849 martyris
362 777 391 829 et
410 770 544 845 episcopi
564 767 767 826 Arvernensis.
779 770 883 824 insunt
891 765 958 822 reli·
976 799 979 804 .
1014 759 1152 817 coellbem
1165 758 1257 815 vitem
1276 758 1371 816 duxit.
1386 763 1491 816 Insunt
1508 758 1642 831 reliquias
1659 756 1753 813 sancti
1778 756 1844 829 Syri

129 866 207 940 quire
232 862 325 920 sancti
350 859 500 916 Fortunati
523 857 664 930 martyris
685 855 769 930 apud
793 853 958 928 Aquileiam
1014 848 1157 922 episcopi,
1173 847 1226 921 qui
1241 847 1323 919 apud
1338 849 1460 921 Papiam
1475 847 1536 906 ilde
1548 846 1734 904 credentium
1746 861 1844 919 popu·

129 955 221 1031 passi.
235 955 308 1009 Sunt
322 948 455 1022 reliquiae
466 946 546 1004 beati
567 946 690 1016 Nazarii,
705 962 797 1019 quem
817 942 961 1006 Anolinus
1014 939 1113 995 lorum
1124 936 1283 994 fundatam
1295 935 1455 993 Ecclesiam
1466 936 1664 1008 glosiosofine
1674 934 1843 1010 requiescit.

130 1045 188 1102 sub
199 1041 283 1100 rahie
298 1036 511 1112 persecutionis
522 1035 574 1092 diu
584 1039 770 1092 maceratum
780 1038 809 1090 et
818 1031 962 1090 afflictum
1017 1030 1091 1086 Sunt
1104 1026 1237 1100 reliquia
1259 1025 1338 1082 beati
1357 1026 1536 1084 Giinterandi
1560 1027 1638 1100 regis
1664 1029 1846 1084 Francorum

131 1131 232 1204 gladio
242 1127 322 1185 feriri
330 1125 421 1199 J'ussit
431 1125 512 1198 apud
525 1109 735 1182 ltediolanum.
749 1124 822 1180 Sunt
831 1119 963 1193 reliquiae
1016 1117 1069 1192 qui
1087 1113 1292 1190 spiritualibus
1310 1112 1476 1170 actionibus
1491 1115 1598 1171 exstitit
1614 1116 1806 1189 conspicuus,
1819 1118 1847 1170 et

130 1218 209 1279 beati
223 1215 358 1286 longini,
374 1213 475 1270 militis
490 1219 519 1271 et
532 1213 683 1286 martyris,
700 1211 752 1285 qui
766 1211 872 1268 lancee
886 1208 963 1265 latus
1018 1205 1100 1280 apud
1120 1204 1227 1260 urbem
1249 1200 1489 1260 cabillonensem
1505 1201 1655 1258 miraculis
1673 1207 1774 1260 manet
1791 1202 1849 1260 cla-

132 1306 249 1368 homini
262 1302 422 1379 pendentis
433 1302 465 1358 in
478 1317 565 1358 cruce
579 1300 704 1375 aperuit.
718 1303 821 1357 insunt
832 1297 963 1371 reliquiae
1018 1311 1079 1351 rus.
1091 1297 1194 1351 insunt
1203 1291 1335 1365 reliquiae
1346 1289 1441 1347 sancti
1452 1289 1532 1347 Pauli
1542 1290 1683 1364 episcopi,
1692 1293 1754 1364 qui,
1766 1293 1848 1365 apud

133 1394 227 1454 sancti
244 1391 378 1462 Protesii,
393 1390 539 1465 quiapud
554 1389 753 1448 Mediolanum
771 1386 877 1462 capitis
899 1385 966 1443 ahs-
1020 1384 1127 1442 urbem
1141 1382 1313 1440 Narbonem
1330 1378 1695 1454 praedicationisofflcium
1718 1373 1779 1435 n'on
1802 1397 1849 1436 se-

132 1485 244 1543 cisione
254 1481 434 1554 martyrium
457 1479 689 1537 consummavit.
707 1482 810 1536 lnsunt
833 1474 965 1549 reliquiae
1021 1473 1117 1545 gniter
1138 1471 1283 1546 implevit,
1304 1475 1334 1527 et
1354 1469 1395 1526 ibi
1418 1469 1517 1526 clarus
1542 1467 1694 1526 miraculis
1715 1469 1849 1542 quiescit.

70 1619 73 1622 -
134 1573 228 1632 sancti
250 1571 339 1629 Prisci
363 1568 505 1643 martyris
523 1569 606 1642 apud
622 1571 756 1642 capuam
773 1564 964 1641 quiescentis.
981 1571 1006 1630 Β
1023 1566 1096 1621 Sunt
1108 1561 1240 1634 reliquie
1257 1559 1338 1616 beati
1352 1558 1515 1633 Trophimi‚
1529 1557 1582 1632 qui
1603 1557 1686 1632 apud
1704 1558 1852 1615 Arelatem

134 1667 209 1721 Sunt
221 1660 353 1734 reliquiae
362 1660 443 1716 beati
455 1657 607 1726 Antonini,
618 1657 671 1730 qui
685 1657 800 1714 honore
815 1653 967 1726 dignitatis
1022 1652 1129 1710 urbem
1153 1649 1250 1708 Galliae
1265 1650 1440 1706 innumeras
1461 1648 1584 1706 virtutes
1597 1647 1675 1720 iecit,
1691 1651 1720 1704 et
1740 1647 1798 1705 illic
1821 1648 1853 1705 in

135 1750 253 1822 Domini
266 1749 373 1808 illustri
394 1747 574 1821 martyrium
589 1747 672 1820 apud
696 1745 854 1820 Apamiam
880 1744 968 1802 susti·
1020 1757 1095 1815 pace
1124 1737 1316 1797 obdormivit.
1345 1739 1450 1794 insunt
1481 1735 1613 1809 reliquiae
1645 1736 1727 1793 beati
1754 1737 1853 1794 Severi

134 1841 208 1899 nuit.
226 1843 329 1896 insunt
348 1837 481 1912 reliquiae
502 1836 598 1894 sancti
621 1836 763 1910 cypriani
785 1834 917 1909 episcopi
941 1839 970 1891 et
1022 1826 1260 1904 presbyteri,qui
1270 1826 1422 1897 ingentem
1431 1840 1623 1898 paganorum
1633 1825 1854 1883 multitudinem

135 1927 285 2002 martyris,
299 1927 362 2002 qui,
379 1927 435 1982 sub
450 1925 568 1983 Galerio
588 1924 780 1998 proconsule,
795 1924 879 1998 apud
896 1923 969 1979 Airi-
1023 1919 1064 1976 ed
1077 1919 1170 1975 fldem
1187 1916 1293 1975 christi
1313 1915 1466 1986 convertit,
1480 1916 1562 1988 apud
1578 1913 1683 1972 urbem
1698 1915 1853 1973 Viennam.

136 2033 214 2086 cam,
231 2015 420 2086 carthagine,
437 2029 540 2071 amore
555 2013 661 2070 Christi
681 2013 843 2084 animatus,
858 2010 971 2083 gladio
1025 2009 1099 2066 Sunt
1118 2005 1253 2079 reliquioe
1276 2003 1369 2062 sancti
1389 2003 1488 2062 llilarii
1506 2003 1630 2061 Pictavis
1649 2005 1791 2079 episcopi,
1808 2022 1856 2076 ge·

136 2122 196 2179 que
225 2117 398 2178 percussus,
425 2107 540 2174 martyr
567 2100 706 2172 migravit
735 2101 773 2156 ad
798 2100 969 2156 Dominum.
1025 2111 1096 2152 nere
1113 2098 1141 2151 et
1163 2093 1315 2151 miraculis
1330 2091 1411 2150 olari.
1429 2094 1502 2150 Sunt
1515 2093 1648 2166 reliquie
1668 2094 1765 2151 sancti
1784 2095 1855 2151 Peli-

138 2195 211 2249 Sunt
225 2189 358 2263 reliquia
374 2188 469 2245 sancti
485 2188 575 2256 Lucii,
593 2188 646 2261 qui
661 2187 744 2261 apud
758 2187 900 2256 Africam,
915 2187 972 2244 sub
1026 2183 1225 2252 deliciante,
1250 2181 1333 2239 urbis
1351 2180 1529 2255 presbyteri,
1543 2181 1573 2238 in
1591 2181 1686 2239 Pincia
1703 2182 1793 2253 digne
1811 2200 1856 2241 se-

138 2277 441 2345 Decioetllalerianc,
454 2279 633 2347 exsurgente
645 2276 863 2349 persecutionis
878 2276 971 2342 rabie,
1026 2272 1112 2347 polii.
1142 2276 1246 2329 insunt
1276 2270 1408 2344 reliquiae
1439 2271 1533 2328 sancti
1563 2271 1703 2340 llcdardi,
1733 2273 1858 2330 civitatis

138 2382 208 2423 cum
235 2364 335 2422 multis
360 2363 557 2421 consessionis
585 2379 715 2434 agonem
741 2363 973 2421 consummavit.
1030 2359 1196 2418 suessionis
1227 2357 1371 2432 episcopi,
1400 2363 1429 2414 et
1460 2357 1649 2416 confessoris.
1679 2362 1752 2418 Sunt
1794 2361 1860 2418 reli-

139 2456 247 2512 lnsunt
259 2451 391 2526 reliquia
403 2451 483 2510 beati
495 2451 639 2524 uionysii,
655 2452 719 2524 qui,
733 2451 817 2526 apud
830 2451 974 2508 Parisium
998 2487 1002 2496 .
1029 2448 1108 2521 quies
1122 2445 1202 2504 beati
1225 2444 1363 2504 Martialis
1377 2445 1460 2519 apud
1482 2446 1590 2503 urbem
1616 2448 1859 2506 lemovicensem

141 2546 279 2600 sanctum
295 2557 372 2615 opus
389 2539 515 2598 fideliter
536 2544 704 2608 exsecutus,
720 2556 740 2596 a
755 2539 897 2614 prefecto
910 2542 977 2600 Pes.
1029 2534 1217 2594 admirande
1231 2533 1396 2592 sanctitatis
1414 2539 1443 2590 et
1455 2533 1606 2605 religionis
1624 2536 1684 2593 riri.
1699 2537 1858 2594 lusuntre-

142 2630 250 2688 cennio
267 2628 396 2688 sisinnio
412 2629 650 2702 comprehensus
676 2627 855 2702 martyrium
879 2633 977 2702 porta-
1029 2623 1130 2698 liquioe
1154 2623 1248 2681 sancti
1271 2623 1421 2681 llaximini
1444 2623 1577 2698 episcopi
1597 2624 1713 2684 civitate
1735 2627 1860 2684 Treviris

144 2720 193 2776 vit.
208 2721 283 2776 Sunt
295 2717 428 2791 reliquiar
439 2717 533 2774 sancti
548 2717 718 2785 Alexandri,
730 2717 792 2790 qui,
809 2717 890 2792 epud
903 2720 978 2787 Lug·
1031 2713 1162 2785 gloriosi.
1180 2714 1254 2770 Sunt
1268 2712 1401 2786 reliquiae
1420 2712 1457 2769 de
1471 2713 1586 2787 capillis
1600 2714 1679 2772 beati
1694 2715 1792 2784 Salvii,
1808 2717 1862 2790 qui

144 2808 262 2865 dunum
275 2806 372 2864 crucis
388 2805 506 2862 afflixus
520 2806 666 2880 patibulo,
680 2799 816 2879 spiritum
827 2806 978 2864 exanima·
1030 2801 1188 2858 virtutibus
1211 2805 1239 2858 et
1262 2800 1414 2858 miraculis
1442 2801 1589 2859 Albieusis
1609 2803 1743 2878 quiescit.
1758 2808 1862 2862 insunt

146 2899 193 2952 tus
208 2894 315 2952 emisit.
333 2899 436 2951 insunt
450 2893 583 2967 reliquia.
597 2893 677 2951 beati
693 2893 811 2952 oroncii
825 2893 976 2966 martyris,
994 2922 1014 2979 C
1031 2889 1164 2964 reliquie
1183 2906 1220 2946 ex
1244 2889 1359 2964 capillis
1380 2889 1476 2947 sancti
1500 2891 1618 2949 caeserii
1640 2892 1759 2950 diaconi
1776 2894 1863 2965 iuxta

144 2983 208 3058 qui,
239 2983 322 3056 apud
351 2981 595 3039 libredunenscm
621 2981 769 3040 civitatem
791 2981 978 3056 corporalem
1032 2980 1137 3036 urbem
1164 2979 1352 3036 Terracinam
1378 2978 1494 3053 sepulti.
1521 2981 1596 3038 Sunt
1624 2981 1755 3055 reliquiae
1783 2983 1865 3041 beati

147 3077 275 3130 mortem
298 3075 504 3138 contemnens,
521 3085 665 3128 coronam
685 3069 752 3126 vitae
774 3069 902 3144 adeptus
922 3073 977 3127 est.
1032 3067 1146 3128 Paulini
1160 3067 1294 3141 episcopi
1312 3067 1478 3124 eruditione
1493 3073 1522 3125 et
1535 3069 1658 3142 copiosa
1671 3070 1739 3127 vitae
1754 3073 1863 3129 sancti-

147 3163 222 3220 Sunt
234 3160 367 3234 reliquiae
381 3159 477 3218 sancti
490 3159 607 3227 Tiberii,
620 3158 673 3232 qui
684 3163 819 3233 tempore
829 3159 982 3217 Diocletia·
1032 3164 1091 3218 tete
1107 3157 1189 3230 apud
1203 3156 1306 3214 Nolam
1320 3157 1502 3230 campanie.
1517 3162 1621 3215 insunt
1634 3159 1766 3233 reliquia
1781 3177 1865 3218 sanc-

149 3251 181 3307 ui
210 3248 301 3307 variis
322 3248 477 3305 tormentis
500 3247 660 3314 cruciatus,
675 3247 707 3303 in
732 3247 878 3306 territorio
901 3251 981 3319 Aga·
1034 3245 1208 3306 ticermeni
1230 3245 1313 3320 apud
1334 3245 1479 3302 Parisinm
1493 3247 1650 3305 virtutibus
1664 3253 1693 3306 et
1714 3250 1865 3307 miraculis

147 3339 245 3398 thena
279 3339 458 3411 martyrium
500 3336 669 3410 complevit.
708 3341 811 3395 insunt
849 3337 984 3412 reliquiae
1035 3335 1166 3409 gloriosi.
1190 3337 1265 3394 Sunt
1284 3335 1418 3410 reliquie
1433 3337 1528 3394 sancti
1554 3337 1653 3396 llilarli
1674 3340 1865 3398 carcacensis

148 3427 243 3487 sancti
260 3427 419 3486 salvatoris
432 3426 464 3484 in
488 3427 641 3484 memoriis
656 3427 776 3500 piorum
794 3427 935 3499 fulgentis
952 3428 984 3486 in
1036 3423 1171 3500 episcopi
1185 3439 1304 3495 magnae
1317 3425 1432 3482 virtutis
1444 3425 1509 3482 viri.

149 3531 244 3588 reguo
261 3515 378 3575 Christi.
1074 3516 1180 3570 insunt
1201 3511 1334 3586 reliquiae
1355 3513 1435 3570 beati
1457 3514 1540 3588 Lupi,
1555 3515 1607 3588 qui
1624 3515 1741 3573 orando
1762 3520 1868 3574 Preces

187 3609 261 3662 Sunt
273 3603 406 3676 reliquiae
418 3603 498 3660 beati
520 3604 636 3661 Genesii
660 3605 812 3678 martyris,
826 3605 879 3679 qui
902 3605 985 3680 apud
1041 3601 1178 3660 munivit.
1196 3602 1270 3659 Sunt
1282 3601 1413 3674 reliquias
1428 3602 1523 3659 sancti
1536 3602 1654 3660 Eusebii
1669 3604 1785 3661 civitate
1799 3607 1868 3661 Ver-

151 3689 300 3746 Arelatem
309 3689 792 3763 deprehensusabapparitoribus
806 3697 896 3766 etque
908 3693 939 3750 in
951 3694 988 3751 ri.
1041 3691 1122 3748 cellis
1138 3690 1281 3764 episcopi.
1298 3695 1403 3748 insunt
1416 3691 1548 3764 reliquiae
1564 3691 1645 3750 beati
1663 3691 1800 3751 Philberti
1819 3693 1871 3750 ab·

152 3795 194 3853 pa
207 3774 340 3834 fluminis
354 3774 492 3832 lthodeui
506 3775 670 3833 decollatus
685 3782 739 3833 est.
758 3781 833 3835 Sunt
854 3781 987 3852 reliquiae
1041 3782 1120 3837 hatis
1135 3780 1167 3835 in
1181 3779 1325 3836 territorio
1345 3780 1536 3850 Rodomensi‚
1551 3781 1680 3839 inomni
1697 3784 1824 3857 puritate
1843 3787 1873 3840 et

155 3866 251 3926 sancti
273 3863 382 3932 Felicis,
398 3863 461 3937 qui,
484 3864 567 3937 apud
591 3865 763 3923 Gerundam
775 3863 897 3923 'catenis
923 3883 989 3937 gra·
1042 3866 1135 3924 animi
1149 3867 1307 3922 virtutibus
1326 3865 1408 3921 clari.
1426 3868 1500 3923 Sunt
1516 3867 1648 3941 reliquiae
1662 3872 1757 3926 sancti
1778 3866 1872 3943 Egidii

154 3953 288 4011 viorihus
311 3952 437 4020 vinctus,
459 3967 513 4026 per
532 3956 609 4011 totas
633 3952 749 4026 plateas
774 3953 814 4010 ab
836 3953 989 4012 indomitis
1044 3953 1163 4012 abbatis
1174 3952 1205 4008 in
1217 3952 1361 4009 territorio
1374 3957 1568 4011 Nemausensi
1578 3957 1670 4026 signis
1681 3957 1873 4018 illustrissimi

156 4042 246 4101 mulis
260 4047 382 4106 tractus,
397 4039 540 4099 manibus
555 4048 624 4116 post
638 4046 755 4114 tergum
769 4041 867 4114 ligatis
880 4043 912 4101 in
927 4059 990 4100 ma·
1044 4047 1073 4100 ot
1087 4041 1251 4098 sanctitate.
1269 4042 1373 4098 lusuut
1385 4041 1517 4116 reliquiae
1536 4044 1629 4100 sancti
1645 4044 1763 4115 Ugberti
1784 4049 1872 4122 regis,

157 4134 197 4190 ris
212 4131 362 4206 profundo
381 4146 509 4202 mersus,
526 4130 639 4189 illushe
662 4131 841 4206 martyrium
865 4132 988 4207 peregit.
1046 4129 1130 4205 apud
1144 4127 1259 4185 ltaliam
1273 4130 1392 4200 magnis
1406 4129 1564 4188 virtutibus
1577 4135 1608 4190 et
1625 4134 1745 4208 optimis
1768 4137 1874 4194 studiis

158 4224 263 4278 insunt
283 4219 416 4294 reliquiae
443 4219 523 4277 beati
549 4221 730 4294 cucuphatis
757 4221 906 4295 martyris,
927 4220 1028 4318 qui,D
1045 4217 1162 4296 prediti
1183 4217 1247 4274 viri.
1273 4219 1347 4275 Sunt
1366 4217 1499 4292 reliquiae
1519 4220 1597 4278 beati
1622 4223 1793 4296 leudegarii
1818 4231 1875 4284 Au-

159 4310 334 4383 gravissimc
348 4311 443 4366 tortus
466 4312 495 4366 et
509 4308 782 4380 catenisastrictus,
797 4308 829 4366 in
850 4307 992 4366 craticula
1046 4305 1279 4382 gustodunensis
1307 4307 1450 4382 episcopi.
1479 4313 1581 4368 lnsunt
1616 4312 1748 4387 reliquia
1781 4317 1876 4373 sancti

160 4402 400 4473 superextensus,
417 4395 475 4453 sub
489 4396 605 4454 Galerio
625 4401 655 4454 et
677 4396 857 4454 llaximiano
878 4412 914 4453 ac
937 4399 994 4453 ltu-
1047 4395 1187 4454 Germani
1214 4395 1349 4468 capuani
1376 4396 1519 4472 episcopi,
1543 4400 1643 4457 verbis
1667 4405 1696 4457 et
1718 4402 1876 4459 virtutibus

160 4487 233 4555 tino,
249 4485 443 4543 barchinonae
457 4489 502 4542 est
520 4500 641 4560 pessus.
658 4488 732 4544 Sunt
756 4484 887 4558 reliquias
910 4501 995 4542 senc·
1047 4484 1153 4542 ornati.
1185 4485 1259 4541 Sunt
1281 4482 1413 4558 reliquia
1441 4483 1520 4543 beati
1556 4487 1683 4556 ceraldi,
1708 4488 1739 4543 in
1772 4489 1878 4546 habitu

161 4581 261 4634 torum
285 4579 453 4649 martyrum
477 4577 580 4633 llassae
606 4573 759 4645 candidas,
775 4574 837 4648 qui,
860 4580 995 4646 tempore
1049 4573 1220 4632 christianae
1257 4573 1408 4644 religionis
1443 4575 1618 4648 multiplicia
1649 4577 1772 4648 operati.
1806 4582 1880 4637 Sunt

54 4667 62 4678 ‘
163 4663 309 4722 Valeriani
323 4668 353 4721 et
366 4663 488 4722 Gallieni
505 4662 653 4721 christum
675 4661 727 4719 Ilei
742 4662 847 4720 lilium
869 4663 995 4720 latentes
1048 4661 1179 4735 reliquiae
1195 4662 1288 4718 sancti
1305 4661 1422 4717 tirmini
1437 4661 1520 4734 apud
1535 4663 1663 4720 Uzetiam
1683 4665 1837 4724 sanctitate
1851 4673 1881 4726 et

164 4753 249 4827 ejecti
264 4756 334 4808 sunt
350 4751 382 4808 in
407 4751 509 4824 ignem
535 4751 618 4826 apud
645 4751 865 4823 Carthaginem.
894 4755 997 4809 insunt
1049 4750 1191 4827 patientia
1203 4766 1239 4806 ac
1260 4749 1320 4805 tide
1333 4748 1503 4806 laudabitis.
1520 4752 1595 4808 Sunt
1613 4751 1745 4826 reliquis.
1769 4761 1880 4814 sauctae

165 4840 298 4915 reliquiae
312 4839 470 4897 beatorum
492 4841 609 4898 cosma
633 4844 663 4896 et
687 4839 834 4908 Damiani,
850 4841 915 4913 qui,
929 4843 999 4913 post
1050 4838 1181 4913 Agnetis,
1194 4853 1262 4910 quae
1274 4836 1396 4908 ignibus
1411 4837 1521 4909 iniecta
1542 4843 1571 4896 et
1594 4841 1695 4898 Romae
1717 4843 1774 4900 suh
1798 4846 1882 4917 Sym·

166 4932 307 4990 toleratos
340 4927 444 4998 fustes,
482 4929 655 5001 equuleum,
690 4928 785 5001 ignes,
823 4928 999 5000 sagittarum
1050 4924 1180 5001 phronis
1190 4922 1290 4994 gladio
1299 4928 1344 4980 eet
1354 4940 1506 4997 percussa.
1515 4929 1618 4982 insunt
1626 4927 1759 5002 reliquiae
1770 4937 1881 4990 sanctae

166 5020 255 5090 ictus,
270 5017 328 5074 sub
340 5015 465 5090 praeside
481 5016 568 5088 Lysia
584 5017 801 5090 epudAEgeam
821 5017 923 5089 gladio
937 5017 999 5074 ani-
1051 5013 1174 5088 Agathae
1198 5011 1332 5083 virginis,
1355 5029 1422 5085 quse
1449 5018 1518 5088 post
1540 5015 1645 5088 alapas
1668 5021 1697 5074 et
1721 5035 1882 5090 carcerem,

168 5106 320 5166 madversi
349 5108 427 5162 sunt.
459 5106 533 5162 Sunt
564 5103 694 5178 reliquiae
727 5110 899 5164 sanctorum
925 5103 1000 5163 lusti
1052 5103 1121 5176 post
1135 5099 1297 5173 equuleum
1312 5103 1340 5156 ot
1349 5101 1501 5171 tortiones,
1516 5107 1585 5176 post
1599 5104 1804 5164 mamillarum
1815 5109 1886 5167 abs-

169 5200 199 5253 et
211 5195 349 5266 Pastoris,
364 5194 426 5269 qui,
443 5209 513 5251 cum
538 5192 639 5250 adhuc
665 5195 750 5266 pueri
772 5195 874 5254 litteris
895 5193 1001 5252 inbue·
1055 5189 1225 5257 cissioucm,
1240 5194 1310 5262 post
1326 5189 1541 5249 volutationem
1555 5192 1585 5249 in
1610 5195 1722 5252 teshrlis
1737 5202 1765 5255 ct
1778 5198 1885 5256 carbo-

170 5289 283 5357 rentur,
296 5285 436 5359 projectis
450 5283 481 5340 in
496 5282 600 5340 schola
615 5281 737 5352 tabulis,
753 5289 857 5356 sponte
872 5285 912 5342 ad
927 5298 1005 5340 mar·
1055 5279 1157 5350 nibus,
1170 5278 1199 5335 in
1216 5295 1333 5337 carcere
1355 5285 1567 5340 consummata
1589 5287 1643 5341 est.
1660 5286 1734 5343 Sunt
1754 5287 1885 5363 reliquiae

171 5373 282 5448 tyrium
295 5377 499 5442 cucurrerunt,
514 5371 594 5428 unde
607 5374 636 5427 et
650 5369 681 5426 iu
704 5385 813 5444 campo
826 5371 971 5429 laudabili
985 5387 1004 5428 a
1058 5372 1168 5427 sancire
1182 5368 1460 5444 segolina‚optima
1472 5371 1590 5429 lemine
1602 5377 1631 5430 et
1640 5374 1716 5432 miro
1726 5393 1816 5450 opere
1827 5379 1888 5450 glo·

173 5461 365 5520 carnificibus
373 5465 457 5518 extre
464 5460 614 5518 civitatem
623 5457 781 5532 compluto
786 5459 914 5529 jugulati
925 5463 1003 5517 sunt.
1057 5459 1152 5516 riosa.
1168 5461 1273 5515 insunt
1289 5458 1421 5534 reliquiae
1437 5465 1547 5519 sancta
1566 5463 1695 5532 nume,
1709 5481 1787 5538 ques,
1800 5469 1888 5548 jussu

174 5555 279 5680 queunt
289 5547 663 5700 ιοὲὲωῶιιὲἒηήυί,
677 5547 790 5609 summi
799 5551 828 5606 et
840 5547 1007 5624 incompre-
1061 5547 1182 5606 llacicni
1196 5547 1331 5621 masida
1340 5548 1628 5622 pltuimatcrmeata
1635 5555 1889 5702 perpi‘ezs'emdvis-
