3990 6184
185 174 254 246 tarr
805 165 1070 232 umerorum
1088 165 1292 228 tremere.
1846 163 1909 221 irai

183 295 247 370 auis
261 294 415 370 sirmam
432 291 579 362 viratus,
605 294 657 360 aut
678 290 825 352 draeones
847 291 947 354 varios
958 291 1015 350 mi·
1034 290 1233 364 equentibus
1246 293 1398 364 praetant.
1413 291 1517 346 ltarsx
1530 302 1569 344 ex
1581 285 1690 343 adeam
1704 285 1815 360 primo
1840 303 1909 361 pro

184 388 292 456 nautes
301 381 441 456 ipoeudia
455 381 494 440 de
509 379 734 448 naribusllliuo
748 380 887 442 homines
901 380 938 439 de
950 379 1018 440 soii·
1069 379 1110 438 lio
1121 397 1204 447 usus,
1220 379 1409 454 adiabentem
1421 377 1575 448 regionem
1590 373 1718 445 invadit,
1735 375 1820 437 tusis
1832 373 1912 446 luga-

183 473 225 542 do
239 488 314 546 auro
330 474 492 542 argentove
505 469 621 542 rutilos,
634 469 945 544 vivisquodammodo
955 485 1017 530 uon
1071 469 1167 542 tisque
1182 468 1330 530 hostibus.
1346 471 1427 524 Tune
1440 466 1491 524 tali
1512 481 1655 522 sueoessu
1670 464 1772 520 faetus
1799 465 1913 522 auden

157 581 161 590 “
184 563 326 638 mpero.
339 564 431 633 etque
445 557 526 621 illino
540 563 642 621 tauros
655 558 759 621 ereetis
774 575 898 619 rursum
922 557 1016 627 ooltia,
1070 558 1135 626 tior,
1152 558 1191 618 sd
1205 575 1298 620 neves
1308 558 1386 616 redit
1399 562 1427 615 et
1441 556 1572 630 reliquos
1583 559 1699 630 portin,
1726 555 1783 628 qui
1808 555 1911 628 plures

183 646 391 724 limisslfflssiltlt
406 647 552 720 ambo,
568 647 701 718 mugitus
727 663 893 720 oursuaque
915 646 1017 706 viven—
1070 665 1137 710 eam
1153 653 1262 710 terrem
1277 649 1410 719 cingunt,
1426 647 1533 705 eadem
1545 649 1661 703 ratione
1686 643 1823 704 invadit.
1849 649 1913 702 Poe

183 738 259 808 tium
274 738 460 810 simulanter.
487 736 606 800 Videres
632 753 754 812 quoque
778 737 938 810 delphinos
957 736 1016 796 ele·
1071 741 1165 794 bomo
1179 737 1349 798 universam
1361 737 1490 811 petriam
1501 741 1582 792 tanto
1596 735 1701 791 labore
1717 733 1910 808 perdomuit

184 833 246 893 abo
261 828 354 904 huot.
368 833 561 900 veteremque
575 831 811 888 rememorantes
828 825 964 888 tabulam
980 827 1017 882 de
1070 833 1112 896 ut,
1128 827 1231 902 siquis
1244 843 1368 886 omnem
1379 826 1536 884 historiam
1551 826 1616 896 ejus
1631 823 1672 881 ed
1693 823 1831 896 plenum
1845 840 1913 898 pea-

184 915 291 983 aodem
305 915 427 986 metallo
441 921 612 982 centauros.
630 916 772 987 Ejusdem
795 920 939 988 praeterea
960 932 1016 972 om-
1070 932 1188 976 ourrere
1202 916 1282 989 velit,
1296 932 1358 974 non
1373 915 1528 972 modinum
1551 913 1703 972 auditores
1726 913 1874 984 fatigabit
1887 921 1913 970 at

183 1005 288 1077 tauro
300 1005 396 1074 multa
409 1005 461 1067 tibi
476 1005 608 1076 direrem
627 1005 769 1075 iusignia,
800 1005 824 1062 si
846 1021 908 1065 non
929 1021 1016 1071 mon
1070 1005 1189 1065 sibimet
1203 1005 1331 1078 injurius
1352 1005 1416 1072 erit,
1442 1004 1527 1076 dum,
1554 1007 1587 1059 ut
1600 1001 1702 1076 voluit,
1718 1003 1832 1060 omnia
1847 1019 1911 1076 pe*

185 1099 326 1166 atrorum,
338 1110 406 1169 quer
420 1093 539 1167 tempta
548 1094 870 1166 morinummontem
881 1095 1015 1156 nomine.
1070 1095 1212 1168 stringere
1228 1095 1352 1152 minime
1368 1094 1485 1152 valebit.
1502 1097 1537 1150 nt
1551 1107 1618 1164 ego,
1643 1092 1709 1149 heo
1736 1091 1829 1150 alteri
1844 1109 1910 1152 ner-

184 1184 242 1258 §ed
267 1183 342 1264 qiud
366 1197 450 1248 nuno
463 1183 515 1242 tibi
530 1183 624 1242 latera
645 1183 815 1242 earinarum
839 1199 1016 1249 memorem,
1069 1183 1165 1244 rande
1181 1183 1363 1257 relinquens,
1389 1182 1541 1253 tangendo
1569 1182 1694 1240 baudra
1710 1181 1866 1255 percupio
1884 1186 1911 1238 et

184 1289 247 1347 non
276 1272 370 1338 modo
399 1273 545 1334 ornatitiis
568 1273 688 1347 depiete
722 1273 884 1342 coloribus,
912 1289 1016 1334 verum
1070 1275 1109 1334 acl
1131 1273 1190 1330 alia
1206 1273 1385 1345 festinando,
1414 1271 1525 1346 stylum
1551 1269 1712 1345 applicabo
1739 1270 1783 1326 ad
1811 1271 1909 1328 Sueini

185 1363 274 1420 etiam
299 1363 397 1421 eureis
423 1363 631 1437 argenteisque
656 1379 763 1438 aspera
783 1363 900 1436 signis?
927 1363 1017 1433 Regia
1069 1363 1197 1433 obitum,
1216 1361 1356 1420 utieativi
1377 1361 1456 1432 regis
1479 1361 1621 1418 cnutonis
1642 1359 1729 1430 regni
1756 1358 1908 1420 elucidare

182 1467 306 1527 quoque
331 1451 443 1526 puppis
471 1457 554 1518 tanto
582 1452 804 1525 pulchritudine
832 1451 878 1509 sui
904 1453 1016 1510 oreteris
1068 1469 1180 1527 queam
1205 1451 1370 1510 exordium.
1397 1455 1534 1524 Namque
1561 1449 1614 1506 ubi
1634 1450 1701 1520 jam
1724 1449 1908 1524 ampodietus

183 1540 356 1616 prestabat,
372 1545 487 1616 quanto
502 1557 554 1602 rex
569 1558 630 1603 suer
644 1541 796 1613 dignitatis
811 1542 926 1602 honore
939 1541 1016 1598 mili·
1069 1559 1121 1602 rex
1134 1547 1195 1600 tota
1205 1541 1371 1612 anglorum
1385 1539 1483 1614 patria
1497 1543 1540 1596 est
1554 1539 1789 1608 inthronisatus,
1811 1543 1843 1596 at
1860 1537 1909 1594 nbi

185 1634 228 1697 tea
240 1629 444 1701 antecedebat.
461 1633 501 1700 De
513 1646 574 1709 que
586 1630 692 1692 melius
708 1635 792 1692 estut
804 1630 1015 1704 sileam,quam
1035 1648 1057 1702 B
1069 1633 1133 1705 jem
1148 1647 1224 1705 pene
1239 1630 1281 1688 illi
1295 1646 1386 1690 nemo
1400 1628 1513 1697 restitit,
1529 1645 1627 1702 pauoo
1641 1628 1817 1702 supervixit
1838 1635 1908 1684 mm·

184 1735 240 1794 pro
266 1719 474 1794 magnitudine
503 1721 550 1781 aui
577 1735 676 1794 parea
696 1720 806 1782 dicam.
829 1720 889 1780 Tuli
912 1721 1014 1794 itaque
1069 1720 1216 1796 pore,aed
1231 1717 1421 1778 tamenillud
1433 1717 1583 1776 tantillum
1592 1717 1907 1788 gloriosePraeaeieas

183 1807 250 1878 irati
263 1808 371 1880 elaeae.
387 1809 459 1875 dato
473 1808 560 1880 agno
570 1813 691 1882 repente
707 1810 872 1880 gaudentes
891 1809 1014 1879 abeunt,
1067 1811 1157 1883 igitur
1171 1807 1401 1870 dissolutionem
1417 1805 1464 1864 aui
1478 1806 1611 1880 eorporis
1623 1806 1800 1871 imminere,
1812 1805 1906 1862 aean

184 1903 284 1972 atque,
297 1898 418 1969 uijutsl
433 1903 527 1970 arsut,
541 1914 612 1970 pers
625 1903 703 1966 ente,
720 1914 791 1972 pere
805 1903 893 1970 retro,
917 1915 1015 1973 aequa-
1069 1915 1159 1958 suum
1180 1901 1359 1968 Cuutonern,
1373 1911 1467 1970 quem
1490 1911 1593 1954 seeum
1619 1894 1738 1962 habuit,
1766 1895 1905 1964 advocat,

184 1986 222 2060 tis
237 1990 339 2056 temen
352 1985 465 2056 rostris,
480 1986 570 2058 regie
585 1987 680 2060 puppi
692 1987 1014 2048 seoiroumierunt.llie
1070 2003 1134 2044 sese
1148 1987 1227 2046 viam
1243 1985 1390 2044 universe
1405 1983 1503 2042 earnis
1520 1982 1758 2054 ingrediendum
1782 1983 1904 2045 inditat-

184 2073 300 2142 udam
314 2073 426 2137 crebris
442 2074 536 2135 tonsu
551 2075 708 2136 verberate
722 2076 781 2135 lete
795 2093 938 2151 spumare
960 2093 1015 2136 oae-
1069 2073 1122 2132 Cui
1136 2074 1209 2131 dum
1230 2074 1325 2134 multa
1343 2074 1381 2131 de
1394 2073 1480 2144 regni
1501 2071 1720 2145 gubernaculo,
1749 2071 1904 2146 multaque
1985 2091 1986 2150 ι

183 2162 260 2236 ride,
285 2162 457 2237 metallique
478 2179 690 2237 repercussum
709 2165 823 2236 fulgore
847 2165 941 2224 solem
961 2166 1015 2224 du·
1065 2164 1236 2226 hortaretur
1248 2164 1285 2222 de
1300 2163 1528 2224 Christianitatis
1542 2161 1722 2232 studio‚ltao
1730 2161 1904 2232 resumite

183 2251 276 2328 piioea
289 2252 390 2324 radios
403 2253 563 2312 extendere
578 2253 700 2316 insere.
718 2254 795 2320 Ouid
810 2255 921 2328 pluro?
938 2254 1015 2314 Tan·
1069 2255 1201 2314 virorum
1227 2253 1406 2324 dignissimo
1434 2255 1586 2326 seeptrum
1618 2251 1770 2308 commisit
1787 2251 1901 2321 regaie.

181 2340 255 2414 dem
265 2355 328 2414 quo
342 2339 539 2401 intendebant
549 2341 643 2403 animi
656 2343 879 2416 appropiabant
890 2342 1013 2411 tinibus,
1069 2344 1165 2416 liujus
1179 2343 1220 2402 rei
1234 2343 1313 2402 laeto
1328 2343 1460 2404 menime
1473 2341 1681 2415 [iniquibus
1687 2341 1818 2411 legione
1827 2357 1904 2416 pras

182 2445 255 2504 puin
281 2428 425 2489 finitimos
448 2429 525 2491 meri
559 2431 725 2504 patrienses
747 2432 813 2503 eius
837 2431 879 2490 rei
898 2432 1015 2492 sinister
1068 2449 1132 2490 esse
1148 2432 1261 2503 debuit,
1276 2431 1385 2502 tavent,
1401 2447 1532 2506 eumque
1553 2435 1638 2506 patre
1661 2430 1767 2486 adbuo
1787 2431 1906 2488 vivente

183 2519 347 2588 summovit
369 2519 502 2580 nundus.
528 2523 585 2576 Neo
611 2536 708 2590 mora,
734 2537 797 2593 quo
812 2521 895 2594 regie
910 2521 1014 2580 elassis
1068 2537 1171 2592 regem
1185 2537 1321 2596 superse
1335 2520 1474 2580 oonstitui
1491 2519 1634 2591 gaudent.
1660 2523 1722 2576 lloe
1747 2519 1793 2576 ita
1818 2519 1905 2586 tanto,

180 2607 334 2680 npohoras
345 2606 418 2679 not.
433 2607 538 2668 incolo
551 2608 684 2680 eiuslooi
699 2613 883 2671 concurrunt
896 2610 935 2670 ad
948 2625 1016 2683 por·
1068 2616 1233 2685 peteteret
1245 2611 1341 2672 tilium
1356 2615 1398 2680 ut,
1411 2609 1573 2685 siquando
1592 2609 1756 2666 naeinam
1771 2625 1837 2666 suae
1860 2625 1904 2668 re·

184 2699 257 2765 iam,
269 2696 430 2772 mentor
443 2713 474 2756 se
488 2697 598 2759 trustra
613 2698 709 2771 parati
722 2698 882 2758 defendere
899 2698 1014 2758 inuen-
1068 2701 1143 2758 diret
1151 2701 1190 2760 ad
1198 2705 1438 2774 terram,corpus
1446 2703 1605 2774 paternum
1612 2701 1904 2772 reportaretseeunr,

184 2785 364 2855 ditdltum.
396 2786 528 2860 lienique
549 2787 801 2850 reliotisnavibus
815 2787 889 2858 regii
907 2788 1014 2848 milites
1068 2807 1143 2848 neve
1157 2793 1308 2864 pateretur
1322 2805 1353 2846 se
1366 2788 1568 2859 alienigenam
1587 2787 1619 2844 iu
1644 2787 1778 2844 externis
1807 2791 1906 2844 bimu-

184 2875 225 2946 ad
234 2879 344 2940 terram
354 2879 474 2947 exeunt,
485 2879 513 2934 et
527 2875 658 2948 pedestri
673 2893 783 2949 pugne
795 2877 936 2950 intrepidi
950 2893 1014 2934 sese
1067 2877 1123 2936 lari
1137 2878 1229 2937 terris.
1248 2881 1374 2935 Noverat
1387 2876 1469 2934 enim
1479 2875 1552 2950 quia
1565 2891 1622 2950 pro
1636 2875 1798 2933 invasione
1820 2875 1905 2946 regni

183 2963 354 3034 accingunt.
371 2966 475 3024 llostes
490 2965 589 3038 primo
599 2965 712 3024 dmiter
727 2971 831 3024 eoutra
845 2966 1013 3026 resistentes
1033 3007 1053 3064 c
1068 2967 1124 3024 illis
1139 2981 1247 3024 exosus
1262 2969 1326 3024 erat
1338 2964 1467 3038 populis.
1483 2967 1540 3021 Neo
1555 2963 1651 3025 multo
1666 2967 1905 3038 postposuerat

183 3052 338 3127 dimicant,
353 3057 458 3127 postea
483 3070 554 3117 vero
574 3055 696 3128 periculi
711 3055 870 3116 tormidine
884 3057 964 3116 versi
982 3057 1013 3114 in
1067 3060 1181 3116 nature
1194 3055 1335 3128 persolvit
1348 3054 1460 3122 debite,
1476 3053 1612 3111 animam
1635 3053 1820 3111 remittenda
1844 3069 1903 3110 em-

182 3140 297 3215 ittatur,
323 3141 480 3208 esuriendi
504 3141 721 3217 occidendique
758 3145 878 3217 eopiem
914 3161 1013 3218 perse-
1065 3145 1201 3216 testibus,
1213 3148 1298 3204 terrm
1310 3147 1412 3204 autern
1425 3143 1581 3200 reddendo
1596 3141 1745 3200 membra.

785 3419 956 3508 LIBER
992 3417 1288 3508 SECUNDUS.

216 3597 330 3664 britto
352 3598 448 3668 patre,
479 3599 574 3656 Cnuto
598 3597 682 3668 regni
702 3603 789 3670 parat
810 3599 935 3655 retinere
948 3615 1011 3655 see·
1065 3600 1209 3656 minantes
1222 3603 1327 3656 nonna
1346 3597 1504 3654 dominum
1527 3611 1611 3652 suum
1631 3594 1731 3651 bostas
1743 3593 1895 3652 inoautos

180 3686 293 3755 otram,
309 3683 362 3744 aed
374 3683 413 3742 sd
435 3683 493 3740 boo
516 3683 640 3744 minime
657 3683 794 3744 sufficere
817 3686 923 3759 potuit,
939 3686 1011 3743 deti-
1065 3693 1179 3759 atergo
1194 3687 1330 3744 eederet.
1346 3686 1437 3758 Cujus
1451 3686 1493 3742 rei
1503 3683 1699 3759 paterveritas
1711 3697 1796 3739 exeo
1809 3683 1904 3757 quod

180 3769 276 3840 aiente
289 3771 378 3843 eopia
390 3769 535 3831 fidelium.
559 3771 646 3843 Angli
673 3772 832 3846 siquidem,
861 3789 1011 3834 memoret
1065 3793 1167 3834 seeum
1179 3776 1347 3834 maximam
1361 3779 1478 3849 partem
1497 3775 1627 3832 militum
1650 3772 1781 3842 retinuit,
1803 3774 1903 3848 quod·

180 3859 264 3934 quod
275 3863 360 3934 petar
371 3861 437 3934 eiua
458 3860 568 3933 injuste
582 3877 653 3920 suos
673 3861 834 3922 invasisset
856 3864 944 3935 lines,
971 3865 1012 3922 ed
1064 3883 1123 3940 que
1135 3883 1187 3924 rex
1200 3881 1262 3923 non
1276 3865 1510 3940 ampliusquam
1522 3863 1781 3936 sexagintanaves
1792 3878 1900 3922 meum

179 3949 392 4024 expellendum
406 3967 489 4019 eum,
501 3955 615 4024 utpote
628 3951 681 4026 qui
699 3953 819 4024 juvenis
842 3958 915 4026 eret,
928 3955 1012 4012 omni
1065 3957 1148 4014 abire
1163 3955 1308 4030 permisit.

178 4041 264 4112 muni
278 4039 388 4113 pariter
402 4040 586 4112 eollegerunt
599 4041 689 4100 vires.
702 4043 767 4108 Quo
782 4048 936 4117 oomperto
946 4060 1009 4114 rex,
1100 4048 1245 4118 Prospero
1259 4043 1361 4117 itaque
1371 4057 1463 4100 eursu
1477 4057 1529 4099 rex
1543 4039 1660 4098 natales
1673 4039 1714 4098 ad
1727 4040 1808 4099 nnus
1820 4043 1901 4114 [per-

180 4128 259 4196 nianr
273 4144 327 4202 per
340 4129 444 4190 tideles
458 4130 573 4188 amieos
584 4135 703 4204 reperto
723 4132 846 4190 honoria
869 4133 914 4190 sui
936 4150 1008 4191 oon
1062 4133 1152 4190 venit.
1168 4135 1217 4190 En.
1235 4134 1280 4204 a]
1302 4147 1371 4190 oum
1396 4131 1577 4188 mirarentur
1594 4145 1702 4187 omnes
1730 4130 1900 4190 senarius

180 4217 254 4286 tilio,
280 4217 402 4280 susem
427 4219 484 4279 eibi
512 4221 676 4293 proparari
697 4221 802 4293 iuben
835 4238 897 4280 non
924 4223 1009 4296 quod
1061 4223 1190 4280 reditum
1204 4222 1279 4294 ejus,
1293 4225 1442 4296 quantum
1456 4220 1496 4277 ad
1507 4235 1621 4291 regem,
1629 4219 1708 4293 petri
1725 4224 1818 4278 anma
1830 4221 1900 4276 tide

179 4320 303 4378 asperos
319 4310 441 4370 eventus
464 4307 535 4366 belii
550 4309 713 4368 metuendo
740 4310 865 4382 lugeret,
894 4311 948 4368 sed
978 4317 1008 4368 ut
1026 4312 1117 4412 ι).ιοι
1144 4310 1264 4367 Haraldi
1279 4310 1356 4383 regis
1371 4309 1470 4366 subito
1493 4308 1653 4383 eomplevit
1667 4308 1805 4366 volitans
1819 4309 1898 4366 ιιιιιι

178 4393 300 4458 mrem
329 4409 420 4458 auum
443 4394 617 4468 amodum,
645 4414 748 4470 regem
777 4401 887 4458 seilioet
913 4403 1008 4458 liano
1026 4359 1184 4474 ”poete
1200 4401 1322 4457 tratrem
1336 4400 1402 4472 ejus
1416 4399 1575 4470 maiorem,
1590 4398 1762 4454 &utonem
1777 4397 1897 4462 scilieet,

178 4499 376 4560 rum,super
401 4484 453 4546 tali
480 4485 601 4556 uegeto
629 4488 805 4547 oonsuleret.
821 4494 946 4549 Paterna
956 4492 1008 4549 rte
1061 4507 1117 4548 sue
1130 4490 1287 4547 advenisse
1301 4489 1408 4546 littora.
1425 4489 1543 4547 lliratm
1564 4504 1617 4544 rex
1636 4487 1803 4560 omniaque
1823 4483 1902 4559 peri·

178 4589 238 4648 que
261 4573 358 4637 elaeae
382 4573 518 4648 repetita,
533 4574 759 4650 instauratoque
772 4580 895 4651 remige,
912 4581 1006 4638 ventis
1060 4584 1104 4638 ter
1118 4579 1273 4650 exereitus,
1290 4583 1379 4653 atque
1392 4579 1491 4636 adhue
1501 4577 1720 4635 nesoiiduros
1712 4577 1815 4650 ipsias
1826 4593 1902 4650 pr*

178 4663 315 4738 marique
328 4663 442 4736 regalia
453 4663 603 4724 oommisit
614 4665 750 4736 oarbeae,
763 4668 817 4724 aed
831 4671 933 4728 tamen
944 4685 1008 4727 non
1060 4670 1202 4742 segibant
1215 4685 1313 4726 rasus.
1337 4668 1428 4740 igitur
1452 4684 1472 4725 a
1495 4667 1586 4725 latere
1609 4667 1688 4738 regis
1703 4666 1818 4724 milites
1833 4665 1903 4723 diii·

179 4768 302 4818 omnem
325 4752 462 4814 mititem
485 4769 589 4814 seeum
610 4754 737 4824 reduxit,
753 4772 822 4830 qum
841 4773 910 4814 oum
922 4761 1007 4832 patre
1061 4765 1171 4831 guntur
1194 4758 1309 4830 delenti,
1333 4758 1491 4832 paratique
1515 4758 1547 4816 in
1567 4773 1730 4814 oooursum
1743 4754 1902 4814 transmit·

81 4875 83 4882 ι
179 4859 234 4904 suo
261 4859 426 4917 meumque
452 4843 581 4917 patriam
606 4845 746 4902 introivit.
768 4850 842 4904 llam
857 4847 1005 4920 Thmohil,
1059 4849 1163 4904 tantm
1179 4848 1258 4922 equi,
1280 4847 1438 4906 Fraternus
1453 4846 1600 4921 siquidem
1615 4862 1703 4904 amor
1716 4844 1819 4902 tranis
1832 4859 1901 4902 euin

178 4949 271 5008 quum
284 4932 451 5008 prmeipem
464 4931 576 4994 militie
594 4934 797 5008 prediximus,
828 4939 906 4992 terra
923 4935 1006 5010 quod
1059 4935 1201 4994 movebat
1214 4937 1356 4994 inservire
1370 4935 1480 4998 deeori.
1507 4937 1643 5008 Cumque
1664 4933 1789 4990 tandem
1805 4934 1900 4990 bono-

178 5025 256 5088 eaaet
281 5021 396 5095 optima
422 5021 569 5096 inspeoto,
595 5022 702 5080 meluit
723 5024 895 5082 conversari
912 5025 1006 5082 vitem
1059 5027 1151 5098 rilioe,
1174 5030 1276 5100 utpote
1303 5041 1406 5098 regem
1431 5024 1526 5096 deeet,
1548 5024 1681 5082 fraterna
1710 5021 1901 5082 subintraret

177 5111 264 5176 tutti
291 5111 398 5186 patria,
427 5125 497 5170 oum
520 5111 722 5184 patriensibus
749 5129 824 5187 paee
851 5113 1005 5186 contente,
1058 5115 1173 5186 limina,
1189 5117 1278 5174 irater
1291 5115 1357 5190 ipse
1383 5114 1414 5172 in
1436 5115 1535 5189 primo
1563 5113 1648 5170 aditu
1667 5112 1812 5182 ooourril,
1835 5127 1899 5168 mu

176 5217 272 5274 qrram
293 5199 375 5260 velut
395 5198 537 5272 expulsus
562 5199 687 5258 demum
704 5201 801 5258 redire
819 5202 859 5260 ed
874 5202 1005 5277 propria.
1060 5208 1170 5277 tuoque
1178 5205 1372 5263 brachiorum
1384 5203 1573 5262 oonnexione
1585 5202 1696 5277 pressis
1704 5201 1897 5275 eorporibus.

178 5293 222 5362 tr,
237 5296 270 5352 ut
283 5290 368 5352 munt
385 5287 521 5362 uiridem,
545 5287 604 5346 boo
631 5305 693 5347 non
719 5289 790 5348 ieoit
813 5292 1007 5366 despiciendo
1059 5293 1116 5351 sibi
1126 5293 1255 5352 invieem
1267 5295 1318 5370 pie
1330 5311 1426 5368 quam
1441 5309 1522 5367 saepe
1541 5290 1678 5365 defigunt
1689 5289 1808 5348 osenla.
1834 5289 1899 5349 Col

95 5447 98 5456 ¹
176 5380 346 5450 domium
375 5378 429 5439 aed
454 5377 506 5447 uti,
534 5393 604 5436 oum
626 5379 786 5452 resumptis
814 5380 927 5438 viribus
950 5381 1007 5440 fre-
1057 5384 1122 5440 lum
1135 5385 1289 5459 utriusque
1302 5383 1412 5460 partim
1424 5399 1481 5457 pro
1503 5398 1617 5454 amore,
1641 5381 1818 5456 partimque
1842 5395 1897 5454 pre

177 5471 289 5546 uuna
317 5469 429 5534 auxilio
452 5467 608 5543 repedaret
640 5469 680 5528 ad
712 5469 926 5528 debellandum
962 5488 1007 5528 re·
1059 5473 1152 5546 petris
1182 5479 1277 5530 morte
1313 5472 1388 5530 fuse
1427 5469 1614 5528 madefecere
1645 5470 1808 5542 laorymsn;
1834 5471 1898 5544 qni·

177 5575 282 5631 mum,
298 5566 350 5622 aut
362 5561 520 5635 optimates
536 5559 621 5632 regni
633 5559 758 5619 oonsilio
783 5579 840 5619 suo
862 5562 901 5620 ad
923 5561 1006 5620 dadi-
1058 5563 1117 5623 bus
1128 5563 1177 5621 vis
1190 5563 1342 5622 exstinctis
1356 5559 1662 5620 mrdtorelooillantur
1670 5557 1829 5618 adamim.
1844 5559 1895 5617 ilbi

176 5649 439 5720 muana,
453 5647 710 5724 autaiidparum
728 5651 934 5725 pnoeasaiaaet,
959 5651 1005 5708 di·
1059 5652 1134 5710 dum
1148 5653 1277 5727 quisque
1295 5654 1447 5712 lortunarn
1470 5649 1568 5710 taetris
1592 5649 1804 5723 ιιιιιιιιιοιοιοι,
1829 5663 1896 5723 pre·
