3984 6182
18 171 90 228 aar
431 159 433 164 ·
848 163 945 224 0το
1700 183 1755 239 ,30

18 293 67 350 tis
83 291 290 350 existenh'bus
312 292 378 366 ipsa
393 293 516 351 ecclesia
537 297 607 366 post
619 291 740 365 ignibus
755 292 873 359 adusat,
888 294 913 349 Δ
927 289 1052 348 notibus
1065 294 1164 351 saculi
1178 311 1249 354 eum
1263 297 1417 355 honorans
1430 298 1562 356 attribuit
1572 299 1615 358 illi
1625 301 1755 363 honores

21 382 154 439 iterum
180 397 198 438 a
221 397 269 438 me
293 381 414 454 misero,
431 381 613 440 auxiliatrice
636 399 730 440 manu
757 380 874 438 Domini
927 395 989 436 non
1003 381 1157 456 minimos,
1172 385 1327 446 abbatiam
1349 390 1378 446 S.
1392 389 1551 457 Benedicti,
1564 406 1632 463 quae
1646 397 1691 450 est
1705 410 1754 453 ca-

18 475 198 545 operante,
212 477 322 528 sancte
334 471 430 528 itariae
441 471 544 528 matris
556 471 684 543 homini,
695 471 787 529 Patris
799 485 874 544 quo·
928 474 982 543 put
995 471 1084 528 totius
1099 473 1212 533 ordinis
1238 477 1397 536 monastici
1418 483 1447 535 et
1461 478 1669 553 episcopatum
1682 482 1756 540 Bitu-

17 577 94 636 que
110 559 265 616 Benedicti
279 565 308 618 et
319 560 496 618 eorumdem
520 565 694 618 sanctorum
707 558 875 633 adjuvanti·
927 559 1073 618 ricensem
1088 566 1183 622 sancti
1196 567 1426 640 protomartyris
1440 569 1593 641 Stephani,
1608 569 1757 645 principa-

16 649 93 706 bus
122 648 247 716 meritis,
268 665 336 724 quae
354 653 418 706 erat
441 648 541 721 lignea
566 649 646 709 iacta
674 653 718 708 est
743 648 873 723 lapidea,
927 653 992 708 tum
1007 653 1132 711 tenentis
1146 655 1235 713 totius
1250 658 1427 732 Aquitania,
1441 659 1493 732 qui
1508 659 1563 716 fuit
1587 665 1616 717 et
1641 665 1687 718 est
1705 661 1758 719 ho·

14 753 137 810 quam
152 752 272 809 magnes
285 737 428 794 bonitatis
443 736 595 809 gloriosus
615 738 775 813 episcopus
787 735 875 796 adol·
926 754 984 796 nor
1008 744 1037 796 et
1059 740 1152 798 decus
1175 746 1314 804 Frende.
1338 750 1372 805 ln
1389 746 1501 821 quibus
1528 764 1598 821 qua
1621 750 1758 822 peccaut

16 826 120 884 ricus
146 843 212 895 sua,
233 842 296 884 non
314 826 446 894 alterius,
464 833 498 884 ut
522 827 617 901 prius,
639 842 733 885 manu
748 825 874 884 Domino
927 845 1000 888 vere
1014 830 1143 890 charitas
1164 839 1192 892 et
1215 835 1417 911 eleemosyna,
1433 837 1544 910 quaein
1563 853 1633 895 eum
1648 838 1756 896 florue-

20 919 97 973 Deo
122 920 153 973 et
178 915 241 973 suis
267 916 377 974 sanetis
392 915 524 973 dedicari
538 921 567 974 et
590 916 759 974 consecrari
772 916 872 972 voluit·
926 923 998 977 runt
1018 919 1124 978 virtute
1145 939 1268 996 magna,
1295 931 1446 999 perpetuae
1473 926 1592 984 tradent
1612 927 1756 985 oblivioni

20 1006 120 1063 Fecit
135 1009 169 1062 ut
184 1005 311 1063 decebat
336 1006 425 1063 talem
439 1005 547 1063 virum.
563 1006 680 1080 Quippe
694 1006 748 1080 qui
762 1005 805 1062 sic
825 1021 873 1062 me
926 1009 1043 1067 actione
1072 1011 1165 1069 felicis
1190 1013 1273 1080 boni,
1289 1014 1373 1088 quod
1396 1015 1503 1072 habuit
1529 1015 1756 1090 participatione

19 1095 172 1170 protexit
183 1111 287 1154 amore
299 1096 383 1152 omni
396 1111 458 1169 quo
470 1095 583 1152 advixit
595 1099 741 1170 tempore,
749 1110 875 1169 operan-
927 1099 1038 1156 summi
1051 1099 1134 1158 boni.
1150 1102 1183 1157 ln
1192 1101 1300 1159 diebus
1311 1103 1425 1177 quippe
1438 1105 1670 1178 septuagesimae
1684 1104 1756 1162 resi-

20 1192 56 1243 te
72 1185 133 1242 Dei
148 1185 267 1254 virtute,
277 1185 407 1243 utinhis
419 1199 609 1260 quecunque
623 1185 706 1258 volui
715 1200 873 1260 nunquam
926 1188 1001 1246 dens
1012 1188 1196 1247 rexillustris
1213 1192 1342 1249 Parisius
1359 1191 1476 1250 civitate
1490 1194 1571 1250 misit
1579 1193 1619 1251 ad
1628 1210 1699 1250 eum
1706 1194 1756 1251 ab·

20 1276 103 1348 ejus
119 1273 280 1333 habuerim
294 1274 384 1344 nolle,
400 1274 455 1332 sed
468 1291 587 1348 semper
605 1274 688 1349 quod
713 1279 758 1332 est
780 1275 873 1332 hene·
926 1277 981 1334 bas
995 1277 1117 1334 humilis
1131 1294 1168 1335 ex
1183 1295 1266 1337 more
1280 1295 1336 1353 pro
1351 1281 1544 1338 sacratissimi
1553 1281 1610 1338 loci
1620 1281 1755 1339 utilitate.

21 1369 121 1421 stum
130 1369 161 1421 et
175 1364 252 1421 utile.
265 1365 473 1423 Hereditatem
486 1371 661 1423 sanctorum
671 1364 873 1436 sacerdotum,
928 1367 983 1434 Qui
996 1367 1079 1423 missi
1091 1369 1232 1426 eranthis
1247 1369 1378 1444 propriis
1388 1369 1619 1443 appellabantur
1628 1369 1757 1426 nomini·

20 1469 135 1528 quam
148 1469 267 1528 semper
280 1453 329 1511 hic
342 1455 482 1512 sacerdos
493 1453 875 1529 inclytushouorepontifi·
927 1456 1002 1514 bus:
1019 1455 1173 1514 albericus
1195 1473 1274 1514 unus
1288 1457 1447 1516 sacerdotii
1471 1458 1566 1529 gloria
1587 1457 1756 1527 decoratus,

23 1548 126 1600 catus
151 1545 297 1617 consequi
322 1543 525 1615 desiderabat,
544 1545 624 1602 hanc
651 1561 825 1619 quaesumus
848 1545 875 1602 ei
926 1543 1072 1616 largitluae
1095 1544 1246 1604 charitatis
1261 1545 1324 1614 vir;
1349 1545 1396 1602 cui
1423 1546 1584 1616 adiunctus
1603 1546 1653 1604 liei
1674 1546 1756 1603 dono

24 1633 172 1691 tribuere
186 1633 327 1704 dignetur
336 1634 469 1691 Pontifex
485 1651 633 1704 summus,
647 1637 724 1693 Deus
734 1640 764 1693 et
777 1634 874 1692 Domi·
890 1651 912 1708 p
927 1638 956 1690 et
978 1633 1220 1691 excellentissimi
1238 1633 1332 1710 patris
1359 1634 1493 1691 Geuzlini
1517 1621 1652 1707 imperio,
1667 1634 1758 1692 frater

21 1737 97 1778 nus
112 1727 218 1781 noster
229 1723 318 1780 iesus
333 1724 475 1781 Christus.
485 1725 579 1796 liujus
591 1730 717 1800 peccata
730 1725 873 1794 destruat,
927 1723 965 1780 de
984 1723 1106 1782 000000
1126 1723 1222 1780 dictus
1246 1722 1427 1793 helgaudus,
1442 1739 1534 1796 quem
1548 1724 1603 1780 iste
1617 1722 1757 1798 princeps

21 1810 206 1868 collocetin
218 1811 399 1881 caelestibus,
410 1813 519 1886 jungat
533 1815 680 1872 coelorunr
694 1814 809 1872 civibus
824 1818 875 1872 lte·
929 1813 980 1870 Dei
993 1813 1101 1870 affectu
1126 1811 1271 1884 diligebat
1288 1817 1431 1887 pateram
1456 1813 1574 1870 tertium
1590 1829 1694 1870 secum
1705 1812 1758 1870 he·

19 1900 183 1975 demptor
195 1906 225 1959 et
236 1902 387 1976 Conditor,
400 1909 429 1961 et
442 1908 616 1962 sanctarum
630 1905 802 1963 animarum
816 1905 873 1961 mi·
925 1903 1030 1961 bentes
1053 1902 1083 1960 in
1112 1903 1258 1977 obsequio
1278 1902 1468 1960 fraternitatis
1492 1902 1691 1969 laborantem,
1708 1901 1757 1958 Hi-

18 1988 176 2048 tissimus
197 1991 348 2050 liberator.
365 1996 508 2050 maantes
534 1994 613 2050 hanc
627 1992 792 2074 ecelesiam·
810 2009 873 2068 prre
926 1993 1110 2050 sembertum
1133 1991 1266 2062 nomine,
1282 1990 1476 2048 conversione
1497 1989 1624 2062 dignum
1642 1989 1756 2046 iactum

15 2079 138 2135 oculis
164 2079 277 2138 habent
296 2080 479 2154 subscriptos
501 2081 672 2153 versiculos,
694 2081 873 2139 memoriam
925 2082 1121 2140 monachum.
1134 2080 1200 2136 Dies
1214 2084 1315 2138 autem
1327 2083 1438 2136 sancte
1454 2077 1699 2149 Quadragesimar
1712 2077 1755 2134 Pi·

18 2167 137 2224 sancti
152 2169 285 2242 Dionysii
300 2174 329 2227 et
342 2169 462 2228 iactaris
476 2169 533 2227 loci
547 2171 719 2240 retinentes,
735 2187 813 2246 quos
827 2170 872 2228 bi·
926 2173 1025 2230 scisco
1040 2170 1255 2240 celebraturus,
1269 2170 1325 2227 iter
1336 2167 1480 2227 accelerat
1494 2167 1653 2225 nobiscum
1665 2167 1756 2241 profi·

20 2255 85 2312 nis
106 2257 246 2330 partibus
273 2258 385 2315 divisos
412 2264 580 2330 agnoscunt
606 2260 722 2331 duria
741 2276 872 2334 quorum
926 2259 1106 2318 ciscentibus
1128 2260 1194 2332 eius
1220 2257 1377 2333 preceptis
1399 2255 1616 2330 imperialibus,
1639 2255 1671 2311 in
1694 2269 1756 2327 quo

24 2349 110 2402 sunt
124 2347 240 2404 honore
253 2350 381 2406 sacrata.
397 2347 444 2404 Ad
463 2347 614 2406 sinistram
640 2353 756 2423 partem
771 2348 873 2406 uaris
926 2355 990 2408 erat
1002 2349 1149 2408 rationem
1163 2347 1344 2415 redditurus,
1360 2345 1399 2402 de
1420 2344 1530 2418 quibus
1553 2359 1624 2401 eum
1638 2342 1756 2400 adiera-

27 2433 136 2490 saneti
152 2433 285 2508 Dionysii
297 2435 329 2491 hi
343 2440 431 2493 sunt:
927 2456 1006 2497 mus.
1020 2439 1094 2494 cum
1105 2453 1174 2494 ecee
1186 2437 1341 2494 venientes
1354 2435 1393 2492 ad
1406 2439 1527 2508 portum
1538 2433 1758 2508 Sequanae,qui

26 2541 104 2598 [δια
119 2541 278 2612 prmius
291 2525 484 2612 mammes
500 2543 606 2600 limina
620 2549 751 2615 mem„
925 2527 1033 2584 dicitur
1054 2525 1262 2593 carolivenna,
1283 2524 1341 2580 hoc
1363 2519 1591 2595 esttpiscetoria,
1611 2537 1679 2600 quae
1693 2525 1757 2578 erat

77 2629 202 2687 Auxilio
218 2636 322 2689 meto
336 2632 483 2689 consociet
497 2634 634 2689 Domino,
926 2614 1099 2672 difficultate
1113 2611 1344 2680 transmeabilis,
1357 2609 1494 2684 iussione
1509 2609 1534 2681 ej
1540 2625 1575 2666 us
1589 2614 1694 2666 sancta
1708 2625 1757 2666 so·

30 2720 395 2794 Quemqmnquepeyy,
405 2721 564 2778 Dominum
575 2721 872 2792 depmeyonanyem,
925 2705 946 2762 li
973 2703 1145 2761 naviculam
1169 2701 1356 2770 intravimus,
1382 2700 1449 2775 ipso
1464 2697 1626 2784 aspiciente
1645 2701 1675 2754 et
1688 2713 1758 2754 con·

79 2813 231 2876 Qualenm
245 2810 438 2881 Helqaudum
452 2815 769 2868 mvetamoreguum,
927 2794 1075 2852 sideranle
1100 2793 1168 2868 quis
1192 2790 1260 2849 finis
1286 2807 1347 2848 110ss
1373 2791 1549 2856 assumeret,
1564 2803 1642 2862 (11108
1664 2786 1705 2844 &d
1725 2802 1757 2845 80

34 2899 140 2969 Cujus
154 2913 240 2955 omer
256 2899 378 2956 Christo
392 2898 819 2970 sicsievenerohitctcmptam
925 2884 1027 2941 “⁰110
1054 2881 1169 2939 818οῑθὲ
1195 2887 1224 2939 et
1251 2881 1417 2937 in0⁰l¹¹¹¹¹0⁸
1443 2877 1646 2952 ⁸¹⁵Wi⁸b³b
1666 2875 1759 2933 ΛΜ

80 2986 258 3044 construxit
266 2989 392 3044 Domino
406 2993 497 3059 aeque
507 2989 659 3059 Dionysio,
892 3005 912 3060 ,3
926 2973 1014 3030 nobis
1048 2971 1166 3028 miseris
1203 2971 1294 3043 hujus
1335 2968 1545 3028 intercessione
1578 2965 1671 3038 regis,
1703 2981 1758 3039 qur

34 3095 117 3149 uem
130 3093 169 3150 ad
182 3094 357 3151 dexteram:
926 3062 1077 3132 laudatur,
1100 3059 1288 3118 benedicitur
1310 3065 1339 3116 et
1366 3059 1508 3116 adoratur
1531 3056 1643 3132 ubique
1668 3059 1755 3114 Deus.

239 3202 245 3213 .
401 3201 407 3212 .
557 3201 562 3212 .
928 3151 1141 3224 Navigantibus
1157 3150 1246 3208 nohis
1260 3153 1290 3206 et
1303 3165 1397 3222 equos
1411 3153 1530 3204 nostros
1540 3148 1627 3218 juxta
1640 3145 1758 3202 lintrem

35 3201 97 3256 En
113 3200 217 3258 ‘mmm
227 3206 291 3303 faa
304 3202 366 3302 13⁹⁰
380 3216 443 3303 ⁸³⁷³?
455 3201 516 3305 ,fine
529 3200 630 3303 dm?
644 3216 784 3272 summm
927 3243 1017 3300 irenis
1032 3240 1231 3310 trahentibus,
1252 3239 1375 3310 contigit
1393 3254 1488 3294 unum
1513 3235 1698 3309 sonipedem,
1715 3234 1759 3291 in-

78 3289 622 3393 ‚lleloaumfaef‘di‘’⁶⁰”⁵³l²⁰q.⁸‘⁰⁶⁰⁷³¹'
680 3380 686 3392 ,
928 3330 1076 3388 domitum
1100 3334 1128 3386 et
1152 3344 1311 3404 nunquam
1337 3325 1407 3383 talia
1432 3324 1464 3381 id
1478 3329 1590 3392 aetum,
1606 3323 1638 3379 in
1652 3322 1758 3379 mediis

37 3381 125 3481 Eme.
136 3380 322 3482 parqdmam
331 3381 684 3482 pulsqlmfflmfeqm
693 3395 705 3436 ⁸.
928 3419 1069 3477 fluetibus
1094 3418 1171 3475 duos
1185 3432 1217 3474 ur
1231 3415 1300 3473 nari
1314 3414 1477 3473 anteriores
1494 3411 1630 3486 posuisse
1645 3409 1757 3484 pedm,

80 3470 160 3526 Hm
171 3470 317 3572 pmplfbs
332 3471 457 3525 D⁰mm⁰
471 3468 638 3540 amabam
652 3485 769 3539 mm·
929 3509 1015 3580 cujus
1036 3505 1102 3564 torti
1124 3506 1208 3562 rabie
1223 3504 1307 3562 navis
1321 3501 1554 3577 periclitabatur,
1568 3500 1689 3556 trahens
1702 3514 1758 3556 nos

39 3561 197 3617 latrantes
205 3565 325 3629 panter
335 3559 473 3617 Christro
488 3565 640 3616 consecet
652 3560 747 3617 lesus.

41 3649 153 3720 Dicite,
166 3651 277 3720 cuncti,
288 3663 358 3706 vore
369 3648 456 3718 fideti
463 3664 549 3705 omne
556 3664 614 3719 per
625 3663 741 3705 evum:
925 3599 991 3698 ³⁸³¹?
1015 3597 1047 3698 ,ἰῃ
1072 3594 1268 3694 pwmndum!
1300 3592 1468 3692 ludimus
1493 3606 1545 3647 Μ
1566 3591 1635 3663 p⁰⁵t
1664 3591 1758 3645 Deum

929 3687 1109 3744 altissimum
1133 3700 1202 3741 cum
1218 3699 1281 3740 suis
1296 3687 1324 3738 et
1337 3685 1459 3739 virtutes
1471 3678 1628 3746 coelornm,
1642 3676 1695 3734 dat
1707 3693 1759 3734 vo·

43 3755 94 3812 Sic
110 3753 174 3812 fiai:
189 3761 292 3822 Amen,
307 3770 406 3822 tmen,
423 3769 523 3810 amen·
929 3791 978 3833 ces
1009 3774 1174 3830 immensas
1200 3771 1239 3828 ad
1268 3769 1378 3827 coelum
1403 3773 1506 3825 nostro
1534 3781 1589 3838 pro
1615 3763 1757 3838 periculo.

84 3863 177 3935 liujus
204 3867 281 3920 certe
304 3862 498 3936 temporibus,
517 3863 603 3934 cujus
629 3861 789 3934 adjuvaute
816 3866 875 3920 Deo
930 3862 1105 3920 pronuntiat
1117 3861 1224 3930 grandi
1237 3875 1311 3918 voce
1326 3860 1411 3914 irena
1425 3855 1602 3926 relinquere,
1618 3857 1646 3908 et
1664 3867 1759 3923 equos

43 3955 125 4011 facta
140 3951 347 4020 describimus,
361 3950 443 4008 fulsit
455 3952 486 4008 in
501 3951 683 4008 monasterio
700 3949 875 4009 Floriaeensi
928 3951 1018 4022 longe
1042 3967 1061 4007 a
1082 3949 1153 4006 nari
1173 3947 1276 4005 arceri.
1298 3946 1345 4003 hd
1366 3945 1452 4015 cujus
1472 3939 1634 3998 amabilem
1653 3952 1759 4033 vocem

44 4043 114 4100 loco
137 4039 245 4098 celebri
273 4039 449 4114 splendibus
472 4039 588 4096 mundo
606 4039 765 4096 Gauzlinus
780 4039 876 4096 abhas
928 4039 1035 4098 laxatis
1048 4037 1152 4108 irenis,
1168 4041 1201 4093 ut
1212 4037 1353 4108 jusserat,
1367 4037 1395 4088 et
1410 4029 1479 4103 equi
1492 4027 1621 4102 pedihus
1635 4025 1672 4082 de
1688 4040 1759 4082 navt

45 4131 161 4198 merito,
189 4129 300 4187 sanctis
331 4130 393 4187 Deo
427 4129 605 4201 conjunctus
632 4128 786 4202 operibus,
814 4128 877 4202 pol·
930 4129 1041 4202 ejectis,
1057 4125 1205 4200 coepimus
1219 4123 1258 4181 ad
1273 4123 1353 4179 littus
1368 4119 1464 4177 evehi.
1477 4123 1676 4191 Ipsequoque
1691 4129 1758 4172 san·

46 4221 113 4277 lens
136 4218 258 4274 scientia
284 4216 409 4292 spiritali
432 4216 521 4274 simul
545 4220 574 4272 et
596 4216 741 4273 humana.
760 4219 876 4274 inerant
930 4227 1012 4277 etum
1028 4215 1203 4289 Dionysium
1220 4216 1420 4283 sanctumque
1435 4206 1627 4264 Benedictum
1649 4209 1758 4262 etern-

47 4311 113 4382 ejus
138 4307 220 4365 cordi
245 4307 357 4366 abonis
378 4306 514 4379 magistri
539 4306 648 4381 prolati
669 4311 778 4364 sanctae
802 4306 875 4365 Scri·
931 4327 986 4368 nes
1003 4311 1122 4366 sanctos
1148 4304 1198 4362 Dei
1220 4303 1250 4360 in
1266 4299 1449 4374 adjutorium
1463 4301 1602 4355 nostrum
1617 4311 1760 4369 provoca·

47 4405 142 4474 ptura
174 4395 262 4454 flores
285 4397 368 4466 boni,
392 4397 429 4454 de
458 4396 570 4470 quihus
592 4396 802 4454 honestissime
820 4398 874 4454 im·
930 4399 993 4471 bat,
1007 4396 1149 4472 lacrymis
1161 4394 1301 4468 pertusus
1315 4390 1419 4448 oculis.
1437 4389 1529 4461 qu'us
1542 4403 1662 4462 precem
1676 4385 1760 4444 audi·

46 4488 140 4546 butus
164 4487 205 4543 ita
228 4486 383 4545 eructabat
407 4486 561 4554 omnibus,
591 4491 624 4542 ut
649 4490 772 4560 possent
798 4485 875 4543 dele·
929 4489 972 4546 vit
984 4488 1009 4544 is
1023 4486 1076 4560 qui
1095 4488 1140 4542 est
1161 4484 1192 4541 in
1212 4481 1322 4540 sacua
1341 4478 1517 4538 benedictus
1533 4479 1620 4533 lleus.
1637 4478 1758 4570 Factum

49 4577 122 4636 atari
150 4575 180 4631 in
208 4571 389 4634 coelestibus.
414 4580 446 4632 ln
475 4575 585 4633 sanctis
613 4575 812 4648 eleemosynis
835 4575 876 4632 ita
930 4581 974 4635 est
987 4579 1021 4633 ut
1034 4573 1136 4641 voluit,
1152 4575 1181 4629 et
1195 4571 1324 4628 deducta
1347 4567 1415 4626 navi
1437 4566 1477 4623 ad
1490 4570 1611 4630 terram,
1628 4563 1760 4660 suscepti

48 4664 244 4738 largissimus,
272 4669 306 4722 ut
330 4665 395 4740 ipse
422 4664 539 4739 positus
570 4663 601 4722 in
634 4663 801 4722 fortissimis
829 4665 877 4722 iri·
929 4682 986 4725 nos
1001 4681 1055 4739 per
1070 4663 1119 4720 Dei
1132 4661 1258 4734 gretiam
1274 4659 1451 4728 incolumes,
1465 4655 1519 4729 qui
1534 4665 1655 4710 eramus
1669 4646 1759 4705 simul

49 4755 172 4828 goribus
198 4771 217 4812 a
244 4772 276 4812 se
306 4759 403 4813 vestes
431 4755 553 4829 pellium
580 4753 735 4826 abjiciens,
765 4769 878 4828 paupe-
929 4771 1000 4813 cum
1014 4769 1050 4810 eo
1065 4750 1233 4809 mirabilem
1258 4752 1352 4806 Deum
1366 4744 1534 4803 undantes.
1551 4743 1665 4810 Exque
1680 4735 1758 4793 iacta

50 4862 98 4903 res
115 4843 218 4903 Christi
232 4843 378 4912 indueret,
394 4848 461 4901 uta
483 4848 706 4901 remuneratore
723 4842 876 4901 bonorum
930 4843 1100 4901 habuitnos
1115 4842 1191 4898 Deus
1201 4837 1392 4909 omnipotens
1412 4829 1495 4889 omni
1507 4834 1640 4928 tempore
1652 4823 1758 4924 istud}-

52 4933 207 5009 praemium
220 4933 394 5008 perciperet,
409 4933 447 4991 de
465 4949 527 5008 quo
541 4934 676 4992 audiret:
696 4935 805 4992 Nudus
815 4935 875 5005 sui,
929 4937 1019 4990 tores.
1034 4929 1197 4989 ltansimus
1213 4929 1314 4982 autem
1334 4939 1404 4980 cum
1430 4921 1495 4994 ipso
1521 4919 1572 4973 Der
1585 4929 1649 5014 ¹v1ro
1658 4911 1713 5012 'illo
1727 4926 1759 4967 m

53 5029 80 5083 et
94 5039 142 5082 ves
156 5025 313 5094 cpmbtis
325 5039 380 5081 me.
394 5023 478 5092 Quod
489 5025 545 5080 unt
553 5039 590 5081 ea
603 5025 733 5082 minimis
747 5025 819 5082 meis
831 5025 876 5095 se·
929 5022 997 5080 loco
1010 5019 1118 5087 triduo,
1133 5014 1270 5074 delectati
1286 5011 1367 5069 dulci
1381 5012 1446 5082 ejus
1465 5005 1626 5077 colloq11102
1642 5003 1718 5056 ⁵10¹ss
1730 5002 1759 5056 ⁰²

53 5117 140 5182 cate,
154 5115 370 5185 mihisectstts:
389 5115 499 5181 Venite,
520 5114 667 5170 benedieti
684 5115 788 5173 Patris
807 5114 875 5184 mei,
930 5103 1207 5184 aspectujucundo.
1224 5092 1759 5193 Cujus,queesumus,·sanctrss1mam

51 5204 191 5276 percipite
222 5218 348 5274 repetem
377 5203 458 5276 quod
489 5202 569 5260 vohis
594 5208 740 5272 paratam
768 5209 810 5261 est
838 5203 875 5260 ab
930 5201 1064 5260 animam
1090 5210 1145 5252 suo
1169 5191 1293 5249 collocet
1315 5189 1346 5246 in
1364 5177 1761 5258 regno,qureamredem1t

54 5293 166 5366 ofipine
191 5293 298 5350 mundi
318 5292 440 5366 (Metti.
464 5307 535 5363 xxv,
564 5290 779 5361 {tt-38).1lunc
808 5305 875 5364 per-
930 5281 1241 5359 sanguinepretiosol
1474 5362 1479 5374 Ι

55 5383 143 5440 iectus
173 5398 226 5439 rer
257 5382 298 5440 ita
329 5382 392 5440 suis
424 5377 519 5439 affixit
547 5378 711 5451 obtutibus,
742 5383 776 5436 ut
806 5394 876 5436 cum
965 5377 1070 5435 Adhuc
1085 5373 1115 5430 in
1129 5369 1238 5443 maiori
1252 5365 1599 5464 quamingressrsumus
1613 5359 1680 5460 1000
1694 5357 1759 5432 pla-

55 5489 114 5546 pra
127 5471 237 5530 aeteus
252 5471 379 5543 diligens
396 5471 460 5527 suis
475 5486 545 5527 eum
560 5467 726 5544 specialiter
740 5467 877 5525 devince-
930 5471 976 5524 cet
989 5478 1101 5539 ponere
1116 5459 1238 5534 pedem,
1253 5456 1293 5514 ed
1307 5457 1373 5528 eJus
1395 5453 1561 5552 gloriosum
1586 5449 1760 5546 festinantes

56 5569 98 5620 ret
109 5561 248 5634 consiliis,
264 5576 333 5634 quer
356 5561 396 5618 ab
424 5575 460 5618 eo
483 5557 577 5633 probe
603 5556 741 5632 probata,
757 5572 877 5630 semper
929 5551 1130 5613 transitumin
1143 5539 1762 5638 describendo,quemlaudibusveracrssr-

56 5668 92 5712 ea
102 5651 205 5711 hebuit
216 5651 521 5724 honestarunquam
532 5652 633 5709 amen
646 5646 808 5722 injustaln
819 5645 874 5704 ho·
929 5643 988 5702 mis
1000 5649 1030 5702 et
1042 5657 1105 5703 non
1115 5638 1209 5712 ialsis,
1220 5635 1330 5713 apertis
1344 5637 1374 5693 et
1386 5648 1449 5695 000
1461 5629 1549 5701 fletis,
1564 5630 1692 5686 Domino
1703 5638 1761 5683 no·
