3996 6186
186 141 237 194 οιι
531 97 538 114 ’
679 90 973 183 ounosr'snacrur
989 121 1185 188 sommus
1201 125 1392 184 ιιιιοιιιιιο.

186 263 218 315 Et
230 256 413 330 locupletum
774 247 864 309 Flevit
878 261 990 314 amare,
1360 253 1463 317 Agnus
1479 251 1586 322 eatque

183 346 281 404 Turba
296 345 446 400 bonorum
772 334 882 392 Praesul
896 333 1007 407 opime,
1362 339 1477 408 Dexter,
1491 337 1628 406 ovando,

183 439 277 508 Atque
290 430 450 496 malorum,
772 424 905 490 Gnlmeu,
920 438 1068 496 apexque,
1363 424 1478 482 velleris
1494 426 1565 498 albi,

183 517 361 581 pontificalis
771 517 866 586 Atque
881 527 1027 569 cacumen
1360 517 1537 588 luquoque
1552 519 1661 573 cuncto

184 611 306 669 Gulmen
319 603 454 672 honoris,
773 603 834 657 Lux
849 600 1037 673 generisque,
1359 604 1503 677 Tempore
1516 603 1608 660 salva.

183 703 253 768 Rex,
268 708 477 771 proceresque,
771 689 981 760 Progenierum
1361 693 1462 763 Longa
1477 708 1531 765 per
1545 709 1652 762 annos,

182 791 310 852 Graecus,
327 789 355 841 et
370 781 470 850 indus,
773 778 853 834 Altus
869 793 1015 848 amorque
1358 778 1593 854 Innumerosque

182 876 287 944 l'risso,
302 872 440 944 Britoque
769 865 960 934 Pontificalis,
1360 868 1422 925 Vita
1437 868 1489 925 tibi
1504 871 1550 926 sit.
1633 883 1637 886 ·

182 968 289 1032 DacuS,
305 966 333 1017 et
347 959 472 1030 Anglus,
770 959 852 1012 Nunc
866 954 1001 1012 imitare:
1360 957 1473 1030 sospite
1490 974 1575 1015 sacro

182 1055 295 1118 Scotus,
313 1047 471 1115 Hibernos,
770 1047 802 1099 Et
816 1059 904 1117 prece
917 1058 1024 1116 prona,
1360 1047 1479 1103 Somate
1495 1064 1633 1121 semper:

182 1141 281 1198 Clerus
295 1136 380 1193 herili
769 1132 863 1190 Cordo
876 1132 1011 1202 subacto,
1029 1209 1033 1218 .
1359 1135 1489 1208 Postque
1504 1136 1643 1209 lugubre,

182 1230 263 1286 Sorte
276 1225 402 1289 dicatus
769 1224 922 1294 Menteque
937 1235 1025 1294 pura,
1358 1223 1608 1298 llortilerumque,

181 1315 259 1373 Ordo
273 1311 434 1372 verendus.
770 1309 885 1366 Viribus
897 1308 995 1379 almis,
1359 1310 1466 1370 Flebile
1481 1315 1646 1386 damnum

179 1403 304 1460 Pulcher
321 1403 410 1470 Eous,
770 1397 897 1455 Sedulus
911 1413 982 1453 ora:
1357 1404 1432 1459 Pace
1446 1403 1556 1460 fruaris

180 1490 399 1562 occiduusque,
768 1488 833 1551 Ouo
847 1486 1025 1560 requiescat,
1358 1491 1433 1548 Sede
1444 1495 1579 1566 perenni,

178 1585 273 1653 Atque
289 1575 441 1635 sicamber
766 1577 842 1631 Pace
855 1574 992 1642 truendo,

178 1667 313 1738 belliger,
329 1678 408 1727 acer,
767 1658 828 1710 Axe
843 1669 984 1727 superno,

177 1785 199 1841 0
213 1783 323 1840 trinum
336 1777 486 1852 specimen
490 1816 498 1847 ,
515 1771 569 1830 tria
582 1787 682 1827 summ
692 1771 712 1839 ²,
728 1769 810 1838 virgo
826 1771 903 1825 Deus
916 1784 1004 1830 unus.
1021 1774 1044 1828 Α
1059 1771 1130 1835 Quae
1147 1770 1211 1828 tulit
1223 1771 1356 1832 alstemo
1368 1775 1445 1835 duce
1459 1779 1615 1838 barbaries
1631 1781 1754 1853 furiosa,

213 1869 385 1928 Prreoellens
399 1880 513 1923 numen
528 1862 690 1918 aethereum
704 1857 853 1914 columen.
1100 1862 1133 1916 Et
1147 1877 1214 1934 quer
1230 1863 1351 1922 Rollone
1367 1865 1497 1946 denique
1514 1869 1694 1932 Christicola.

178 1962 343 2017 Causarum
357 1955 459 2022 decus,
476 1957 503 2008 et
518 1949 619 2016 series,
636 1945 797 2004 concordia
813 1945 928 2012 mundi,
1063 1949 1193 2013 Qualiter
1206 1956 1235 2007 et
1247 1953 1365 2009 soboles
1380 1955 1444 2026 ejus
1460 1957 1632 2016 Guillelmus
1647 1961 1772 2020 inomni

214 2053 305 2106 Exors
318 2043 454 2121 principii
471 2046 499 2098 et
514 2041 576 2096 sine
593 2039 652 2094 tine
668 2051 804 2093 manens.
1098 2039 1174 2109 Lege
1189 2046 1326 2099 serenato
1340 2043 1451 2116 proluit
1463 2045 1590 2122 imperio

180 2145 325 2210 Notaque
340 2140 456 2192 ΑιιΓιιΣ.
474 2129 579 2187 mundi
592 2127 677 2194 altor,
692 2131 720 2182 et
735 2129 817 2180 actor
831 2125 962 2180 enormis
1063 2127 1139 2193 Quin
1154 2132 1182 2184 et
1198 2128 1314 2185 Ricardi
1328 2131 1433 2189 merito
1449 2151 1540 2208 super
1556 2137 1666 2193 {ethera
1680 2138 1752 2212 noti,

218 2227 304 2284 Orbis
320 2222 473 2290 terrestris,
489 2219 557 2276 idea
572 2214 718 2286 stelligeri.
1097 2216 1212 2274 Patricii
1228 2220 1350 2287 summi,
1368 2221 1610 2299 Christicoloeque
1625 2227 1676 2302 pii.

92 2305 97 2310 ¹
179 2320 250 2373 Vota
257 2330 380 2388 precum
389 2305 638 2383 aspiranshumrh
652 2318 738 2378 prece
747 2318 841 2376 posco
859 2319 1005 2368 mearum,
1061 2309 1149 2362 Terra
1162 2306 1244 2364 ferax
1257 2309 1361 2383 populi
1377 2315 1434 2367 Nor
1437 2315 1575 2370 tmannr
1564 2332 1630 2388 Jure
1644 2315 1755 2392 quievit

215 2408 279 2471 Quo
295 2404 395 2459 faveas
410 2398 514 2472 emptis
528 2395 645 2455 inscitia
660 2392 802 2450 tremulis
1097 2396 1189 2452 Annis
1203 2397 1361 2456 fructiferis
1366 2405 1522 2476 ,tempore
1536 2405 1681 2477 pacitieo;

175 2499 265 2551 hctus
279 2497 308 2548 ct
319 2507 407 2547 casus
421 2503 532 2556 rerum,
548 2481 721 2549 infortunia,
741 2480 864 2539 strictim
1060 2484 1098 2539 Te
1112 2488 1283 2557 prestante,
1299 2490 1386 2560 Deus,
1398 2490 1450 2566 qui
1465 2508 1569 2549 cernes
1584 2494 1687 2552 omnia
1700 2495 1783 2553 salus

211 2582 345 2640 Pandam
359 2581 385 2635 si
399 2583 502 2652 potero
518 2575 648 2632 themate
661 2569 809 2645 prosaico,
1096 2575 1223 2644 Regum,
1240 2579 1268 2632 et
1282 2577 1366 2648 vivis,
1384 2583 1412 2636 et
1427 2580 1489 2638 sine
1502 2581 1561 2638 fine
1575 2599 1703 2645 manas..

769 2916 989 3039 Llsstla
1042 2920 1310 3043 PRIMUS

903 3185 1168 3256 HASTINGUS

208 3521 307 3579 Totius
318 3532 451 3591 namque
465 3513 553 3572 molis
562 3513 635 3570 orbe
649 3511 810 3583 descripto,
826 3507 1003 3579 ambituque
1057 3511 1196 3582 copiosus
1218 3514 1324 3586 Dacia,
1351 3520 1440 3590 atque
1464 3523 1581 3576 meatus
1595 3521 1723 3580 mrrltum
1747 3526 1889 3599 prohrsus

173 3615 201 3666 et
224 3607 381 3682 superficie
404 3611 489 3662 terne
517 3602 664 3675 sagaciter
687 3613 856 3673 permenso,
878 3611 1002 3653 omnem
1057 3600 1155 3658 Getice.
1169 3603 1301 3668 Quarum
1324 3607 1414 3662 tiocia
1433 3611 1528 3664 exstat
1553 3611 1770 3681 medioxima(
1762 3631 1792 3674 m
1822 3633 1889 3675 mo.

172 3703 281 3756 terram
296 3699 441 3771 perpetuo
457 3693 565 3752 Oceani
587 3689 682 3748 limbo
696 3688 829 3759 undique
846 3703 933 3743 secus
948 3683 1002 3742 c'ir-
1055 3689 1129 3748 dum
1144 3707 1273 3761 corona,
1288 3694 1442 3769 instarque
1457 3696 1594 3769 civitatis,
1610 3704 1790 3774 praemagnis
1793 3705 1888 3784 ‚Alpi-

171 3792 369 3862 cumseptam
386 3785 515 3842 sethereo
529 3777 737 3855 quadnpartrtr
747 3775 814 3832 coelr
828 3775 966 3832 cardine
960 3791 1001 3831 ιιι-
1016 3825 1038 3878 Β
1053 3778 1113 3836 bus
1126 3781 1269 3840 emunita.
1277 3785 1357 3850 Quos
1366 3790 1509 3858 portentae
1519 3788 1672 3850 anfractus
1682 3792 1889 3866 amphtudrnts

169 3878 286 3937 tellecta
313 3871 528 3946 cosmographi
551 3867 692 3936 dimensi,
707 3882 738 3922 ιιι
753 3871 810 3922 tres
834 3869 933 3938 partes
958 3863 1002 3920 di·
1054 3866 1184 3928 lurentes
1205 3870 1339 3930 incolunt
1360 3873 1474 3975 populi,
1488 3885 1694 3949 praemoneute
1719 3884 1889 3944 herubal-

168 3970 312 4039 viserunt,
332 3965 443 4032 Asiam,
463 3965 623 4031 Europam,
647 3955 838 4028 Africamque
862 3959 1001 4028 reputan-
1053 3957 1149 4030 licosi,
1160 3959 1271 4018 scilicet
1285 3963 1363 4019 Getes
1367 3964 1435 4038 ,qui
1450 3968 1478 4020 et
1494 3967 1589 4038 Gothi,
1600 3970 1744 4029 Sarmatae
1758 3977 1889 4034 othma-

169 4065 222 4116 tes
239 4061 372 4124 Quarum
388 4056 506 4122 Europa
520 4063 614 4122 quam
633 4045 770 4146 plurimis
785 4043 945 4102 tluminum
960 4043 1002 4100 al·
1053 4047 1146 4114 xobii,
1164 4049 1370 4120 Tragoditraet
1385 4051 1491 4122 Alani;
1506 4056 1800 4133 quamplurimseque
1819 4077 1891 4132 gen

167 4147 230 4203 veis
243 4143 425 4206 interrivata,
440 4137 590 4210 variisque
605 4135 765 4208 provinciis
791 4133 997 4200 denominata,
1053 4139 1097 4194 tes
1113 4137 1288 4194 lleotidibus
1307 4139 1448 4211 paludius
1465 4142 1630 4202 excolendo
1652 4155 1888 4211 commorantes.

168 4233 294 4289 termino
329 4226 536 4301 diremptionis
574 4226 716 4282 limitatur
744 4223 856 4297 patriis.
886 4222 999 4278 Harum
1053 4227 1105 4282 He
1133 4242 1265 4301 nsmqne
1290 4233 1392 4299 gentes
1407 4219 1552 4304 petulanti
1566 4233 1783 4296 nimiumlum
1800 4255 1889 4298 em

166 4320 308 4394 quedam
323 4311 999 4392 spatiossissimamultipliciinnumerabilium
1052 4315 1219 4388 descentes,
1244 4317 1430 4392 feminasque
1464 4323 1705 4396 quamplurimas
1742 4319 1891 4400 singulari

166 4409 323 4467 hominurn
336 4406 711 4481 frequentiaeaeterarum
695 4403 913 4476 copiosissima,
923 4417 999 4458 nun·
1052 4406 1235 4478 turpitudine
1260 4412 1430 4481 stuprantes
1458 4409 1695 4486 commiscendo,
1720 4415 1802 4474 illinc
1835 4435 1889 4477 so-

166 4503 293 4573 cnpatur
308 4496 475 4554 Germania.
490 4500 522 4552 lu
534 4509 596 4568 qua
611 4497 683 4550 lster
694 4491 803 4548 fluvius
815 4491 853 4548 de
867 4491 998 4548 cacumi-
1051 4493 1169 4550 boles
1162 4510 1335 4552 innumeras
1363 4497 1494 4554 obscena
1520 4498 1610 4556 illiciti
1633 4503 1778 4562 connubii
1799 4523 1888 4566 oom-

165 4605 203 4647 ne
219 4589 328 4646 montis
341 4588 476 4644 Hatnoen
492 4584 607 4657 [htuoe]
620 4585 713 4650 ortus,
724 4582 755 4638 in
769 4581 924 4652 sexaginta
935 4597 999 4637 om·
1051 4582 1191 4639 mistione
1204 4583 1353 4656 patrsndo
1377 4589 1529 4656 generant.
1545 4586 1588 4657 Hi,
1604 4594 1767 4664 postquam
1783 4593 1888 4654 adole.

164 4679 253 4736 nibus
264 4679 476 4748 augmentatus
484 4671 841 4748 profusius‚etameridie
853 4671 893 4726 ad
904 4670 998 4726 oricn-
1051 4672 1157 4743 verint,
1173 4689 1274 4730 rerum
1299 4689 1354 4746 pro
1374 4675 1619 4747 possessionibus
1645 4685 1749 4740 eontra
1770 4689 1888 4756 patres,

163 4773 223 4825 tem
245 4783 351 4822 means
370 4762 565 4838 procellosus,
583 4759 774 4817 Germaniam
794 4763 823 4816 et
845 4759 997 4832 Scythiam
1050 4777 1193 4834 avosque,
1207 4766 1258 4820 aut
1282 4762 1392 4835 saepius
1409 4763 1485 4820 inter
1500 4779 1531 4822 se
1557 4765 1694 4826 ferociter
1718 4770 1887 4846 obiurgati,

162 4873 259 4932 usque
272 4873 320 4927 eo,
335 4871 396 4929 quo
412 4857 507 4928 ponto
522 4851 672 4926 recipitur,
697 4850 929 4919 discriminatus,
944 4865 996 4906 vo·
1050 4848 1159 4907 fuerint
1173 4849 1381 4914 exuberantes,
1409 4855 1499 4926 atque
1515 4857 1623 4912 terram
1638 4873 1733 4930 quam
1747 4858 1889 4920 incolunt

162 4949 268 5006 citatur
285 4945 447 5004 Danubius.
463 4947 494 5000 ln
509 4942 631 5016 copiosa
642 4940 730 5012 igitur
744 4938 996 5012 intercapedines
1049 4940 1185 4998 babitare
1198 4956 1261 4998 nou
1284 4939 1475 5010 sufficientes,
1491 4941 1615 5000 collecta
1627 4951 1706 5004 sorte
1720 4949 1890 5010 uolutant

159 5037 299 5094 Danubio
314 5035 353 5092 ad
374 5033 502 5108 Scythici
527 5047 623 5104 usque
637 5029 720 5103 ponti
748 5029 922 5098 confinium,
938 5029 994 5085 dii·
1049 5045 1087 5088 ne
1099 5031 1341 5105 pubescentium,
1355 5031 1513 5088 veterrimo
1534 5032 1592 5089 ritu
1605 5034 1774 5096 iresterna
1788 5055 1887 5112 regna

161 5127 234 5182 hrsre
257 5122 563 5182 commoranturleree
585 5125 687 5192 gentes
711 5123 739 5178 et
764 5119 994 5194 barbaraque
1048 5121 1246 5178 extruduntur
1255 5121 1422 5190 nationum,
1435 5125 1466 5176 ut
1475 5122 1701 5194 acquirantsibi
1714 5127 1886 5199 praeliando

160 5230 197 5271 ex
219 5217 316 5271 Canza
339 5209 599 5283 [scanzialinsula
622 5211 740 5267 Oceano
760 5207 915 5266 hincinde
937 5179 1030 5266 cir·C
1048 5226 1151 5281 regna,
1180 5209 1291 5283 quibus
1327 5209 1421 5266 vivere
1448 5212 1566 5284 possint
1597 5229 1673 5288 paee
1708 5223 1882 5292 perpetua:

160 5306 327 5373 cumsepta‚
343 5300 424 5356 velut
451 5313 578 5356 examen
602 5313 695 5373 epum
721 5315 757 5356 ex
781 5297 921 5368 canistro,
939 5316 994 5357 seu
1046 5299 1307 5376 quemadmodum
1330 5298 1463 5356 iecerunt
1489 5302 1574 5372 Getes,
1589 5302 1642 5376 qui
1666 5309 1696 5362 ot
1721 5307 1820 5379 Gothi,
1836 5315 1883 5367 to-

160 5391 279 5465 gladius
295 5405 311 5446 e
332 5389 452 5459 vagina,
469 5387 639 5446 diversitate
660 5388 838 5445 multimoda
852 5388 993 5445 dicuntur
1045 5393 1108 5446 tam
1123 5405 1199 5463 pene
1211 5391 1362 5462 Europam
1378 5405 1473 5462 usque
1488 5393 1695 5464 ecquomodo
1708 5401 1881 5470 morantur,

159 5479 331 5557 prosiluisse
342 5476 559 5536 consuetudine
569 5478 737 5534 barbarica.
747 5481 794 5535 Est
804 5494 935 5552 namque
945 5477 987 5534 ibi
1041 5478 1225 5552 depopulati.
1241 5481 1385 5536 Gruterum
1404 5477 1434 5533 in
1457 5479 1623 5553 expletione
1636 5499 1761 5542 suarum
1774 5487 1882 5561 expul-

159 5576 268 5629 tractus
292 5587 386 5643 quam
401 5566 548 5641 plurimus
570 5567 693 5636 mania,
710 5568 844 5642 situsque
859 5568 986 5624 nimium
1041 5567 1162 5626 stonum
1189 5571 1281 5642 atque
1313 5567 1457 5637 exituum,
1485 5567 1697 5630 sacrificabant
1723 5571 1798 5631 οιιιι
1826 5591 1879 5633 ve-
