4044 6184
141 198 167 252 a
386 178 389 182 “
677 194 1279 256 eonneuemrroaeeamnmnov.
1801 209 1835 266 aa

141 316 350 390 archiepiscopo
378 315 537 374 fundatum
569 322 598 374 et
625 323 844 384 consecratum,
870 322 898 375 et
922 319 951 376 S.
971 324 1131 378 avocatur
1146 325 1353 396 campanense
1379 324 1466 395 juxta
1487 325 1643 383 castellnm
1659 329 1833 391 Potentiam.

141 406 269 464 (teraldus
281 405 488 464 auriliacensis
505 412 594 464 natrrs
608 411 661 464 cst.
695 407 773 465 Obiit
795 408 881 466 Abho
906 425 953 464 xiv
1006 409 1118 467 Tertius
1132 428 1254 485 quoque
1267 413 1453 470 Raimnudns
1465 414 1567 485 junior
1581 420 1655 472 natu
1670 419 1844 490 Germanus,

141 496 250 554 lialcnd.
266 497 352 553 Junii.
1006 499 1114 556 exstitit
1127 500 1298 568 amborum,
1313 503 1399 573 cujus
1414 518 1470 572 ego
1492 502 1660 560 ademarus
1687 504 1767 563 iilius
1796 506 1836 565 lui

168 584 272 644 Tertius
285 585 381 644 abbas
394 587 513 662 praefuit
527 587 701 645 Benedictus
722 587 808 644 annis
822 603 872 645 xv.
893 589 952 644 Hn·
1005 593 1100 646 matre
1114 589 1288 661 hildegarde
1303 592 1374 663 [sinc
1383 590 1549 663 aldearde}

137 677 179 747 jes
199 675 358 748 praesulatu
383 675 547 734 Normanni
579 681 735 750 coeperunt
761 693 793 734 se
820 677 952 750 primurn
1041 680 1109 734 Post
1132 679 1289 735 aimonem
1318 679 1460 737 abbatem
1484 682 1601 738 vacarit
1625 682 1747 741 abbatia
1765 701 1836 741 xxxi

139 766 203 835 (168)
214 763 365 820 ellundere
380 764 412 820 iu
427 765 582 822 Franciam
604 769 633 823 et
647 767 854 840 Aquitaniam
881 765 954 822 obiit
1006 767 1092 823 annis
1106 767 1168 822 sinc
1184 772 1312 840 pastore.
1329 767 1414 824 lllum
1431 767 1510 824 enim
1524 769 1577 841 qui
1596 773 1638 826 tot
1652 771 1740 827 annis
1762 787 1836 845 prae·
1885 831 1888 838 ,

138 870 179 910 nv
192 853 335 911 Kalendas
352 853 512 911 Februarii.
528 854 639 912 Stodilo
654 855 797 930 episcopo
820 855 953 912 succedit
1006 856 1060 912 tuit
1074 861 1187 912 tamum
1203 874 1264 912 non
1279 856 1517 929 profuitnoloiu
1533 857 1675 929 catalogo
1689 859 1835 918 abbatum

137 941 203 998 lldo
215 941 372 1016 episcopus
395 947 424 1000 et
438 943 511 1000 obiit
529 943 620 1001 Nonis
647 945 792 1012 Octobris,
819 943 952 1018 sepultus
1004 962 1127 1020 ponere,
1143 963 1211 1002 cum
1226 947 1372 1016 iniustum
1386 948 1443 1004 hoe
1459 947 1504 1003 sit.
1522 950 1596 1004 Nam
1606 948 1712 1006 habitu
1724 965 1836 1024 nequa·

136 1031 162 1087 in
178 1029 296 1088 basilica
317 1031 477 1090 salvatoris
503 1033 675 1090 Lemovicoe.
701 1035 770 1090 Post
788 1049 857 1090 cum
872 1031 952 1088 Geilo
1004 1048 1098 1105 qnam
1114 1033 1294 1104 monachali,
1311 1035 1364 1090 sed
1385 1035 1562 1116 canonicali,
1588 1036 1650 1093 imo
1670 1036 1768 1094 laicali
1782 1053 1836 1111 per

136 1121 283 1194 episcopus
296 1121 414 1190 exstitit,
429 1121 482 1196 qui
497 1121 570 1178 obiit
581 1139 608 1178 ιι
624 1122 693 1179 ldus
707 1121 785 1180 tulii.
800 1124 868 1179 Post
882 1137 951 1178 eum
1005 1125 1047 1178 tot
1061 1139 1157 1178 arnrros
1172 1123 1373 1196 principatum
1386 1123 1444 1180 loci
1465 1125 1560 1182 tenuit
1569 1124 1633 1182 solo
1644 1127 1766 1183 nomine
1781 1125 1835 1184 ab·

136 1208 279 1265 anselmus
293 1209 499 1284 episcopatum
514 1211 617 1268 tenuit.
1004 1210 1069 1268 has.
1086 1212 1142 1278 Oui
1160 1213 1220 1268 vult
1235 1215 1300 1284 ejas
1314 1229 1424 1270 nomen
1439 1213 1525 1283 seire,
1538 1214 1702 1272 aimericus
1714 1219 1835 1272 vocatus

165 1299 285 1362 Quartus
314 1298 411 1356 ahhas
439 1300 557 1374 prefuit
583 1301 753 1358 Oonsindns
769 1300 856 1358 annis
871 1317 949 1358 xvrn.
1004 1306 1057 1356 est.
1079 1301 1173 1373 liujus
1186 1317 1266 1357 anno
1280 1319 1300 1357 x
1315 1302 1530 1360 monasterium
1554 1305 1581 1360 S.
1606 1303 1744 1361 Martialis
1763 1303 1837 1360 divi·

135 1390 216 1459 llans
243 1389 378 1445 secundo
403 1405 484 1446 anno
513 1389 635 1446 Carolus
659 1389 768 1448 Calvus
789 1389 952 1463 imperator
1004 1405 1045 1446 no
1054 1389 1168 1460 judicio
1185 1391 1252 1460 igne
1269 1395 1436 1448 crematum
1449 1397 1503 1448 cst.
1517 1393 1567 1448 llic
1584 1408 1707 1449 omnem
1726 1397 1835 1450 terram

135 1474 197 1531 ohiit
209 1475 324 1532 attilius
340 1477 404 1549 ejus
429 1477 596 1534 Lndovions
621 1477 729 1534 Balbus
753 1493 881 1550 regnum
901 1494 950 1533 su·
1003 1481 1177 1537 monasterii
1190 1481 1321 1552 hujusct
1335 1481 1475 1538 ecelesias
1491 1487 1552 1538 tam
1576 1481 1751 1556 parentibus
1774 1481 1834 1539 suis

135 1565 223 1638 saepit.
238 1565 290 1621 llic
305 1565 400 1622 nibeis
415 1567 503 1623 annis
518 1569 680 1640 postquam
703 1571 859 1638 regnasset
877 1565 952 1623 obiit
1004 1585 1096 1642 qnam
1123 1569 1236 1626 crateris
1259 1569 1453 1627 saecularibus
1475 1571 1672 1644 potestatibus
1686 1571 1759 1628 darc
1771 1587 1834 1628 non

135 1652 241 1710 attilius
255 1654 322 1726 ejus
338 1655 461 1711 Carolus
479 1671 607 1728 regnum
637 1657 767 1729 suscepit
792 1659 878 1729 (loe),
903 1655 951 1712 cui
972 1657 1112 1728 ssh‘muit.
1128 1658 1178 1714 llic
1191 1657 1275 1714 tertio
1288 1659 1335 1714 die
1355 1662 1423 1714 ante
1447 1663 1574 1714 mortem
1596 1674 1685 1714 suain
1697 1657 1834 1713 habitum

135 1741 189 1798 Ode
199 1759 248 1799 rex
260 1759 388 1814 regnum
406 1744 526 1801 abstulit
540 1750 568 1801 et
582 1761 637 1819 pro
652 1761 688 1803 eo
701 1746 843 1816 regnavit.
865 1745 949 1801 Hune
1007 1746 1147 1804 monaehi
1162 1746 1268 1820 induit,
1284 1747 1392 1803 timens
1406 1747 1572 1820 periurium
1595 1747 1679 1820 qnod
1692 1746 1756 1816 regi
1769 1745 1834 1802 lllo-

135 1829 261 1888 abhatem
274 1848 339 1890 non
358 1834 505 1891 mitterem
530 1833 561 1890 in
589 1834 736 1906 catalogo,
761 1833 818 1891 nisi
846 1833 950 1890 inisset
1007 1835 1102 1891 Olario
1117 1834 1147 1891 in
1161 1834 1283 1891 mancia
1296 1833 1478 1902 firmaverat,
1492 1834 1616 1907 quando
1630 1848 1727 1908 arege
1737 1833 1834 1890 abbas

135 1921 287 1980 monastico
302 1922 553 1981 babituindutus.
582 1928 656 1982 Nam
679 1924 769 1981 nimis
792 1923 882 1981 eorde
896 1939 950 1978 scs·
1006 1923 1184 1980 constitutus
1211 1927 1263 1980 est.
1292 1927 1367 1980 h'am
1391 1923 1504 1996 juravit
1524 1923 1586 1994 regi
1603 1939 1634 1979 sc
1648 1922 1833 1980 monachum

136 2009 228 2066 calens
240 2011 351 2070 mullas
365 2013 505 2071 ecclesias
519 2018 547 2070 et
563 2019 685 2071 terrase
699 2013 822 2072 basilica
837 2012 949 2071 llartia-
1003 2012 1078 2081 lieri,
1105 2012 1157 2069 sed
1184 2011 1298 2068 derisor
1323 2012 1371 2068 Oci
1396 2028 1490 2086 usqne
1514 2011 1553 2069 ad
1566 2015 1694 2068 mortem
1708 2009 1831 2078 distulit,

135 2097 164 2154 lis
182 2101 302 2172 apostoli
331 2102 453 2161 abstulit
477 2107 506 2160 et
534 2103 727 2160 sanemaribus
750 2101 949 2177 potestatibus
1002 2102 1055 2175 qni
1070 2101 1125 2157 nisi
1141 2101 1237 2158 scelus
1257 2100 1499 2174 presumptionis
1525 2101 1590 2172 ejus
1615 2099 1728 2156 deleret
1750 2115 1831 2167 eum,

135 2187 259 2246 inutiliter
268 2191 424 2249 concessit.
439 2191 517 2250 Obiit
531 2209 569 2249 vn
584 2193 647 2250 llel.
663 2191 850 2250 Novembris.
1002 2207 1102 2247 nonus
1114 2190 1210 2248 abhas
1226 2189 1413 2246 scriberetur.

163 2279 280 2344 Ouinius
296 2281 395 2338 abbas
410 2281 563 2339 Fulbcrtus
577 2282 696 2356 praefuit
709 2281 796 2339 annis
811 2298 850 2339 vr.
871 2279 949 2338 Obiit
1038 2283 1139 2338 Nonus
1166 2279 1263 2336 abbas
1289 2279 1383 2350 Guigo
1411 2277 1529 2352 praeierit
1549 2278 1637 2334 annis
1660 2292 1729 2333 svn.
1756 2277 1833 2334 Obiit

134 2383 158 2422 n
169 2368 283 2426 lialend.
301 2370 462 2428 Februarii.
479 2372 573 2445 llnjus
584 2387 665 2430 anno
679 2371 785 2445 quinto
808 2370 872 2429 Odo
895 2385 947 2426 rex
1002 2368 1158 2441 Egolismre
1175 2367 1257 2424 tertio
1273 2367 1422 2424 Kalendas
1435 2367 1579 2434 Octobris,
1593 2366 1727 2440 sepultus
1739 2365 1769 2422 in
1780 2365 1832 2422 ha-

134 2456 195 2513 ohiit
215 2463 242 2514 et
264 2458 369 2516 carlus
394 2461 487 2518 llinor
509 2477 635 2532 regnum
660 2458 855 2534 recuperavit.
880 2463 948 2532 lpso
1002 2459 1083 2516 silica
1099 2461 1127 2516 S.
1144 2456 1280 2531 Eparehii
1295 2462 1362 2514 ente
1376 2457 1468 2512 altare
1483 2457 1578 2513 sancti
1594 2454 1831 2528 Staphsni,quia

134 2563 201 2604 auno
216 2550 376 2606 anselmus
399 2551 558 2624 episcopus
588 2549 806 2608 lemovicensis
833 2549 906 2606 obiit
927 2567 947 2606 v
1002 2552 1030 2604 ct
1044 2547 1082 2604 de
1096 2547 1163 2620 ipso
1176 2543 1358 2602 monasterio
1372 2543 1469 2600 abhas
1483 2547 1556 2600 erat.
1573 2543 1623 2600 llic
1635 2543 1830 2600 adalbertum

133 2636 191 2693 tdus
217 2639 377 2710 Februarii,
409 2641 544 2716 sepultas
573 2642 603 2698 in
631 2640 756 2698 basilica
785 2637 945 2698 salvatoris
1001 2635 1208 2710 supradictum
1222 2633 1373 2691 constituit
1397 2631 1454 2688 sihi
1476 2632 1625 2689 decanum
1653 2631 1684 2688 in
1708 2630 1831 2688 basilica

131 2725 204 2796 juxta
217 2744 327 2803 corpus
343 2731 507 2805 supradicti
521 2731 643 2788 aldonis
657 2729 801 2804 episcopi.
1001 2726 1096 2784 sancti
1110 2723 1258 2782 Martialis.
1284 2723 1375 2794 liujus
1399 2737 1481 2778 anno
1504 2719 1685 2776 duodecimo
1701 2735 1752 2774 res
1765 2717 1830 2774 lilo-

162 2817 257 2873 Sextus
285 2817 384 2876 abbas
420 2819 574 2877 Fulbertus
612 2819 733 2894 praefuit
769 2817 857 2876 annis
893 2834 943 2874 xx.
1001 2815 1115 2873 tharins
1142 2811 1316 2873 Lemovices
1341 2809 1432 2880 veuit,
1456 2807 1657 2883 precepitque
1681 2805 1782 2864 abbati
1799 2811 1831 2864 nt

134 2905 212 2976 liuius
237 2923 320 2964 anno
345 2913 428 2964 sexto
456 2913 576 2966 sanetus
605 2907 748 2966 Geraldns
774 2906 858 2980 apud
888 2910 945 2963 Au·
1000 2906 1162 2962 aeditiearet
1176 2917 1279 2959 muros
1295 2899 1399 2969 castri;
1413 2899 1464 2972 qui
1481 2896 1659 2954 rummesie
1675 2895 1829 2952 Franciam

131 2991 251 3051 riliacum
276 2995 351 3052 obiit
375 2997 460 3053 tertio
486 2996 555 3053 ldus
584 2995 727 3065 Octobris,
757 2993 890 3068 sepultus
914 2994 945 3051 in
966 2999 1197 3083 Cpostpaucos
1211 2991 1274 3048 dies
1288 2993 1425 3047 mortuus
1441 2992 1496 3054 est,
1525 2991 1552 3043 et
1578 2985 1736 3060 progenies
1766 2984 1830 3056 eins

131 3084 297 3142 monasterio
312 3085 387 3142 Petri
402 3085 529 3158 aposloli
541 3085 625 3160 qnod
648 3084 712 3158 ipse
735 3083 943 3140 aedificaverat.
1000 3085 1141 3158 deinceps
1156 3098 1249 3153 regno
1264 3080 1380 3155 privata
1392 3083 1446 3135 est.
1463 3082 1537 3135 h'am
1552 3077 1642 3134 irater
1662 3075 1727 3148 ejus
1743 3077 1817 3132 Caro

133 3171 211 3242 liujus
224 3173 343 3230 abbatis
358 3173 566 3231 annodecimo
580 3190 662 3230 nono
675 3171 748 3230 obiit
772 3171 945 3230 Guillelmas
999 3175 1047 3232 lus
1061 3174 1093 3230 in
1108 3186 1257 3230 carcerem
1273 3169 1384 3226 missus
1399 3172 1443 3224 est
1454 3167 1493 3222 ab
1509 3168 1610 3236 ligone
1626 3165 1712 3231 decc,
1727 3167 1755 3220 ct
1768 3163 1830 3236 ipse

131 3258 192 3330 dns,
204 3279 305 3320 comes
321 3264 469 3332 Arvernis,
493 3263 546 3338 qui
573 3263 748 3322 cluniacum
772 3261 944 3319 caenobium
1002 3266 1063 3334 Ugo
1078 3277 1131 3318 rex
1145 3259 1240 3316 iactus
1252 3261 1306 3320 est.
1322 3256 1408 3328 enjus
1423 3253 1502 3310 lilius
1526 3251 1682 3318 llohertns,
1710 3266 1760 3306 rex
1784 3265 1830 3306 sa·

131 3347 272 3408 edificavit
286 3357 372 3422 (iro).
391 3352 472 3409 idem
492 3352 590 3410 abbas
613 3351 768 3408 Fulbertus
793 3351 867 3408 obiit
890 3353 946 3406 lla·
999 3349 1204 3425 pientissimus
1216 3350 1245 3404 et
1259 3344 1420 3420 piissimus,
1436 3349 1531 3415 usquc
1542 3339 1632 3396 hodie
1646 3337 1830 3411 vivitlpsius

129 3435 211 3496 leudis
224 3443 385 3499 Februarii.
1000 3439 1119 3498 abbatis
1134 3435 1304 3512 principatu
1317 3436 1422 3506 crypta
1441 3445 1533 3488 aurea
1549 3426 1686 3486 hlartialis
1702 3424 1830 3500 apostoli

159 3529 301 3602 Septimrm
325 3531 421 3589 abbas
444 3533 613 3606 Stephanus
638 3531 755 3604 praefuit
773 3529 860 3588 annis
875 3546 943 3598 nvn,
1000 3515 1202 3588 media'nocte
1226 3526 1295 3597 igne
1319 3526 1364 3581 est
1387 3521 1546 3579 combusta
1560 3518 1685 3576 cadente
1704 3515 1831 3574 candela

130 3618 269 3679 ohiitxvnr
283 3621 409 3679 Kalend.
434 3623 613 3680 Decembris.
638 3621 687 3679 llic
709 3620 879 3695 composuit
897 3637 946 3676 sn-
1000 3635 1061 3677 una
1075 3617 1175 3674 minus
1189 3614 1330 3672 restincta
1344 3611 1419 3668 inter
1446 3606 1668 3666 multitudinem
1690 3604 1830 3706 candela:

129 3723 174 3780 per
185 3711 271 3769 altare
285 3712 448 3770 Salvatoris
461 3712 618 3770 ecelesiam
633 3728 669 3769 ex
689 3727 763 3769 auro
774 3715 802 3768 et
816 3709 943 3782 gemmis
999 3727 1075 3776 rum,
1092 3711 1121 3765 et
1130 3705 1246 3780 lapides
1260 3699 1465 3778 pretiosissimi
1484 3704 1554 3756 tmre
1565 3697 1604 3754 ab
1617 3697 1686 3768 igne
1699 3698 1830 3768 corrupti

131 3803 278 3872 etargento
290 3805 682 3876 quamvocantltuneram.
712 3800 764 3857 llic
793 3805 888 3857 turres
912 3799 943 3858 in
999 3799 1078 3864 sunt,
1094 3798 1123 3852 et
1134 3793 1282 3870 quidquid
1297 3793 1377 3849 intra
1395 3791 1520 3847 domum
1537 3789 1636 3862 ipsam
1661 3789 1725 3842 crat
1746 3783 1830 3884 quod

132 3890 234 3947 castello
248 3893 276 3950 S.
292 3892 430 3950 ltartialis
445 3893 521 3949 duas
537 3892 613 3965 lecit,
628 3907 721 3948 unam
745 3892 848 3947 eontra
873 3890 943 3947 Seu·
998 3888 1102 3942 ardere
1126 3887 1253 3958 poterat,
1282 3879 1414 3937 flammis
1438 3879 1665 3934 concrematum
1688 3872 1828 3972 est,·librr

132 3979 207 4034 terias
220 3982 342 4038 nomine
356 3981 536 4054 orgoletam,
560 3981 686 4039 alteram
705 3983 810 4037 contra
830 3983 942 4035 arenas
998 3974 1130 4042 cremati,
1147 3987 1256 4030 aurum
1270 3973 1299 4027 et
1311 3972 1469 4039 argentum
1484 3963 1677 4060 liquefactum
1703 3967 1732 4018 et
1750 3963 1828 4017 intra

131 4069 235 4126 nomine
261 4070 436 4139 Fustiviam,
462 4070 653 4145 praecipiente
671 4071 729 4127 hoe
749 4083 819 4140 rege
836 4066 942 4126 carolo
997 4061 1170 4140 quindecim
1182 4060 1246 4116 dies
1259 4058 1353 4131 cripta
1369 4071 1461 4114 aurea
1475 4069 1544 4110 eum
1559 4065 1729 4150 gemmasa
1747 4063 1827 4106 noro

130 4155 222 4215 llinore
233 4161 270 4218 ad
283 4159 492 4234 repellendum
508 4160 696 4218 Gaillelmum
710 4159 829 4226 ducam,
852 4157 943 4214 Pieta-
997 4155 1165 4212 restamata
1179 4153 1225 4206 est
1239 4165 1257 4205 a
1269 4146 1405 4205 tosberto
1419 4141 1541 4202 custode
1556 4139 1706 4240 sepulchra
1723 4152 1828 4239 mona

129 4244 218 4304 rmum
231 4251 383 4321 comitem,
406 4253 435 4307 et
457 4265 493 4306 ex
514 4249 635 4306 nomine
649 4265 704 4304 suo
724 4248 827 4322 ipsum
839 4245 943 4302 castel·
997 4244 1063 4301 cho.
1081 4241 1162 4298 ldem
1175 4239 1326 4296 tosbertus
1338 4236 1456 4292 iconem
1471 4247 1596 4290 auream
1606 4233 1701 4287 saneti
1714 4231 1826 4286 llarha-

128 4331 182 4392 lum
193 4339 356 4396 nominmit
370 4339 563 4413 stenopolim,
585 4337 672 4412 quasi
685 4335 826 4411 Stephani
841 4335 941 4392 civita·
997 4333 1033 4389 lis
1045 4329 1173 4404 apostoli
1185 4327 1263 4398 iecit,
1279 4325 1433 4382 sedentem
1447 4336 1537 4395 super
1551 4320 1653 4388 altare,
1678 4321 1706 4375 et
1731 4332 1826 4377 mana

128 4425 272 4499 temltrl).
997 4423 1102 4480 dextra
1127 4417 1275 4493 populum
1303 4412 1540 4479 benedicentem,
1568 4407 1686 4464 sinistra
1712 4406 1824 4464 librum

157 4505 274 4564 Octavus
296 4508 392 4566 abbas
417 4508 502 4565 himo
524 4507 642 4582 praefuit
663 4506 751 4564 annis
775 4522 837 4563 sex.
863 4503 943 4564 Obiit
996 4514 1145 4570 tenentem
1170 4505 1330 4577 Evangelii.
1357 4501 1567 4576 supradictum
1594 4495 1768 4554 incendium
1790 4495 1822 4552 in

130 4593 205 4650 loen
215 4597 289 4654 Hali.
318 4598 369 4654 llic
394 4597 555 4654 amicitiam
578 4595 685 4654 hebuit
707 4611 776 4652 eum
792 4596 820 4653 S·
838 4593 941 4652 Odone
994 4617 1098 4659 mense
1111 4597 1199 4656 lunio
1214 4594 1321 4654 accidit
1335 4597 1403 4652 ante
1427 4589 1614 4649 testivitatem
1635 4585 1728 4644 saneti
1750 4587 1821 4643 lter·

129 4679 299 4743 Cluniaeensi
313 4686 432 4756 abbate,
449 4686 497 4744 eni
509 4686 597 4758 jussit
610 4684 697 4742 edere
718 4684 813 4742 Vitam
836 4685 865 4742 S.
891 4684 942 4739 Ge
995 4691 1084 4750 naris,
1635 4757 1641 4770 Ι
1766 4751 1782 4764 ..

129 4769 201 4826 raldi.
216 4774 265 4830 llic
278 4775 458 4848 Turpionem
482 4774 659 4848 episcopum
689 4771 940 4843 Lemovicensem,
1030 4770 1168 4828 Decimus
1183 4752 1819 4858 abhaslosireduspraeiuitannrsvrr.Obutv

128 4853 234 4918 harem
244 4880 344 4934 suum,
356 4881 475 4921 summo
489 4879 592 4922 amore
601 4863 766 4921 exeolnitet
776 4862 860 4920 tertio
872 4865 942 4936 post
994 4862 1063 4920 ldns
1079 4857 1223 4918 Octobris.
1241 4855 1333 4927 llujus
1346 4851 1516 4927 principatu
1536 4849 1627 4922 plaga
1639 4861 1717 4946 ignis
1731 4857 1821 4917 super

128 4945 230 5007 obitum
243 4954 309 5025 ejus
322 4969 403 5010 anno
418 4954 515 5012 eidem
529 4955 557 5010 S.
572 4953 681 5027 Tmpio
696 4935 856 5026 episcopus
866 4951 940 5009 obiit
993 4964 1120 5024 corpora
1129 4945 1347 5022 aquitanorum
1360 4939 1491 4998 desaeviit
1505 4940 1533 4994 et
1544 4939 1654 4992 mortua
1668 4936 1738 5034 sunt
1748 4931 1817 5034 plus

129 5049 168 5089 nn
178 5039 321 5099 Kalendas
333 5043 467 5115 Augusti.
482 5046 522 5100 Er
538 5045 624 5117 eujus
646 5047 734 5116 nepte
759 5041 862 5099 Officia
883 5057 937 5098 no·
991 5036 1193 5115 qnadraginta
1201 5032 1297 5094 millia
1305 5029 1464 5088 hominum
1474 5024 1629 5126 abendam
1639 5021 1817 5125 pestilentia.

127 5126 207 5200 mine,
221 5131 282 5188 nati
299 5135 369 5189 sunt
382 5133 559 5190 adalbertus
574 5132 707 5190 decanus
730 5135 760 5189 et
783 5131 938 5202 notgerius
992 5131 1062 5188 ldco
1075 5123 1332 5186 tosiredusabhas
1354 5117 1529 5191 etepiseopr
1553 5117 1719 5216 Aqmaamae
1742 5111 1817 5169 adn-

127 5219 198 5283 paee
213 5219 363 5278 Fuleherio
377 5223 540 5297 inproprie
552 5224 618 5296 iure
632 5220 830 5290 hereditario,
854 5220 939 5295 qnod
991 5219 1054 5277 nati
1070 5215 1241 5287 Lemovices
1262 5209 1435 5270 levaverunt
1448 5220 1558 5279 corpus
1572 5206 1668 5263 saneti
1681 5201 1817 5262 Martialis

156 5375 223 5445 (¹⁶8)
241 5382 303 5437 imo
312 5383 416 5510 potius
430 5385 563 5442 secanda
577 5383 749 5458 irruptione.
992 5377 1143 5448 erraverit,
1170 5374 1295 5445 aliisque
1319 5367 1410 5426 etiam
1431 5365 1637 5424 eruditissimis
1663 5363 1734 5421 viris
1748 5376 1817 5419 cau-

154 5443 224 5520 (169)
242 5453 312 5509 ΕΜ
993 5466 1058 5508 sam
1071 5445 1190 5504 errandi
1203 5440 1372 5572 praebuerit.

158 5521 226 5592 alto)
244 5524 328 5602 Quod
342 5525 529 5608 verissimum
544 5531 591 5585 est
614 5541 792 5601 quanquam
816 5524 939 5606 relucte
1004 5519 1101 5649 'dim
1120 5521 1153 5574 ln
1164 5519 1204 5574 Ca
1217 5515 1305 5584 alogo
1320 5511 1429 5594 Gallico
1444 5509 1618 5594 eorumdem
1634 5505 1729 5563 saneti
1746 5506 1818 5586 Har·

129 5587 168 5640 tur
182 5591 472 5671 Oeshus,scr1batque
488 5605 641 5655 auctorem
654 5599 735 5654 hunc
750 5595 939 5653 falsumlms-
992 5597 1012 5650 h
1054 5588 1226 5648 sabbatum
1245 5583 1431 5641 emendatius
1456 5581 1562 5640 dicrtm
1586 5575 1817 5652 Stephonopotrs

130 5670 166 5724 se,
179 5665 319 5739 cumipse
332 5671 410 5726 etex
421 5668 500 5728 male
524 5669 671 5727 intehecto
693 5667 850 5726 Flodoardi
870 5665 938 5723 loco
991 5667 1022 5722 et
1034 5665 1128 5738 pectre
1142 5658 1291 5728 donatur,
1302 5670 1365 5713 non
1376 5659 1483 5713 turres.
