3998 6176
181 143 234 198 nn
710 134 738 191 s.
760 115 928 192 mannan
946 131 1185 190 cemorensis
1204 133 1360 192 crisconi
1837 138 1898 192 nee

217 265 284 320 ltili.
301 261 502 327 Percussoqae
516 257 713 330 teterePetri,
724 258 867 315 excitavit
876 271 953 324 eum,
968 257 1011 312 di-
1025 259 1049 312 Α
1067 255 1138 326 gulo
1147 255 1211 329 ipse
1225 259 1328 314 Petrus
1343 271 1399 313 nos
1414 256 1567 329 admonet,
1590 255 1693 313 dicens
1710 273 1716 312 :
1743 255 1900 315 Succincti

182 368 250 411 cens
265 367 276 408 :
290 351 386 420 Serge
399 346 548 404 velociter.
576 348 614 403 Et
642 348 813 404 ceciderant
840 353 952 403 catena
977 352 1013 403 ce
1067 347 1182 404 iambos
1195 349 1300 406 mentis
1316 355 1430 404 cestra.
1448 346 1517 417 Sed,
1529 345 1601 420 quia
1620 345 1800 419 predicator
1826 351 1899 404 tunc

181 439 318 498 manibus
328 440 402 507 ejus.
432 434 512 492 Sient
537 434 602 506 jam
617 440 645 491 et
672 439 742 492 ante
756 451 812 492 nos
827 434 941 490 dietum
957 438 1011 504 est,
1065 437 1278 507 congruentius
1292 436 1436 510 predicat
1458 453 1528 493 oum
1551 434 1720 493 auditorem
1747 453 1838 494 suum
1858 437 1898 494 de

180 526 334 603 percussio
347 523 447 582 lateris
461 524 779 581 commemorationem
792 522 930 594 designat
957 525 1011 579 llo-
1065 525 1258 598 antiquorum
1274 525 1360 582 dictis
1375 525 1558 600 etexemplis
1572 524 1725 594 informat,
1739 529 1818 583 recte
1843 529 1898 582 Pe-

181 616 296 674 minica
309 612 470 688 passionis.
487 617 562 670 Nam
576 614 648 687 quia
663 621 766 687 aperto
779 613 871 670 latere
884 612 1010 669 Redem-
1064 617 1145 671 trum
1157 615 1283 686 angelus
1299 631 1360 672 non
1375 614 1475 672 solum
1489 615 1631 688 praecingi
1644 614 1698 672 sed
1713 615 1804 674 etiam
1828 615 1900 672 cali·

179 707 285 780 pteris,
303 703 426 774 sanguis
442 707 563 778 etaqua
585 704 731 774 manavit,
755 719 886 777 quorum
914 718 1009 759 unum
1064 717 1119 772 gas
1134 701 1267 760 calcmre
1282 703 1434 777 pracepit.
1452 704 1529 770 Quid
1544 703 1624 761 enim
1638 703 1818 777 percaligas
1832 704 1898 778 qui-

180 797 219 852 ad
235 795 376 870 pretium,
392 793 475 850 aliud
491 809 563 850 vero
589 793 630 850 ad
652 793 818 865 lavacrum,
845 797 922 850 recte
945 792 1010 848 haec
1062 791 1121 849 bus
1134 809 1222 850 crura
1237 793 1483 862 muniuntur,nisi
1495 795 1616 852 Patr-um
1631 793 1900 877 mctaetexempla

180 889 308 958 utraque
317 882 467 957 peccatori
482 897 625 939 converso
636 881 675 939 ad
686 882 1011 939 memoriamrevocan-
1063 881 1219 954 signantur
1234 882 1248 940 ‘t
1261 898 1329 955 quae
1339 882 1482 940 nimirum
1497 899 1553 940 nos
1565 887 1594 940 et
1608 898 1627 940 a
1641 882 1763 940 minere
1781 883 1899 957 peccatl

181 978 239 1040 tur,
250 978 283 1030 ut
295 978 333 1039 et,
347 972 522 1044 dignitatem
538 972 585 1028 sui
599 972 685 1045 pretii
713 970 913 1045 perpendens,
939 985 1009 1043 pec·
1063 970 1247 1039 custodiunt,
1261 975 1290 1028 et
1304 972 1343 1029 ad
1372 987 1508 1029 amorem
1533 971 1583 1030 liei
1609 987 1669 1028 nos
1688 970 1898 1030 calefacientes

181 1078 250 1119 care
264 1060 385 1119 marius
398 1060 586 1132 dedignetur,
606 1064 644 1124 et,
660 1060 836 1134 inquinatus
848 1063 918 1134 post
929 1058 1009 1116 lava·
1063 1060 1242 1117 accendunt.
1284 1059 1400 1132 caligas
1434 1061 1535 1134 itaque
1561 1065 1680 1118 nostrae
1713 1059 1896 1131 calceamus,

181 1168 277 1222 crum,
293 1149 475 1224 peanitentiae
490 1149 623 1206 fontibus
637 1149 744 1206 iterum
760 1149 934 1224 baptizetur.
960 1149 1010 1205 Vel
1063 1164 1144 1219 cum,
1161 1164 1197 1204 ex
1212 1148 1299 1204 dictis
1310 1151 1339 1204 et
1353 1147 1498 1223 exemplis
1512 1152 1695 1221 sanctorum,
1708 1165 1831 1221 gressus
1843 1165 1898 1208 no·

181 1245 258 1298 certe
269 1240 338 1297 ideo
350 1255 473 1296 necesse
488 1244 532 1295 est
546 1243 578 1295 ut
591 1237 739 1312 poenitens
763 1238 891 1312 quisque
918 1253 1011 1309 angu-
1064 1241 1159 1294 strnm
1171 1253 1298 1312 operum
1316 1243 1420 1295 contm
1432 1237 1542 1294 vulnus
1557 1237 1672 1310 peccati
1695 1237 1897 1308 defendimus,

181 1331 251 1388 stiae
267 1327 428 1386 [lominica
440 1328 589 1405 passionis
604 1333 672 1385 ante
692 1327 796 1385 oculos
822 1327 929 1385 mentis
949 1343 1010 1383 sure
1028 1379 1029 1383 ,
1064 1330 1093 1383 et
1106 1326 1145 1383 ad
1157 1341 1321 1400 supernam
1333 1327 1473 1402 patriam,
1485 1343 1591 1384 eorum
1605 1326 1771 1384 imitatione
1784 1327 1897 1386 calefa-

179 1419 333 1493 depingat,
349 1422 509 1493 quatenus,
525 1418 664 1492 exemplo
678 1417 767 1489 illius,
781 1434 871 1474 suum
888 1433 1010 1490 qnoque
1064 1415 1112 1484 cti,
1139 1415 1257 1472 ardenti
1288 1415 1437 1473 desiderio
1465 1415 1654 1474 anhelamus.
1689 1419 1747 1474 Nec
1775 1421 1900 1476 moveat

179 1507 363 1566 animumad
379 1505 567 1565 tolerantiam
576 1507 755 1581 passionum
766 1507 911 1579 accingat.
928 1506 1011 1564 Unde
1064 1503 1147 1576 quod
1173 1503 1309 1562 Ecclesia
1338 1503 1452 1576 caligne,
1484 1508 1594 1562 nostrae
1619 1503 1786 1562 dicuntur:
1816 1504 1899 1562 dicta

179 1612 300 1672 quoque
314 1594 495 1654 insebeatus
506 1599 607 1653 Petrus
623 1613 679 1654 nos
706 1597 859 1666 admonet,
884 1596 1008 1654 dicens:
1024 1612 1045 1667 g
1064 1593 1145 1650 enim
1160 1598 1188 1650 et
1202 1592 1341 1666 exempla
1355 1596 1489 1668 Petrum,
1515 1598 1544 1651 et
1567 1610 1623 1652 sua
1647 1598 1726 1663 sunt,
1748 1594 1821 1668 quia
1842 1611 1898 1668 per

181 1688 301 1745 Christo
313 1686 408 1756 enar
419 1703 508 1758 passo
522 1688 554 1744 in
569 1694 770 1758 correctam
784 1688 886 1745 cadem
900 1689 1011 1759 cogita·
1065 1699 1117 1740 eos
1133 1682 1266 1739 exhibita
1282 1700 1290 1750 ς
1306 1686 1335 1739 et
1348 1687 1460 1750 nostra,
1476 1699 1545 1756 qua
1558 1682 1647 1740 nobis
1662 1683 1703 1740 ad
1713 1683 1898 1742 imitandum

181 1777 260 1834 tione
274 1777 446 1834 armamini.
459 1780 500 1832 Ac
516 1775 541 1832 si
554 1780 655 1850 aperte
670 1775 750 1834 dicat
766 1795 773 1832 :
794 1776 850 1843 Qui
876 1780 1012 1849 peccato-
1064 1770 1176 1828 relicta.
1193 1770 1355 1830 Sciendum
1368 1772 1448 1828 enim
1463 1775 1507 1830 est
1517 1771 1589 1845 quia
1599 1771 1658 1829 hoc
1672 1771 1704 1828 in
1728 1771 1796 1832 loco
1817 1775 1896 1831 Gra·

178 1881 228 1923 res
244 1866 324 1938 estis,
339 1868 421 1924 tanto
433 1881 556 1924 necesse
572 1870 617 1922 est
629 1869 662 1922 ut
675 1870 807 1923 vestrum
819 1867 956 1922 animum
971 1865 1011 1922 ad
1063 1876 1118 1917 cus
1129 1859 1224 1917 codex
1237 1875 1299 1917 nnn
1314 1859 1406 1918 habet
1418 1861 1543 1932 caligne,
1560 1861 1613 1918 sed
1631 1861 1800 1932 scandatis,
1826 1878 1897 1936 qua

179 1955 367 2013 tolerantiam
382 1954 557 2028 informetis,
573 1959 686 2028 quanto
702 1971 772 2011 enm
786 1955 1010 2029 quipeccatum
1064 1949 1165 2006 Latine
1182 1949 1324 2006 dicuntur
1345 1950 1441 2007 solea.
1467 1952 1517 2006 Est
1544 1953 1645 2008 autem
1670 1965 1766 2022 genus
1786 1950 1898 2010 calcea·

181 2061 242 2103 non
257 2045 334 2114 fecit,
349 2044 420 2103 talia
447 2061 572 2119 passum
601 2044 772 2117 agnoscitis.
803 2047 864 2116 Ego
890 2062 956 2119 qua
983 2047 1011 2102 et
1063 2043 1233 2095 mentorum
1248 2053 1317 2111 qua
1342 2043 1460 2112 partem
1479 2037 1566 2111 pedis
1589 2037 1760 2096 interiorem
1782 2053 1821 2096 ex
1834 2041 1897 2096 toto

179 2139 296 2208 quanta
310 2135 342 2191 in
356 2150 446 2192 carne
472 2139 571 2191 restra
590 2150 646 2208 pro
670 2133 757 2191 vobis
784 2134 820 2190 sit
846 2151 1009 2209 perpessus
1063 2127 1234 2198 contegunt,
1253 2126 1438 2200 superiorem
1451 2131 1552 2185 autem
1565 2127 1709 2185 intectam
1722 2127 1894 2186 ostendunt.

180 2225 369 2298 Redemptor,
387 2224 548 2292 attendite;
564 2229 593 2281 ct
606 2223 647 2281 ita
657 2223 781 2280 demum
795 2240 848 2281 vos
862 2223 944 2298 ipsos
970 2223 1011 2281 ad
1063 2215 1615 2286 QU011ifflitffl¹18³¹10l⁰⁰³l⁰fflm⁰ssfi
1638 2220 1668 2273 θῑ
1695 2213 1822 2288 ⁸P0⁵i⁰¹i
1845 2213 1896 2270 ¹¹⁵1

178 2314 318 2372 eamdem
330 2314 506 2389 patientiam
520 2329 574 2386 per
589 2312 799 2385 cogitationem
810 2319 934 2371 armate.
953 2314 1010 2371 Sed
1065 2305 1237 2376 ⁸¹111228i⁰¹1t
1259 2305 1290 2362 in
1314 2304 1454 2378 Plffisessii
1482 2308 1688 2375 monstratur3
1713 2308 1743 2362 0²
1761 2302 1896 2379 episcopi

178 2406 280 2461 Petrus
294 2418 455 2476 percussus
469 2401 500 2458 in
514 2401 605 2458 latere
620 2401 844 2474 expergiscitur,
856 2402 929 2475 quia
940 2417 1010 2476 pec·
1062 2394 1163 2463 hodie,
1188 2410 1249 2451 non
1269 2392 1333 2450 sine
1360 2393 1431 2450 certi
1457 2409 1550 2450 cansa
1580 2392 1728 2467 mysterii,
1758 2397 1893 2450 utuntur.

178 2496 261 2549 cator
282 2507 336 2565 per
357 2490 597 2548 recordationem
628 2489 788 2546 Dominicae
813 2489 963 2563 passionis
991 2506 1010 2548 a
1062 2486 1133 2540 Pars
1147 2498 1218 2553 ergo
1227 2483 1320 2555 hujus
1335 2481 1530 2540 calceamenti
1544 2498 1612 2556 quoe
1626 2497 1681 2555 per
1702 2486 1814 2540 terram
1836 2485 1894 2539 tra·

179 2597 286 2640 somno
300 2597 362 2638 sure
372 2579 482 2638 inertia
498 2579 643 2637 excitatur
657 2598 664 2648 ;
678 2579 821 2636 excitatus
832 2583 933 2636 eutem
947 2596 1010 2636 sur-
1061 2574 1151 2642 hitnr,
1167 2572 1386 2648 providentiam
1413 2572 1563 2644 significat
1586 2572 1811 2647 temporalium,
1839 2588 1894 2646 per

178 2686 247 2743 gere
261 2669 400 2728 velociter
409 2669 575 2742 imperatur
592 2686 599 2724 z
621 2674 662 2738 ut,
676 2667 729 2743 qui
743 2673 867 2726 eatenus
879 2673 1009 2742 prostra-
1061 2680 1156 2738 quam
1168 2661 1295 2719 subditis
1309 2678 1328 2719 a
1341 2661 1471 2736 praelatis
1499 2667 1615 2719 terrena
1640 2661 1776 2720 subsidia
1804 2660 1894 2719 mini-

178 2765 225 2838 tus
238 2759 269 2816 in
284 2759 376 2817 cubili
387 2759 552 2833 iniquitatis
564 2757 700 2830 jacebat,
724 2774 806 2816 nunc
831 2757 1007 2816 humiliatus
1063 2753 1284 2810 summaries
1299 2757 1402 2808 antem
1415 2753 1561 2826 superior,
1588 2768 1657 2826 qua
1682 2751 1794 2826 pedem
1820 2752 1894 2808 inte·

176 2847 383 2923 pergratiam,
399 2847 480 2904 mala
490 2863 559 2920 qua
574 2847 755 2920 perpetravit
769 2847 926 2920 relinquat.
954 2845 1007 2903 Ubi
1061 2846 1142 2898 ctum
1155 2859 1193 2898 ex
1205 2845 1290 2916 parte
1305 2844 1442 2913 ostentat,
1459 2845 1504 2897 est
1517 2840 1730 2915 contemplatio
1751 2856 1895 2915 superno-

176 2937 346 2995 notandum
360 2936 443 3009 quod
458 2950 519 2992 non
535 2935 633 2992 solum
644 2951 775 3007 surgere,
790 2935 947 2992 sedetiam
958 2951 1007 2992 ve
1025 2969 1045 3027 C
1061 2946 1139 3000 rum,
1148 2946 1305 3006 perquam
1320 2937 1349 2988 et
1361 2930 1504 3006 prelatus
1515 2930 1578 3004 ipse
1606 2930 1715 2988 divinis
1740 2929 1895 2988 revelatio-

177 3024 282 3082 lociter
297 3039 419 3095 surgere
443 3024 565 3096 jubetur
582 3025 676 3098 ;quia
691 3030 761 3082 sunt
785 3024 923 3082 nonnulli
941 3024 1004 3099 qui,
1059 3019 1150 3076 nibus
1166 3020 1308 3094 pascitur,
1324 3019 1408 3078 ethis
1419 3020 1473 3094 qui
1483 3019 1540 3076 sibi
1555 3019 1708 3077 commissi
1722 3023 1791 3076 eunt
1803 3017 1892 3092 spiri·

177 3115 268 3172 etiam
282 3119 351 3188 post
364 3112 615 3171 illuminationem
642 3113 754 3185 gratiae,
781 3113 898 3172 bonum
923 3115 1006 3190 quod
1060 3110 1171 3167 tualem
1182 3109 1893 3184 alimoniamimpartitur.llaecsandelial’etrum

176 3220 230 3278 per
252 3203 433 3261 intellectum
461 3203 571 3272 vident,
596 3203 680 3279 pigre
709 3209 922 3278 exsequuntur.
950 3205 1007 3263 Sed
1060 3199 1184 3270 angelus
1192 3199 1325 3256 calceare
1333 3200 1484 3275 praecepit,
1496 3199 1569 3272 qnia
1580 3199 1743 3271 etdignum
1751 3197 1842 3256 valde
1850 3203 1895 3255 est

176 3293 316 3352 velociter
331 3294 501 3365 exsurgenti
515 3298 627 3350 catena
642 3294 681 3350 de
705 3293 848 3350 manibus
871 3294 984 3351 cadunt
998 3313 1005 3364 3
1059 3294 1092 3346 ut
1102 3290 1127 3345 is
1135 3289 1175 3346 ad
1183 3306 1275 3363 quem
1287 3289 1477 3348 liberandum
1488 3289 1632 3347 Dominus
1646 3289 1788 3361 angelum
1802 3305 1894 3346 suum

174 3383 247 3458 quia
261 3382 313 3457 qui
325 3383 441 3441 bonum
451 3383 535 3457 quod
549 3381 749 3453 agnovitcum
763 3381 877 3438 fervore
886 3381 1007 3455 spiritus
1058 3379 1155 3448 mittit,
1172 3379 1212 3436 ad
1226 3395 1294 3436 eam
1305 3379 1489 3453 quandoque
1499 3377 1712 3452 perfectionem
1726 3377 1855 3448 attingat
1861 3379 1894 3433 ut

175 3472 289 3546 arripit,
315 3470 466 3545 quidquid
491 3486 562 3526 cum
584 3469 751 3543 praepedire
778 3473 895 3543 poterat
915 3471 1006 3527 citius
1058 3467 1249 3542 proximisad
1259 3468 1468 3525 necessitatem
1480 3473 1640 3541 utramque
1650 3467 1788 3525 sufficiet.
1800 3464 1831 3524 Si
1842 3481 1893 3523 au-

175 3559 335 3616 evanescit.
362 3562 488 3616 catenas
515 3557 596 3616 enim
621 3557 759 3632 superius
774 3573 839 3615 esse
863 3559 1004 3628 diximus,
1058 3561 1119 3614 tom
1131 3557 1214 3631 quod
1225 3557 1333 3614 dicitur
1349 3575 1356 3614 :
1371 3558 1564 3630 Pri-recingere
1577 3563 1604 3615 et
1617 3559 1719 3616 cotem
1734 3563 1763 3615 te
1776 3557 1892 3628 caimos

174 3662 301 3721 pravam
331 3645 580 3704 consuetudinem
607 3649 636 3702 et
663 3645 1005 3720 desperationemque
1058 3645 1333 3714 tuns,addoctores
1357 3645 1572 3704 ecclesiasticos
1601 3645 1767 3721 specialiter
1794 3643 1895 3702 referi·

175 3739 310 3836 utqaeque
325 3733 465 3792 velociter
480 3732 650 3805 exsurgenti
664 3732 702 3792 da
715 3733 858 3791 manibus
873 3736 1004 3805 cadunt;
1057 3753 1138 3808 mus,
1147 3736 1295 3810 quibuset
1307 3737 1431 3794 dicitnr:
1442 3737 1508 3794 Sint
1520 3737 1712 3794 iamitvcstri
1720 3738 1893 3812 praetacti

173 3841 256 3899 quia,
273 3840 344 3880 cum
358 3823 461 3880 andita
469 3822 683 3898 predicatione
697 3823 735 3880 de
746 3824 875 3898 torporis
890 3826 934 3881 sui
946 3824 1006 3882 lec·
1058 3829 1105 3881 et:
1120 3823 1255 3882 catceati
1260 3825 1350 3895 pectes
1359 3825 1391 3881 irc
1394 3825 1620 3895 preparatione
1626 3824 1790 3896 Evangelii
1792 3827 1890 3896 pects,

175 3918 205 3971 to
220 3913 284 3972 sine
299 3929 385 3970 mora
394 3916 535 3986 peccator
547 3912 690 3983 exsurgit,
706 3928 762 3969 nec
780 3913 926 3985 peccandi
938 3930 1008 3971 oon-
1058 3913 1226 3970 notandum
1240 3928 1432 3987 summopere
1446 3913 1583 3987 estquod
1595 3912 1680 3986 prius
1692 3914 1844 3986 precingi
1863 3920 1894 3972 et

175 4005 304 4062 suetudo
326 4004 405 4061 valet
423 4003 509 4060 illum
523 4002 563 4059 ad
578 4007 736 4076 peecatum
764 4004 923 4072 retrahere,
950 4020 1006 4063 nec
1058 4003 1257 4078 postmodum
1267 4005 1400 4062 calceari
1411 4003 1594 4077 praecipitur,
1607 4003 1681 4077 quia
1694 4003 1838 4060 nimirum
1848 4021 1894 4062 re-

174 4093 372 4166 desperatioa
386 4092 537 4165 speranda
551 4091 738 4163 indulgentia
757 4091 915 4151 deterrere.
1059 4097 1141 4150 ctum
1154 4091 1292 4150 ordinem
1304 4091 1335 4149 in
1351 4107 1406 4148 sua
1420 4091 1537 4150 actione
1549 4106 1610 4148 non
1626 4094 1728 4149 servat
1739 4091 1793 4165 qui
1806 4092 1892 4164 prius

211 4184 276 4238 ltili.
294 4181 432 4255 Sequitur
447 4199 453 4237 :
468 4182 554 4239 Discit
569 4187 668 4238 cratem
694 4182 819 4253 angelus
850 4183 891 4240 cd
915 4197 1002 4240 cam:
1058 4183 1150 4257 pedes
1167 4198 1237 4238 suos
1251 4181 1291 4238 ad
1305 4179 1574 4252 evangelizandum
1590 4179 1712 4250 calceat,
1737 4195 1833 4254 quem
1846 4197 1893 4238 re-

173 4270 373 4342 Pracinqcra
390 4273 419 4325 et
433 4269 536 4327 calceo
550 4275 579 4326 tc
592 4271 795 4341 caligarium.
810 4271 851 4327 iit
864 4272 938 4342 fecit
950 4273 1002 4329 sic.
1021 4324 1045 4381 D
1059 4287 1114 4328 nes
1128 4287 1200 4328 suos
1214 4269 1461 4328 balteomstitatis
1469 4269 1638 4341 restringat.
1652 4267 1711 4327 Sed
1721 4268 1806 4343 prius
1817 4285 1893 4344 prae

174 4358 225 4416 liic
240 4358 341 4426 etiam,
353 4358 440 4429 juxta
454 4357 592 4429 litteram,
619 4357 657 4414 de
682 4358 789 4416 virtute
816 4359 1004 4418 discretionis
1060 4359 1206 4432 cingatur,
1222 4359 1459 4433 etpostmodum
1474 4358 1640 4428 calccatur;
1654 4363 1688 4416 ut
1700 4359 1784 4434 prius
1798 4359 1832 4417 in
1858 4377 1891 4418 se

172 4445 359 4504 instruimur.
376 4447 476 4502 Petrus
490 4445 580 4515 enim,
595 4450 628 4502 ut
654 4445 747 4518 frigus
760 4448 855 4504 noctis
884 4448 940 4506 sibi
953 4448 1004 4506 ali-
1057 4448 1182 4507 luxurim
1191 4448 1469 4523 fluxumpudicitiae
1484 4449 1582 4522 rigore
1592 4449 1760 4523 restringat,
1781 4453 1811 4507 et
1836 4466 1892 4525 po

173 4535 353 4611 quantulum
368 4539 556 4609 temperaret,
580 4536 793 4592 vestimentum
818 4553 880 4610 qno
902 4537 1006 4594 indue
1059 4543 1132 4607 stea,
1143 4539 1174 4595 in
1189 4539 1287 4612 seipso
1299 4538 1364 4611 jam
1371 4542 1507 4613 pacatus,
1520 4538 1552 4596 in
1560 4539 1778 4614 praeparatione
1790 4541 1890 4598 Evan-

173 4625 273 4698 batur,
284 4625 381 4683 soluto
395 4623 527 4697 cingulo,
543 4623 621 4681 circa
644 4624 737 4698 pedes
763 4624 884 4682 dimisit.
901 4627 1006 4682 Exem·
1057 4627 1126 4700 gelii
1139 4627 1222 4702 pacis
1233 4626 1371 4684 calceatis
1386 4625 1515 4701 pedibus
1529 4627 1658 4686 incedat.
1674 4627 1828 4688 Calceatos
1838 4645 1891 4686 au-

173 4716 257 4791 plum
272 4715 361 4773 nobis
381 4713 511 4772 infirmis
529 4714 679 4788 prebens,
705 4730 776 4770 cum
796 4714 843 4770 vel
868 4715 1006 4772 humana
1057 4721 1117 4774 tem
1133 4716 1226 4790 pedes
1242 4714 1354 4774 hebere
1369 4716 1581 4790 predicatores
1605 4715 1760 4789 jubentur,
1789 4721 1823 4776 ut
1848 4717 1891 4775 ad

173 4806 286 4864 sevitia
298 4805 458 4875 afficimur,
482 4803 530 4861 vel
550 4803 683 4877 corporis
709 4801 880 4860 infirmitate
897 4819 1004 4876 grava-
1057 4803 1282 4879 predicandum
1294 4806 1390 4878 parati
1402 4821 1591 4878 semperesse
1603 4805 1713 4864 debere
1722 4810 1892 4864 monstran-

173 4912 251 4964 mur,
267 4895 355 4951 licere
370 4893 458 4952 nobis
474 4892 589 4966 aliquid
607 4891 645 4949 de
672 4891 818 4966 propositi
840 4891 937 4963 rigore
959 4893 1004 4950 la·
1057 4898 1114 4952 tun
1130 4897 1205 4952 Nam
1219 4894 1307 4967 quasi
1321 4892 1516 4951 discalceatus
1524 4893 1891 4970 predicatorestquinon

172 4999 244 5040 xare
258 5001 264 5039 ε
281 4987 323 5051 ut,
339 4983 414 5039 dum
427 4981 579 5053 fragilitati
594 4981 726 5055 corporis
738 4981 769 5038 in
782 4979 914 5038 minimis
935 4997 1005 5042 con.
1057 4989 1228 5058 semperest
1237 4983 1277 5040 ad
1287 4983 1459 5041 docendum
1469 4987 1594 5057 paratus
1607 5001 1614 5054 ;
1629 5001 1721 5059 mem
1735 5001 1806 5043 cum
1819 4985 1892 5044 sul>

173 5071 396 5140 descendimus,
413 5071 581 5130 viresillinc
596 5071 728 5143 majores
741 5071 781 5128 ad
803 5071 1004 5129 exercendum
1056 5074 1135 5131 ditus
1149 5074 1187 5132 de
1213 5073 1315 5146 aliqua
1339 5073 1510 5130 necessaria
1534 5074 1692 5148 questione
1715 5075 1889 5148 interrogat,

175 5165 327 5217 certamen
340 5159 410 5217 fidei
437 5177 624 5236 reparemus
649 5163 737 5218 iuxta
763 5160 912 5217 internam
932 5177 1004 5218 vero
1056 5163 1126 5220 hinc
1138 5163 1271 5237 primum
1285 5161 1388 5235 incipit
1398 5177 1542 5236 quarere,
1553 5179 1624 5220 cum
1639 5163 1748 5222 debeat
1761 5179 1890 5238 respon-

172 5249 399 5320 intclligentiam
425 5251 603 5323 predicator
632 5255 822 5326 peccatorem
860 5251 1005 5324 precingi
1057 5252 1136 5309 dere.
1155 5255 1213 5308 lloc
1243 5251 1466 5327 praedicationis
1497 5251 1703 5310 calceamento
1727 5253 1890 5326 magistros

172 5341 311 5414 imperat,
325 5354 396 5395 cum
407 5339 493 5397 illum
508 5341 643 5400 hortatur
657 5346 691 5398 ut
704 5340 829 5398 luxuria
845 5340 927 5398 fluxa
941 5342 1003 5398 cin·
1057 5341 1195 5398 Ecclesia
1209 5345 1310 5398 Petrus
1331 5339 1495 5412 calceabat,
1525 5357 1595 5398 curn
1618 5341 1749 5400 diceret:
1778 5343 1892 5401 Parati

172 5429 243 5504 gulo
259 5427 403 5488 castitatis
418 5431 584 5503 restringat.
611 5435 671 5490 lloc
694 5432 812 5503 singulo
840 5432 1004 5507 discipulos
1056 5444 1171 5499 semper
1185 5430 1226 5486 cd
1237 5429 1472 5499 satisfactionem
1492 5432 1574 5488 omni
1581 5431 1719 5501 poscenti
1731 5445 1781 5488 vos
1795 5431 1889 5488 catio

172 5537 245 5578 suos
256 5517 398 5577 castitatis
412 5519 555 5590 magister
563 5521 777 5595 praecingebat,
794 5538 863 5578 cum
874 5520 1001 5578 diceret:
1057 5533 1123 5575 nem
1132 5517 1212 5588 fidei,
1226 5519 1262 5576 dc
1272 5533 1306 5576 cn
1319 5532 1386 5589 qnoe
1395 5518 1427 5574 in
1442 5519 1522 5575 vobis
1537 5525 1580 5576 est
1593 5535 1654 5591 spe.
1668 5517 1727 5576 Sed
1741 5518 1782 5576 ad
1807 5519 1888 5576 hano

171 5611 240 5670 serr
253 5608 348 5668 inmte
373 5610 643 5682 nestripracinctt.
674 5614 715 5670 De
738 5611 930 5685 hocquoque
943 5609 1002 5670 cin·
1057 5608 1269 5684 perfectionem
1283 5608 1331 5668 iiie
1345 5608 1531 5684 quandoque
1540 5609 1682 5688 pertingit
1695 5607 1760 5686 qui,
1768 5609 1888 5671 eumad
