<?xml version="1.0" encoding="UTF-8"?>
<!DOCTYPE html PUBLIC "-//W3C//DTD XHTML 1.0 Transitional//EN"
    "http://www.w3.org/TR/xhtml1/DTD/xhtml1-transitional.dtd">
<html xmlns="http://www.w3.org/1999/xhtml" xml:lang="en" lang="en">
 <head>
  <title>
</title>
<meta http-equiv="Content-Type" content="text/html;charset=utf-8" />
  <meta name='ocr-system' content='tesseract 3.04.00' />
  <meta name='ocr-capabilities' content='ocr_page ocr_carea ocr_par ocr_line ocrx_word'/>
</head>
<body>
  <div class='ocr_page' id='page_1' title='image "./patrologiaecurs127unkngoog_0469.png"; bbox 0 0 3998 6182; ppageno 0'>
   <div class='ocr_carea' id='block_1_1' title="bbox 100 132 1816 222">
    <p class='ocr_par' dir='ltr' id='par_1_1' title="bbox 100 132 1816 222">
     <span class='ocr_line' id='line_1_1' title="bbox 100 132 1816 222; baseline -0.003 -20"><span class='ocrx_word' id='word_1_1' title='bbox 100 147 154 202; x_wconf 69' lang='lat' dir='ltr'><strong>m</strong></span> <span class='ocrx_word' id='word_1_2' title='bbox 398 158 400 164; x_wconf 89' lang='lat'>&#39;</span> <span class='ocrx_word' id='word_1_3' title='bbox 639 157 641 160; x_wconf 83' lang='grc'><strong><em>·</em></strong></span> <span class='ocrx_word' id='word_1_4' title='bbox 913 132 1004 200; x_wconf 63' lang='lat' dir='ltr'><strong>VM·</strong></span> <span class='ocrx_word' id='word_1_5' title='bbox 1759 161 1816 222; x_wconf 55' lang='lat' dir='ltr'>ss</span> 
     </span>
    </p>
   </div>
   <div class='ocr_carea' id='block_1_2' title="bbox 94 253 1817 4079">
    <p class='ocr_par' dir='ltr' id='par_1_2' title="bbox 100 253 1815 704">
     <span class='ocr_line' id='line_1_2' title="bbox 100 253 1815 356; baseline -0.001 -32"><span class='ocrx_word' id='word_1_6' title='bbox 100 272 208 326; x_wconf 84' lang='lat' dir='ltr'><strong>sancta</strong></span> <span class='ocrx_word' id='word_1_7' title='bbox 231 265 326 324; x_wconf 81' lang='lat' dir='ltr'><strong>David</strong></span> <span class='ocrx_word' id='word_1_8' title='bbox 351 280 464 322; x_wconf 84' lang='lat' dir='ltr'><strong>causus</strong></span> <span class='ocrx_word' id='word_1_9' title='bbox 478 263 682 322; x_wconf 69' lang='lat' dir='ltr'><strong>meditabatur</strong></span> <span class='ocrx_word' id='word_1_10' title='bbox 697 263 794 334; x_wconf 54' lang='lat' dir='ltr'><strong>mam</strong></span> <span class='ocrx_word' id='word_1_11' title='bbox 818 258 970 320; x_wconf 78' lang='lat' dir='ltr'><strong>hominia</strong></span> <span class='ocrx_word' id='word_1_12' title='bbox 985 253 1158 338; x_wconf 70' lang='lat' dir='ltr'><strong>Dei&#39;ahjeeit</strong></span> <span class='ocrx_word' id='word_1_13' title='bbox 1169 287 1190 332; x_wconf 61' lang='lat' dir='ltr'><strong>a</strong></span> <span class='ocrx_word' id='word_1_14' title='bbox 1200 287 1234 331; x_wconf 61' lang='lat' dir='ltr'><strong>aa</strong></span> <span class='ocrx_word' id='word_1_15' title='bbox 1245 273 1423 343; x_wconf 57' lang='lat' dir='ltr'><strong>jumen</strong></span> <span class='ocrx_word' id='word_1_16' title='bbox 1436 275 1602 340; x_wconf 58' lang='lat' dir='ltr'><strong>mama„</strong></span> <span class='ocrx_word' id='word_1_17' title='bbox 1612 279 1731 350; x_wconf 54' lang='lat' dir='ltr'><strong>mag,</strong></span> <span class='ocrx_word' id='word_1_18' title='bbox 1742 297 1815 356; x_wconf 55' lang='lat' dir='ltr'><strong>q„</strong></span> 
     </span>
     <span class='ocr_line' id='line_1_3' title="bbox 102 351 1813 435; baseline 0.011 -22"><span class='ocrx_word' id='word_1_19' title='bbox 102 357 150 414; x_wconf 91' lang='lat' dir='ltr'><strong>die</strong></span> <span class='ocrx_word' id='word_1_20' title='bbox 167 373 202 414; x_wconf 87' lang='lat' dir='ltr'><strong>ac</strong></span> <span class='ocrx_word' id='word_1_21' title='bbox 216 359 313 424; x_wconf 68' lang='lat' dir='ltr'><strong>nocta</strong></span> <span class='ocrx_word' id='word_1_22' title='bbox 329 359 362 411; x_wconf 92' lang='lat' dir='ltr'><strong>ut</strong></span> <span class='ocrx_word' id='word_1_23' title='bbox 373 354 480 428; x_wconf 84' lang='lat' dir='ltr'><strong>procul</strong></span> <span class='ocrx_word' id='word_1_24' title='bbox 491 353 586 410; x_wconf 86' lang='lat' dir='ltr'><strong>dubio</strong></span> <span class='ocrx_word' id='word_1_25' title='bbox 599 353 628 410; x_wconf 87' lang='lat' dir='ltr'><strong>si</strong></span> <span class='ocrx_word' id='word_1_26' title='bbox 643 351 818 410; x_wconf 82' lang='lat' dir='ltr'><strong>onnenrdari</strong></span> <span class='ocrx_word' id='word_1_27' title='bbox 845 353 936 423; x_wconf 88' lang='lat' dir='ltr'><strong>queat</strong></span> <span class='ocrx_word' id='word_1_28' title='bbox 986 361 1055 412; x_wconf 90' lang='lat' dir='ltr'><strong>sunt</strong></span> <span class='ocrx_word' id='word_1_29' title='bbox 1066 357 1217 422; x_wconf 88' lang='lat' dir='ltr'><strong>honorum</strong></span> <span class='ocrx_word' id='word_1_30' title='bbox 1231 361 1385 432; x_wconf 76' lang='lat' dir='ltr'><strong>suabsna,</strong></span> <span class='ocrx_word' id='word_1_31' title='bbox 1395 364 1503 426; x_wconf 79' lang='lat' dir='ltr'><strong>mundi</strong></span> <span class='ocrx_word' id='word_1_32' title='bbox 1515 364 1718 435; x_wconf 76' lang='lat' dir='ltr'><strong>glnnsnetis</strong></span> <span class='ocrx_word' id='word_1_33' title='bbox 1728 372 1813 432; x_wconf 79' lang='lat' dir='ltr'><strong>antis</strong></span> 
     </span>
     <span class='ocr_line' id='line_1_4' title="bbox 103 438 1815 534; baseline 0.008 -32"><span class='ocrx_word' id='word_1_34' title='bbox 103 445 177 502; x_wconf 91' lang='lat' dir='ltr'><strong>illud</strong></span> <span class='ocrx_word' id='word_1_35' title='bbox 190 443 273 518; x_wconf 92' lang='lat' dir='ltr'><strong>quod</strong></span> <span class='ocrx_word' id='word_1_36' title='bbox 285 445 323 500; x_wconf 90' lang='lat' dir='ltr'><strong>dc</strong></span> <span class='ocrx_word' id='word_1_37' title='bbox 338 443 527 500; x_wconf 88' lang='lat' dir='ltr'><strong>sanctissimo</strong></span> <span class='ocrx_word' id='word_1_38' title='bbox 537 445 621 498; x_wconf 89' lang='lat' dir='ltr'><strong>Patre</strong></span> <span class='ocrx_word' id='word_1_39' title='bbox 633 443 791 498; x_wconf 86' lang='lat' dir='ltr'><strong>Benedicta</strong></span> <span class='ocrx_word' id='word_1_40' title='bbox 802 438 936 514; x_wconf 85' lang='lat' dir='ltr'><strong>speciali-</strong></span> <span class='ocrx_word' id='word_1_41' title='bbox 986 461 1074 502; x_wconf 92' lang='lat' dir='ltr'><strong>suum</strong></span> <span class='ocrx_word' id='word_1_42' title='bbox 1088 447 1240 506; x_wconf 87' lang='lat' dir='ltr'><strong>collocans</strong></span> <span class='ocrx_word' id='word_1_43' title='bbox 1250 451 1437 522; x_wconf 88' lang='lat' dir='ltr'><strong>thesaurum,</strong></span> <span class='ocrx_word' id='word_1_44' title='bbox 1448 457 1637 528; x_wconf 89' lang='lat' dir='ltr'><strong>propterhoc</strong></span> <span class='ocrx_word' id='word_1_45' title='bbox 1648 457 1738 531; x_wconf 88' lang='lat' dir='ltr'><strong>hujus</strong></span> <span class='ocrx_word' id='word_1_46' title='bbox 1747 477 1815 534; x_wconf 87' lang='lat' dir='ltr'><strong>por-</strong></span> 
     </span>
     <span class='ocr_line' id='line_1_5' title="bbox 102 533 1814 617; baseline 0.006 -24"><span class='ocrx_word' id='word_1_47' title='bbox 102 541 146 593; x_wconf 88' lang='lat' dir='ltr'><strong>tcr</strong></span> <span class='ocrx_word' id='word_1_48' title='bbox 160 535 274 591; x_wconf 90' lang='lat' dir='ltr'><strong>dictum</strong></span> <span class='ocrx_word' id='word_1_49' title='bbox 288 537 332 590; x_wconf 90' lang='lat' dir='ltr'><strong>est</strong></span> <span class='ocrx_word' id='word_1_50' title='bbox 348 551 355 588; x_wconf 77' lang='grc' dir='ltr'>ε</span> <span class='ocrx_word' id='word_1_51' title='bbox 985 533 1026 589; x_wconf 91' lang='lat' dir='ltr'><strong>tio</strong></span> <span class='ocrx_word' id='word_1_52' title='bbox 1041 533 1137 591; x_wconf 76' lang='lat' dir='ltr'><strong>iactare</strong></span> <span class='ocrx_word' id='word_1_53' title='bbox 1150 542 1194 593; x_wconf 86' lang='lat' dir='ltr'><strong>est</strong></span> <span class='ocrx_word' id='word_1_54' title='bbox 1209 539 1297 594; x_wconf 78' lang='lat' dir='ltr'><strong>heus.</strong></span> <span class='ocrx_word' id='word_1_55' title='bbox 1309 542 1435 612; x_wconf 87' lang='lat' dir='ltr'><strong>itagnus</strong></span> <span class='ocrx_word' id='word_1_56' title='bbox 1455 541 1538 614; x_wconf 85' lang='lat' dir='ltr'><strong>apud</strong></span> <span class='ocrx_word' id='word_1_57' title='bbox 1557 545 1652 600; x_wconf 80' lang='lat' dir='ltr'><strong>baum</strong></span> <span class='ocrx_word' id='word_1_58' title='bbox 1667 545 1732 617; x_wconf 77' lang='lat' dir='ltr'><strong>ejus</strong></span> <span class='ocrx_word' id='word_1_59' title='bbox 1749 548 1814 604; x_wconf 89' lang='lat' dir='ltr'><strong>the-</strong></span> 
     </span>
     <span class='ocr_line' id='line_1_6' title="bbox 102 619 1815 704; baseline 0.006 -22"><span class='ocrx_word' id='word_1_60' title='bbox 102 625 273 682; x_wconf 83' lang='lat' dir='ltr'><strong>Psalmicen</strong></span> <span class='ocrx_word' id='word_1_61' title='bbox 286 623 423 680; x_wconf 71' lang='lat' dir='ltr'><strong>mancus</strong></span> <span class='ocrx_word' id='word_1_62' title='bbox 439 635 594 693; x_wconf 80' lang='lat' dir='ltr'><strong>nunqnam</strong></span> <span class='ocrx_word' id='word_1_63' title='bbox 614 621 706 678; x_wconf 84' lang='lat' dir='ltr'><strong>dabat</strong></span> <span class='ocrx_word' id='word_1_64' title='bbox 731 621 793 676; x_wconf 81' lang='lat' dir='ltr'><strong>otia</strong></span> <span class='ocrx_word' id='word_1_65' title='bbox 807 619 933 690; x_wconf 83' lang='lat' dir='ltr'><strong>plectra,</strong></span> <span class='ocrx_word' id='word_1_66' title='bbox 986 638 1103 692; x_wconf 90' lang='lat' dir='ltr'><strong>saurus,</strong></span> <span class='ocrx_word' id='word_1_67' title='bbox 1120 625 1257 696; x_wconf 88' lang='lat' dir='ltr'><strong>egregius</strong></span> <span class='ocrx_word' id='word_1_68' title='bbox 1277 633 1451 687; x_wconf 86' lang='lat' dir='ltr'><strong>sanctarum</strong></span> <span class='ocrx_word' id='word_1_69' title='bbox 1481 628 1652 690; x_wconf 89' lang='lat' dir='ltr'><strong>divitiarum</strong></span> <span class='ocrx_word' id='word_1_70' title='bbox 1666 635 1815 704; x_wconf 75' lang='lat' dir='ltr'><strong>cuminus,</strong></span> 
     </span>
    </p>

    <p class='ocr_par' dir='ltr' id='par_1_3' title="bbox 94 710 1817 4079">
     <span class='ocr_line' id='line_1_7' title="bbox 141 710 1817 796; baseline 0.007 -25"><span class='ocrx_word' id='word_1_71' title='bbox 141 717 238 771; x_wconf 83' lang='lat' dir='ltr'><strong>Sacra</strong></span> <span class='ocrx_word' id='word_1_72' title='bbox 255 727 364 770; x_wconf 82' lang='lat' dir='ltr'><strong>canens</strong></span> <span class='ocrx_word' id='word_1_73' title='bbox 376 711 448 768; x_wconf 86' lang='lat' dir='ltr'><strong>obiit</strong></span> <span class='ocrx_word' id='word_1_74' title='bbox 459 711 625 782; x_wconf 80' lang='lat' dir='ltr'><strong><em>psalmicen</em></strong></span> <span class='ocrx_word' id='word_1_75' title='bbox 640 710 773 766; x_wconf 83' lang='lat' dir='ltr'><strong>asiduus.</strong></span> <span class='ocrx_word' id='word_1_76' title='bbox 986 711 1083 768; x_wconf 90' lang='lat' dir='ltr'><strong>cubile</strong></span> <span class='ocrx_word' id='word_1_77' title='bbox 1094 715 1285 787; x_wconf 78' lang='lat' dir='ltr'><strong>reqrdctionir</strong></span> <span class='ocrx_word' id='word_1_78' title='bbox 1312 723 1423 776; x_wconf 84' lang='lat' dir='ltr'><strong>sanctae</strong></span> <span class='ocrx_word' id='word_1_79' title='bbox 1450 723 1641 792; x_wconf 88' lang='lat' dir='ltr'><strong>perpetuum,</strong></span> <span class='ocrx_word' id='word_1_80' title='bbox 1661 725 1748 796; x_wconf 78' lang='lat' dir='ltr'><strong>cnjus</strong></span> <span class='ocrx_word' id='word_1_81' title='bbox 1773 729 1817 783; x_wconf 87' lang='lat' dir='ltr'><strong>est</strong></span> 
     </span>
     <span class='ocr_line' id='line_1_8' title="bbox 104 795 1816 878; baseline 0.008 -19"><span class='ocrx_word' id='word_1_82' title='bbox 104 805 290 872; x_wconf 76' lang='lat' dir='ltr'>Cognoverat</span> <span class='ocrx_word' id='word_1_83' title='bbox 302 805 401 857; x_wconf 91' lang='lat' dir='ltr'><strong>autem</strong></span> <span class='ocrx_word' id='word_1_84' title='bbox 416 799 465 856; x_wconf 91' lang='lat' dir='ltr'><strong>hic</strong></span> <span class='ocrx_word' id='word_1_85' title='bbox 481 798 565 854; x_wconf 90' lang='lat' dir='ltr'><strong>miles</strong></span> <span class='ocrx_word' id='word_1_86' title='bbox 576 797 682 854; x_wconf 92' lang='lat' dir='ltr'><strong>beatus</strong></span> <span class='ocrx_word' id='word_1_87' title='bbox 697 795 827 854; x_wconf 76' lang='lat' dir='ltr'><strong>tunensi</strong></span> <span class='ocrx_word' id='word_1_88' title='bbox 842 795 935 852; x_wconf 86' lang='lat' dir='ltr'><strong>serris</strong></span> <span class='ocrx_word' id='word_1_89' title='bbox 986 803 1063 857; x_wconf 84' lang='lat' dir='ltr'><strong>Deus</strong></span> <span class='ocrx_word' id='word_1_90' title='bbox 1077 803 1248 875; x_wconf 72' lang='lat' dir='ltr'>propitiatio</span> <span class='ocrx_word' id='word_1_91' title='bbox 1261 806 1313 878; x_wconf 92' lang='lat' dir='ltr'><strong>qui</strong></span> <span class='ocrx_word' id='word_1_92' title='bbox 1327 807 1381 864; x_wconf 91' lang='lat' dir='ltr'><strong>luit</strong></span> <span class='ocrx_word' id='word_1_93' title='bbox 1394 807 1483 866; x_wconf 88' lang='lat' dir='ltr'><strong>totius</strong></span> <span class='ocrx_word' id='word_1_94' title='bbox 1493 811 1600 866; x_wconf 91' lang='lat' dir='ltr'><strong>mundi</strong></span> <span class='ocrx_word' id='word_1_95' title='bbox 1613 810 1760 870; x_wconf 80' lang='lat' dir='ltr'><strong>liberatio.</strong></span> <span class='ocrx_word' id='word_1_96' title='bbox 1772 818 1816 872; x_wconf 92' lang='lat' dir='ltr'><strong>in-</strong></span> 
     </span>
     <span class='ocr_line' id='line_1_9' title="bbox 102 883 1815 965; baseline 0.008 -19"><span class='ocrx_word' id='word_1_97' title='bbox 102 906 210 964; x_wconf 90' lang='lat' dir='ltr'><strong>pacem</strong></span> <span class='ocrx_word' id='word_1_98' title='bbox 218 905 284 946; x_wconf 91' lang='lat' dir='ltr'><strong>esse</strong></span> <span class='ocrx_word' id='word_1_99' title='bbox 297 889 424 944; x_wconf 90' lang='lat' dir='ltr'><strong>liberam</strong></span> <span class='ocrx_word' id='word_1_100' title='bbox 435 887 567 961; x_wconf 90' lang='lat' dir='ltr'><strong>quietem</strong></span> <span class='ocrx_word' id='word_1_101' title='bbox 590 883 794 958; x_wconf 81' lang='lat' dir='ltr'><strong>tranquillam,</strong></span> <span class='ocrx_word' id='word_1_102' title='bbox 810 883 934 957; x_wconf 86' lang='lat' dir='ltr'><strong>quando</strong></span> <span class='ocrx_word' id='word_1_103' title='bbox 986 892 1029 944; x_wconf 90' lang='lat' dir='ltr'><strong>ter</strong></span> <span class='ocrx_word' id='word_1_104' title='bbox 1039 888 1098 945; x_wconf 87' lang='lat' dir='ltr'><strong>aiia</strong></span> <span class='ocrx_word' id='word_1_105' title='bbox 1113 906 1206 946; x_wconf 92' lang='lat' dir='ltr'><strong>unum</strong></span> <span class='ocrx_word' id='word_1_106' title='bbox 1234 892 1381 965; x_wconf 79' lang='lat' dir='ltr'>quiddam</span> <span class='ocrx_word' id='word_1_107' title='bbox 1406 895 1519 952; x_wconf 89' lang='lat' dir='ltr'><strong>doloris</strong></span> <span class='ocrx_word' id='word_1_108' title='bbox 1545 897 1708 957; x_wconf 91' lang='lat' dir='ltr'><strong>nobishoc</strong></span> <span class='ocrx_word' id='word_1_109' title='bbox 1730 901 1815 960; x_wconf 83' lang='lat' dir='ltr'><strong>affert</strong></span> 
     </span>
     <span class='ocr_line' id='line_1_10' title="bbox 102 974 1813 1064; baseline 0.007 -28"><span class='ocrx_word' id='word_1_110' title='bbox 102 981 140 1036; x_wconf 93' lang='lat' dir='ltr'><strong>de</strong></span> <span class='ocrx_word' id='word_1_111' title='bbox 155 979 245 1051; x_wconf 80' lang='lat' dir='ltr'><strong>huJus</strong></span> <span class='ocrx_word' id='word_1_112' title='bbox 260 978 366 1035; x_wconf 91' lang='lat' dir='ltr'><strong>mundi</strong></span> <span class='ocrx_word' id='word_1_113' title='bbox 382 976 552 1034; x_wconf 84' lang='lat' dir='ltr'><strong>turbinibus</strong></span> <span class='ocrx_word' id='word_1_114' title='bbox 580 974 721 1034; x_wconf 77' lang='lat' dir='ltr'><strong>abstracti</strong></span> <span class='ocrx_word' id='word_1_115' title='bbox 735 974 776 1032; x_wconf 90' lang='lat' dir='ltr'><strong>ad</strong></span> <span class='ocrx_word' id='word_1_116' title='bbox 791 974 894 1034; x_wconf 86' lang='lat' dir='ltr'><strong>sedem</strong></span> <span class='ocrx_word' id='word_1_117' title='bbox 907 977 936 1033; x_wconf 86' lang='lat' dir='ltr'><strong>et</strong></span> <span class='ocrx_word' id='word_1_118' title='bbox 984 977 1068 1050; x_wconf 88' lang='lat' dir='ltr'><strong>quod</strong></span> <span class='ocrx_word' id='word_1_119' title='bbox 1083 977 1149 1036; x_wconf 86' lang='lat' dir='ltr'><strong>talis</strong></span> <span class='ocrx_word' id='word_1_120' title='bbox 1161 994 1196 1036; x_wconf 85' lang='lat' dir='ltr'><strong>ac</strong></span> <span class='ocrx_word' id='word_1_121' title='bbox 1211 983 1310 1040; x_wconf 86' lang='lat' dir='ltr'><strong>tantus</strong></span> <span class='ocrx_word' id='word_1_122' title='bbox 1324 981 1370 1037; x_wconf 87' lang='lat' dir='ltr'><strong>vir</strong></span> <span class='ocrx_word' id='word_1_123' title='bbox 1382 983 1446 1039; x_wconf 89' lang='lat' dir='ltr'><strong>sine</strong></span> <span class='ocrx_word' id='word_1_124' title='bbox 1461 983 1545 1040; x_wconf 90' lang='lat' dir='ltr'><strong>titulo</strong></span> <span class='ocrx_word' id='word_1_125' title='bbox 1570 989 1667 1045; x_wconf 79' lang='lat' dir='ltr'><strong>ornati</strong></span> <span class='ocrx_word' id='word_1_126' title='bbox 1693 989 1813 1064; x_wconf 88' lang='lat' dir='ltr'><strong>lapidis,</strong></span> 
     </span>
     <span class='ocr_line' id='line_1_11' title="bbox 103 1063 1813 1144; baseline 0.007 -20"><span class='ocrx_word' id='word_1_127' title='bbox 103 1069 294 1126; x_wconf 79' lang='lat' dir='ltr'><strong>securitatem</strong></span> <span class='ocrx_word' id='word_1_128' title='bbox 315 1067 416 1124; x_wconf 72' lang='lat' dir='ltr'><strong>aterni</strong></span> <span class='ocrx_word' id='word_1_129' title='bbox 440 1071 544 1142; x_wconf 87' lang='lat' dir='ltr'><strong>portus</strong></span> <span class='ocrx_word' id='word_1_130' title='bbox 571 1065 716 1121; x_wconf 90' lang='lat' dir='ltr'><strong>intrarent</strong></span> <span class='ocrx_word' id='word_1_131' title='bbox 734 1069 763 1120; x_wconf 87' lang='lat' dir='ltr'><strong>ct</strong></span> <span class='ocrx_word' id='word_1_132' title='bbox 791 1063 934 1136; x_wconf 88' lang='lat' dir='ltr'><strong>absorpta</strong></span> <span class='ocrx_word' id='word_1_133' title='bbox 985 1064 1048 1120; x_wconf 90' lang='lat' dir='ltr'><strong>sine</strong></span> <span class='ocrx_word' id='word_1_134' title='bbox 1059 1065 1191 1134; x_wconf 90' lang='lat' dir='ltr'><strong>nomine,</strong></span> <span class='ocrx_word' id='word_1_135' title='bbox 1209 1067 1272 1124; x_wconf 90' lang='lat' dir='ltr'><strong>sine</strong></span> <span class='ocrx_word' id='word_1_136' title='bbox 1284 1068 1386 1125; x_wconf 82' lang='lat' dir='ltr'><strong>litteris</strong></span> <span class='ocrx_word' id='word_1_137' title='bbox 1397 1071 1487 1142; x_wconf 86' lang='lat' dir='ltr'><strong>jacet,</strong></span> <span class='ocrx_word' id='word_1_138' title='bbox 1503 1073 1588 1144; x_wconf 87' lang='lat' dir='ltr'><strong>cujus</strong></span> <span class='ocrx_word' id='word_1_139' title='bbox 1602 1075 1632 1130; x_wconf 93' lang='lat' dir='ltr'><strong>in</strong></span> <span class='ocrx_word' id='word_1_140' title='bbox 1646 1081 1707 1134; x_wconf 90' lang='lat' dir='ltr'><strong>toto</strong></span> <span class='ocrx_word' id='word_1_141' title='bbox 1721 1083 1813 1136; x_wconf 86' lang='lat' dir='ltr'><strong>terra-</strong></span> 
     </span>
     <span class='ocr_line' id='line_1_12' title="bbox 102 1151 1811 1226; baseline 0.006 -12"><span class='ocrx_word' id='word_1_142' title='bbox 102 1161 198 1214; x_wconf 90' lang='lat' dir='ltr'><strong>morte</strong></span> <span class='ocrx_word' id='word_1_143' title='bbox 207 1157 246 1213; x_wconf 91' lang='lat' dir='ltr'><strong>ad</strong></span> <span class='ocrx_word' id='word_1_144' title='bbox 259 1155 513 1214; x_wconf 87' lang='lat' dir='ltr'><strong>immortalitatem</strong></span> <span class='ocrx_word' id='word_1_145' title='bbox 525 1153 844 1210; x_wconf 83' lang='lat' dir='ltr'><strong>venirent.chtinahat</strong></span> <span class='ocrx_word' id='word_1_146' title='bbox 852 1151 933 1207; x_wconf 87' lang='lat' dir='ltr'><strong>enim</strong></span> <span class='ocrx_word' id='word_1_147' title='bbox 983 1168 1052 1209; x_wconf 88' lang='lat' dir='ltr'><strong>rum</strong></span> <span class='ocrx_word' id='word_1_148' title='bbox 1067 1153 1140 1210; x_wconf 89' lang='lat' dir='ltr'><strong>orbe</strong></span> <span class='ocrx_word' id='word_1_149' title='bbox 1153 1155 1249 1226; x_wconf 55' lang='lat' dir='ltr'><strong>moria</strong></span> <span class='ocrx_word' id='word_1_150' title='bbox 1268 1161 1297 1212; x_wconf 87' lang='lat' dir='ltr'><strong>ct</strong></span> <span class='ocrx_word' id='word_1_151' title='bbox 1310 1158 1456 1214; x_wconf 89' lang='lat' dir='ltr'><strong>memoria</strong></span> <span class='ocrx_word' id='word_1_152' title='bbox 1478 1159 1510 1215; x_wconf 84' lang='lat' dir='ltr'><strong>iu</strong></span> <span class='ocrx_word' id='word_1_153' title='bbox 1539 1161 1744 1223; x_wconf 86' lang='lat' dir='ltr'><strong>benedictione</strong></span> <span class='ocrx_word' id='word_1_154' title='bbox 1758 1171 1811 1224; x_wconf 90' lang='lat' dir='ltr'><strong>est.</strong></span> 
     </span>
     <span class='ocr_line' id='line_1_13' title="bbox 102 1240 1814 1325; baseline 0.005 -22"><span class='ocrx_word' id='word_1_155' title='bbox 102 1263 194 1320; x_wconf 85' lang='lat' dir='ltr'><strong>supra</strong></span> <span class='ocrx_word' id='word_1_156' title='bbox 209 1245 370 1302; x_wconf 89' lang='lat' dir='ltr'><strong>nominatis</strong></span> <span class='ocrx_word' id='word_1_157' title='bbox 385 1243 541 1300; x_wconf 87' lang='lat' dir='ltr'><strong>virtutibus</strong></span> <span class='ocrx_word' id='word_1_158' title='bbox 563 1243 600 1299; x_wconf 93' lang='lat' dir='ltr'><strong>de</strong></span> <span class='ocrx_word' id='word_1_159' title='bbox 613 1241 753 1315; x_wconf 69' lang='lat' dir='ltr'><strong>praesenti</strong></span> <span class='ocrx_word' id='word_1_160' title='bbox 764 1240 880 1297; x_wconf 81' lang='lat' dir='ltr'><strong>tristitia</strong></span> <span class='ocrx_word' id='word_1_161' title='bbox 894 1240 933 1296; x_wconf 87' lang='lat' dir='ltr'><strong>ad</strong></span> <span class='ocrx_word' id='word_1_162' title='bbox 985 1241 1112 1299; x_wconf 85' lang='lat' dir='ltr'><strong>Proinde</strong></span> <span class='ocrx_word' id='word_1_163' title='bbox 1123 1244 1322 1301; x_wconf 81' lang='lat' dir='ltr'><strong>omuisreculo</strong></span> <span class='ocrx_word' id='word_1_164' title='bbox 1330 1247 1442 1319; x_wconf 88' lang='lat' dir='ltr'><strong>proluit</strong></span> <span class='ocrx_word' id='word_1_165' title='bbox 1454 1251 1481 1304; x_wconf 91' lang='lat' dir='ltr'><strong>et</strong></span> <span class='ocrx_word' id='word_1_166' title='bbox 1493 1251 1625 1321; x_wconf 78' lang='lat' dir='ltr'><strong>proderit</strong></span> <span class='ocrx_word' id='word_1_167' title='bbox 1634 1253 1724 1325; x_wconf 85' lang='lat' dir='ltr'><strong>hujus</strong></span> <span class='ocrx_word' id='word_1_168' title='bbox 1736 1271 1814 1312; x_wconf 85' lang='lat' dir='ltr'><strong>sere-</strong></span> 
     </span>
     <span class='ocr_line' id='line_1_14' title="bbox 101 1328 1815 1406; baseline 0.005 -15"><span class='ocrx_word' id='word_1_169' title='bbox 101 1335 234 1392; x_wconf 79' lang='lat' dir='ltr'><strong>laetitiam</strong></span> <span class='ocrx_word' id='word_1_170' title='bbox 249 1334 349 1391; x_wconf 89' lang='lat' dir='ltr'><strong>venire</strong></span> <span class='ocrx_word' id='word_1_171' title='bbox 376 1348 549 1406; x_wconf 90' lang='lat' dir='ltr'><strong>perennem.</strong></span> <span class='ocrx_word' id='word_1_172' title='bbox 579 1330 701 1387; x_wconf 86' lang='lat' dir='ltr'><strong>Dicebat</strong></span> <span class='ocrx_word' id='word_1_173' title='bbox 714 1329 753 1386; x_wconf 88' lang='lat' dir='ltr'><strong>iili</strong></span> <span class='ocrx_word' id='word_1_174' title='bbox 769 1328 933 1402; x_wconf 88' lang='lat' dir='ltr'><strong>perlectum</strong></span> <span class='ocrx_word' id='word_1_175' title='bbox 983 1331 1100 1388; x_wconf 85' lang='lat' dir='ltr'><strong>nissimi</strong></span> <span class='ocrx_word' id='word_1_176' title='bbox 1113 1332 1191 1402; x_wconf 92' lang='lat' dir='ltr'><strong>regis</strong></span> <span class='ocrx_word' id='word_1_177' title='bbox 1205 1334 1291 1402; x_wconf 92' lang='lat' dir='ltr'><strong>ratio,</strong></span> <span class='ocrx_word' id='word_1_178' title='bbox 1307 1333 1355 1390; x_wconf 91' lang='lat' dir='ltr'><strong>cui</strong></span> <span class='ocrx_word' id='word_1_179' title='bbox 1368 1333 1572 1394; x_wconf 79' lang='lat' dir='ltr'><strong>indesinenter</strong></span> <span class='ocrx_word' id='word_1_180' title='bbox 1585 1339 1713 1404; x_wconf 82' lang='lat' dir='ltr'><strong>adhaesit</strong></span> <span class='ocrx_word' id='word_1_181' title='bbox 1725 1343 1815 1400; x_wconf 88' lang='lat' dir='ltr'><strong>accle-</strong></span> 
     </span>
     <span class='ocr_line' id='line_1_15' title="bbox 101 1418 1813 1496; baseline 0.005 -16"><span class='ocrx_word' id='word_1_182' title='bbox 101 1441 168 1480; x_wconf 90' lang='lat' dir='ltr'><strong>esse</strong></span> <span class='ocrx_word' id='word_1_183' title='bbox 188 1423 345 1496; x_wconf 89' lang='lat' dir='ltr'><strong>gaudium,</strong></span> <span class='ocrx_word' id='word_1_184' title='bbox 375 1422 428 1496; x_wconf 88' lang='lat' dir='ltr'><strong>qui</strong></span> <span class='ocrx_word' id='word_1_185' title='bbox 456 1420 624 1478; x_wconf 87' lang='lat' dir='ltr'><strong>elaboraret</strong></span> <span class='ocrx_word' id='word_1_186' title='bbox 652 1423 684 1474; x_wconf 87' lang='lat' dir='ltr'><strong>ut</strong></span> <span class='ocrx_word' id='word_1_187' title='bbox 707 1418 807 1474; x_wconf 86' lang='lat' dir='ltr'><strong>videre</strong></span> <span class='ocrx_word' id='word_1_188' title='bbox 833 1420 935 1491; x_wconf 85' lang='lat' dir='ltr'><strong>posset</strong></span> <span class='ocrx_word' id='word_1_189' title='bbox 984 1419 1120 1475; x_wconf 88' lang='lat' dir='ltr'><strong>siasticus</strong></span> <span class='ocrx_word' id='word_1_190' title='bbox 1135 1424 1164 1476; x_wconf 89' lang='lat' dir='ltr'><strong>et</strong></span> <span class='ocrx_word' id='word_1_191' title='bbox 1177 1421 1233 1477; x_wconf 80' lang='lat' dir='ltr'><strong>sibi</strong></span> <span class='ocrx_word' id='word_1_192' title='bbox 1249 1437 1369 1496; x_wconf 86' lang='lat' dir='ltr'><strong>semper</strong></span> <span class='ocrx_word' id='word_1_193' title='bbox 1384 1422 1522 1482; x_wconf 87' lang='lat' dir='ltr'><strong>amabilis</strong></span> <span class='ocrx_word' id='word_1_194' title='bbox 1531 1428 1714 1488; x_wconf 86' lang='lat' dir='ltr'><strong>monasticus</strong></span> <span class='ocrx_word' id='word_1_195' title='bbox 1728 1431 1813 1489; x_wconf 91' lang='lat' dir='ltr'><strong>ordo.</strong></span> 
     </span>
     <span class='ocr_line' id='line_1_16' title="bbox 100 1499 1814 1597; baseline 0.005 -30"><span class='ocrx_word' id='word_1_196' title='bbox 100 1513 251 1570; x_wconf 74' lang='lat' dir='ltr'><strong>Christum</strong></span> <span class='ocrx_word' id='word_1_197' title='bbox 266 1515 371 1569; x_wconf 87' lang='lat' dir='ltr'><strong>Deum.</strong></span> <span class='ocrx_word' id='word_1_198' title='bbox 389 1499 475 1566; x_wconf 77' lang='lat' dir='ltr'><strong>Exire</strong></span> <span class='ocrx_word' id='word_1_199' title='bbox 489 1509 552 1582; x_wconf 90' lang='lat' dir='ltr'><strong>ipse</strong></span> <span class='ocrx_word' id='word_1_200' title='bbox 560 1508 599 1564; x_wconf 89' lang='lat' dir='ltr'><strong>de</strong></span> <span class='ocrx_word' id='word_1_201' title='bbox 612 1509 669 1564; x_wconf 91' lang='lat' dir='ltr'><strong>hoc</strong></span> <span class='ocrx_word' id='word_1_202' title='bbox 680 1506 789 1564; x_wconf 71' lang='lat' dir='ltr'><strong>saeculo</strong></span> <span class='ocrx_word' id='word_1_203' title='bbox 797 1509 931 1582; x_wconf 73' lang='lat' dir='ltr'><strong>paratis.</strong></span> <span class='ocrx_word' id='word_1_204' title='bbox 984 1508 1069 1564; x_wconf 87' lang='lat' dir='ltr'><strong>llnnc</strong></span> <span class='ocrx_word' id='word_1_205' title='bbox 1083 1510 1215 1566; x_wconf 87' lang='lat' dir='ltr'><strong>Christus</strong></span> <span class='ocrx_word' id='word_1_206' title='bbox 1229 1513 1307 1568; x_wconf 86' lang='lat' dir='ltr'><strong>Deus</strong></span> <span class='ocrx_word' id='word_1_207' title='bbox 1319 1509 1435 1568; x_wconf 91' lang='lat' dir='ltr'><strong>bonum</strong></span> <span class='ocrx_word' id='word_1_208' title='bbox 1451 1513 1593 1570; x_wconf 90' lang='lat' dir='ltr'><strong>omnibus</strong></span> <span class='ocrx_word' id='word_1_209' title='bbox 1616 1516 1739 1574; x_wconf 89' lang='lat' dir='ltr'><strong>dederat</strong></span> <span class='ocrx_word' id='word_1_210' title='bbox 1760 1535 1814 1597; x_wconf 85' lang='lat' dir='ltr'><strong>pa·</strong></span> 
     </span>
     <span class='ocr_line' id='line_1_17' title="bbox 103 1595 1814 1686; baseline 0.004 -27"><span class='ocrx_word' id='word_1_211' title='bbox 103 1603 264 1659; x_wconf 83' lang='lat' dir='ltr'><strong>Dominmn</strong></span> <span class='ocrx_word' id='word_1_212' title='bbox 278 1603 380 1660; x_wconf 90' lang='lat' dir='ltr'><strong>Jcsum</strong></span> <span class='ocrx_word' id='word_1_213' title='bbox 395 1615 457 1655; x_wconf 86' lang='lat' dir='ltr'><strong>susa</strong></span> <span class='ocrx_word' id='word_1_214' title='bbox 469 1597 573 1654; x_wconf 92' lang='lat' dir='ltr'><strong>salutis</strong></span> <span class='ocrx_word' id='word_1_215' title='bbox 592 1601 680 1670; x_wconf 88' lang='lat' dir='ltr'><strong>atque</strong></span> <span class='ocrx_word' id='word_1_216' title='bbox 709 1595 839 1652; x_wconf 84' lang='lat' dir='ltr'><strong>utilitatis</strong></span> <span class='ocrx_word' id='word_1_217' title='bbox 867 1611 967 1668; x_wconf 77' lang='lat' dir='ltr'><strong>mat-g</strong></span> <span class='ocrx_word' id='word_1_218' title='bbox 984 1601 1070 1653; x_wconf 90' lang='lat' dir='ltr'><strong>trem.</strong></span> <span class='ocrx_word' id='word_1_219' title='bbox 1084 1603 1221 1655; x_wconf 82' lang='lat' dir='ltr'><strong>attamen</strong></span> <span class='ocrx_word' id='word_1_220' title='bbox 1235 1599 1307 1656; x_wconf 88' lang='lat' dir='ltr'><strong>libet</strong></span> <span class='ocrx_word' id='word_1_221' title='bbox 1321 1599 1466 1658; x_wconf 86' lang='lat' dir='ltr'><strong>adnotare</strong></span> <span class='ocrx_word' id='word_1_222' title='bbox 1479 1604 1627 1686; x_wconf 87' lang='lat' dir='ltr'><strong>paucisin</strong></span> <span class='ocrx_word' id='word_1_223' title='bbox 1648 1605 1709 1664; x_wconf 88' lang='lat' dir='ltr'><strong>tine</strong></span> <span class='ocrx_word' id='word_1_224' title='bbox 1722 1608 1814 1682; x_wconf 79' lang='lat' dir='ltr'><strong>hujus</strong></span> 
     </span>
     <span class='ocr_line' id='line_1_18' title="bbox 101 1686 1815 1764; baseline 0.005 -17"><span class='ocrx_word' id='word_1_225' title='bbox 101 1692 227 1763; x_wconf 81' lang='lat' dir='ltr'><strong>gistrum</strong></span> <span class='ocrx_word' id='word_1_226' title='bbox 251 1706 371 1764; x_wconf 84' lang='lat' dir='ltr'><strong>semper</strong></span> <span class='ocrx_word' id='word_1_227' title='bbox 400 1687 570 1748; x_wconf 86' lang='lat' dir='ltr'><strong>invocabat.</strong></span> <span class='ocrx_word' id='word_1_228' title='bbox 595 1688 640 1742; x_wconf 80' lang='lat' dir='ltr'><strong>ad</strong></span> <span class='ocrx_word' id='word_1_229' title='bbox 666 1687 829 1743; x_wconf 85' lang='lat' dir='ltr'><strong>videndam</strong></span> <span class='ocrx_word' id='word_1_230' title='bbox 853 1686 932 1756; x_wconf 83' lang='lat' dir='ltr'><strong>regis</strong></span> <span class='ocrx_word' id='word_1_231' title='bbox 985 1687 1087 1761; x_wconf 86' lang='lat' dir='ltr'><strong>Operis</strong></span> <span class='ocrx_word' id='word_1_232' title='bbox 1100 1687 1328 1746; x_wconf 88' lang='lat' dir='ltr'><strong>innumerosam</strong></span> <span class='ocrx_word' id='word_1_233' title='bbox 1355 1689 1447 1763; x_wconf 87' lang='lat' dir='ltr'><strong>hujus</strong></span> <span class='ocrx_word' id='word_1_234' title='bbox 1479 1693 1625 1751; x_wconf 88' lang='lat' dir='ltr'><strong>mirabilis</strong></span> <span class='ocrx_word' id='word_1_235' title='bbox 1649 1695 1815 1760; x_wconf 87' lang='lat' dir='ltr'><strong>bonitatem</strong></span> 
     </span>
     <span class='ocr_line' id='line_1_19' title="bbox 100 1775 1815 1855; baseline 0.005 -19"><span class='ocrx_word' id='word_1_236' title='bbox 100 1779 203 1838; x_wconf 75' lang='lat' dir='ltr'><strong>aterni</strong></span> <span class='ocrx_word' id='word_1_237' title='bbox 217 1777 452 1855; x_wconf 83' lang='lat' dir='ltr'><strong>insuperabilem</strong></span> <span class='ocrx_word' id='word_1_238' title='bbox 473 1776 637 1852; x_wconf 89' lang='lat' dir='ltr'><strong>potentiam</strong></span> <span class='ocrx_word' id='word_1_239' title='bbox 652 1775 785 1848; x_wconf 80' lang='lat' dir='ltr'><strong>angelos,</strong></span> <span class='ocrx_word' id='word_1_240' title='bbox 809 1775 934 1831; x_wconf 88' lang='lat' dir='ltr'><strong>archan·</strong></span> <span class='ocrx_word' id='word_1_241' title='bbox 984 1776 1071 1846; x_wconf 86' lang='lat' dir='ltr'><strong>regis.</strong></span> <span class='ocrx_word' id='word_1_242' title='bbox 1088 1777 1296 1834; x_wconf 85' lang='lat' dir='ltr'><strong>sermocinans</strong></span> <span class='ocrx_word' id='word_1_243' title='bbox 1308 1775 1456 1852; x_wconf 91' lang='lat' dir='ltr'><strong>quiscum</strong></span> <span class='ocrx_word' id='word_1_244' title='bbox 1471 1795 1506 1837; x_wconf 88' lang='lat' dir='ltr'><strong>eo</strong></span> <span class='ocrx_word' id='word_1_245' title='bbox 1516 1797 1578 1838; x_wconf 91' lang='lat' dir='ltr'><strong>non</strong></span> <span class='ocrx_word' id='word_1_246' title='bbox 1590 1788 1633 1842; x_wconf 89' lang='lat' dir='ltr'><strong>est</strong></span> <span class='ocrx_word' id='word_1_247' title='bbox 1648 1784 1815 1850; x_wconf 85' lang='lat' dir='ltr'><strong>laetificatus</strong></span> 
     </span>
     <span class='ocr_line' id='line_1_20' title="bbox 102 1865 1813 1954; baseline 0.006 -30"><span class='ocrx_word' id='word_1_248' title='bbox 102 1869 186 1941; x_wconf 91' lang='lat' dir='ltr'><strong>gelos</strong></span> <span class='ocrx_word' id='word_1_249' title='bbox 199 1873 228 1924; x_wconf 89' lang='lat' dir='ltr'><strong>et</strong></span> <span class='ocrx_word' id='word_1_250' title='bbox 241 1883 347 1924; x_wconf 90' lang='lat' dir='ltr'><strong>omnes</strong></span> <span class='ocrx_word' id='word_1_251' title='bbox 363 1867 414 1926; x_wconf 87' lang='lat' dir='ltr'><strong>Dei</strong></span> <span class='ocrx_word' id='word_1_252' title='bbox 429 1871 548 1923; x_wconf 89' lang='lat' dir='ltr'><strong>sanctos</strong></span> <span class='ocrx_word' id='word_1_253' title='bbox 569 1865 600 1922; x_wconf 89' lang='lat' dir='ltr'><strong>in</strong></span> <span class='ocrx_word' id='word_1_254' title='bbox 615 1865 760 1921; x_wconf 87' lang='lat' dir='ltr'><strong>auxilium</strong></span> <span class='ocrx_word' id='word_1_255' title='bbox 776 1881 865 1920; x_wconf 89' lang='lat' dir='ltr'><strong>suum</strong></span> <span class='ocrx_word' id='word_1_256' title='bbox 881 1881 930 1920; x_wconf 86' lang='lat' dir='ltr'><strong>ve·</strong></span> <span class='ocrx_word' id='word_1_257' title='bbox 985 1865 1097 1936; x_wconf 90' lang='lat' dir='ltr'><strong>gaudio</strong></span> <span class='ocrx_word' id='word_1_258' title='bbox 1123 1869 1261 1938; x_wconf 72' lang='lat' dir='ltr'><strong>murno?</strong></span> <span class='ocrx_word' id='word_1_259' title='bbox 1283 1882 1391 1942; x_wconf 87' lang='lat' dir='ltr'><strong>pacem</strong></span> <span class='ocrx_word' id='word_1_260' title='bbox 1419 1869 1486 1941; x_wconf 92' lang='lat' dir='ltr'><strong>quis</strong></span> <span class='ocrx_word' id='word_1_261' title='bbox 1511 1871 1685 1932; x_wconf 88' lang='lat' dir='ltr'><strong>desiderans</strong></span> <span class='ocrx_word' id='word_1_262' title='bbox 1704 1876 1735 1932; x_wconf 91' lang='lat' dir='ltr'><strong>iu</strong></span> <span class='ocrx_word' id='word_1_263' title='bbox 1747 1879 1813 1954; x_wconf 80' lang='lat' dir='ltr'><strong>ejus</strong></span> 
     </span>
     <span class='ocr_line' id='line_1_21' title="bbox 103 1954 1813 2036; baseline 0.001 -20"><span class='ocrx_word' id='word_1_264' title='bbox 103 1959 166 2016; x_wconf 90' lang='lat' dir='ltr'><strong>nire</strong></span> <span class='ocrx_word' id='word_1_265' title='bbox 194 1973 278 2030; x_wconf 81' lang='lat' dir='ltr'><strong>voce,</strong></span> <span class='ocrx_word' id='word_1_266' title='bbox 309 1957 401 2028; x_wconf 90' lang='lat' dir='ltr'><strong>signis</strong></span> <span class='ocrx_word' id='word_1_267' title='bbox 423 1955 625 2012; x_wconf 88' lang='lat' dir='ltr'><strong>indesinenter</strong></span> <span class='ocrx_word' id='word_1_268' title='bbox 651 1955 764 2022; x_wconf 86' lang='lat' dir='ltr'><strong>orabat,</strong></span> <span class='ocrx_word' id='word_1_269' title='bbox 791 1954 929 2012; x_wconf 88' lang='lat' dir='ltr'><strong>muniens</strong></span> <span class='ocrx_word' id='word_1_270' title='bbox 985 1959 1147 2026; x_wconf 88' lang='lat' dir='ltr'><strong>conspectu</strong></span> <span class='ocrx_word' id='word_1_271' title='bbox 1157 1971 1218 2010; x_wconf 90' lang='lat' dir='ltr'><strong>non</strong></span> <span class='ocrx_word' id='word_1_272' title='bbox 1234 1955 1388 2013; x_wconf 89' lang='lat' dir='ltr'><strong>abhorruit</strong></span> <span class='ocrx_word' id='word_1_273' title='bbox 1401 1956 1492 2014; x_wconf 79' lang='lat' dir='ltr'><strong>ham?</strong></span> <span class='ocrx_word' id='word_1_274' title='bbox 1503 1959 1606 2016; x_wconf 85' lang='lat' dir='ltr'><strong>vuitus</strong></span> <span class='ocrx_word' id='word_1_275' title='bbox 1622 1962 1667 2018; x_wconf 90' lang='lat' dir='ltr'><strong>sui</strong></span> <span class='ocrx_word' id='word_1_276' title='bbox 1680 1979 1813 2036; x_wconf 75' lang='lat' dir='ltr'><strong>prasen-</strong></span> 
     </span>
     <span class='ocr_line' id='line_1_22' title="bbox 105 2042 1814 2129; baseline 0.004 -27"><span class='ocrx_word' id='word_1_277' title='bbox 105 2065 137 2102; x_wconf 89' lang='lat' dir='ltr'><strong>se</strong></span> <span class='ocrx_word' id='word_1_278' title='bbox 154 2062 271 2129; x_wconf 85' lang='lat' dir='ltr'><strong>semper</strong></span> <span class='ocrx_word' id='word_1_279' title='bbox 284 2046 424 2104; x_wconf 83' lang='lat' dir='ltr'><strong>intrante</strong></span> <span class='ocrx_word' id='word_1_280' title='bbox 448 2049 476 2100; x_wconf 93' lang='lat' dir='ltr'><strong>et</strong></span> <span class='ocrx_word' id='word_1_281' title='bbox 501 2043 606 2114; x_wconf 83' lang='lat' dir='ltr'><strong>ocrdis,</strong></span> <span class='ocrx_word' id='word_1_282' title='bbox 634 2043 757 2100; x_wconf 90' lang='lat' dir='ltr'><strong>naribus</strong></span> <span class='ocrx_word' id='word_1_283' title='bbox 778 2046 807 2099; x_wconf 88' lang='lat' dir='ltr'><strong>et</strong></span> <span class='ocrx_word' id='word_1_284' title='bbox 830 2042 928 2110; x_wconf 87' lang='lat' dir='ltr'><strong>labiis,</strong></span> <span class='ocrx_word' id='word_1_285' title='bbox 985 2043 1057 2100; x_wconf 76' lang='lat' dir='ltr'><strong>ham</strong></span> <span class='ocrx_word' id='word_1_286' title='bbox 1073 2042 1221 2115; x_wconf 87' lang='lat' dir='ltr'><strong>aspiciens</strong></span> <span class='ocrx_word' id='word_1_287' title='bbox 1236 2043 1303 2118; x_wconf 91' lang='lat' dir='ltr'><strong>quis</strong></span> <span class='ocrx_word' id='word_1_288' title='bbox 1316 2060 1376 2102; x_wconf 91' lang='lat' dir='ltr'><strong>uon</strong></span> <span class='ocrx_word' id='word_1_289' title='bbox 1392 2049 1437 2102; x_wconf 88' lang='lat' dir='ltr'><strong>est</strong></span> <span class='ocrx_word' id='word_1_290' title='bbox 1448 2045 1557 2104; x_wconf 89' lang='lat' dir='ltr'><strong>oblitus</strong></span> <span class='ocrx_word' id='word_1_291' title='bbox 1575 2048 1660 2108; x_wconf 92' lang='lat' dir='ltr'><strong>dolos</strong></span> <span class='ocrx_word' id='word_1_292' title='bbox 1673 2051 1687 2106; x_wconf 85' lang='lat' dir='ltr'><strong>i</strong></span> <span class='ocrx_word' id='word_1_293' title='bbox 1702 2052 1814 2113; x_wconf 88' lang='lat' dir='ltr'><strong>Oratio-</strong></span> 
     </span>
     <span class='ocr_line' id='line_1_23' title="bbox 102 2131 1813 2214; baseline 0.004 -23"><span class='ocrx_word' id='word_1_294' title='bbox 102 2139 220 2206; x_wconf 91' lang='lat' dir='ltr'><strong>gutture</strong></span> <span class='ocrx_word' id='word_1_295' title='bbox 235 2140 262 2191; x_wconf 89' lang='lat' dir='ltr'><strong>et</strong></span> <span class='ocrx_word' id='word_1_296' title='bbox 277 2133 400 2190; x_wconf 92' lang='lat' dir='ltr'><strong>auribus</strong></span> <span class='ocrx_word' id='word_1_297' title='bbox 414 2149 468 2206; x_wconf 91' lang='lat' dir='ltr'><strong>per</strong></span> <span class='ocrx_word' id='word_1_298' title='bbox 480 2132 601 2202; x_wconf 91' lang='lat' dir='ltr'><strong>signum</strong></span> <span class='ocrx_word' id='word_1_299' title='bbox 614 2135 723 2189; x_wconf 76' lang='lat' dir='ltr'><strong>sancte</strong></span> <span class='ocrx_word' id='word_1_300' title='bbox 739 2131 845 2200; x_wconf 81' lang='lat' dir='ltr'><strong>crucis,</strong></span> <span class='ocrx_word' id='word_1_301' title='bbox 866 2149 929 2188; x_wconf 87' lang='lat' dir='ltr'><strong>me·</strong></span> <span class='ocrx_word' id='word_1_302' title='bbox 985 2131 1075 2188; x_wconf 92' lang='lat' dir='ltr'><strong>nibus</strong></span> <span class='ocrx_word' id='word_1_303' title='bbox 1088 2133 1153 2204; x_wconf 88' lang='lat' dir='ltr'><strong>ejus</strong></span> <span class='ocrx_word' id='word_1_304' title='bbox 1169 2132 1237 2204; x_wconf 87' lang='lat' dir='ltr'><strong>quis</strong></span> <span class='ocrx_word' id='word_1_305' title='bbox 1251 2134 1470 2190; x_wconf 90' lang='lat' dir='ltr'><strong>monachorum</strong></span> <span class='ocrx_word' id='word_1_306' title='bbox 1479 2150 1541 2192; x_wconf 90' lang='lat' dir='ltr'><strong>non</strong></span> <span class='ocrx_word' id='word_1_307' title='bbox 1555 2137 1662 2194; x_wconf 89' lang='lat' dir='ltr'><strong>habuit</strong></span> <span class='ocrx_word' id='word_1_308' title='bbox 1677 2141 1813 2214; x_wconf 85' lang='lat' dir='ltr'><strong>requiem</strong></span> 
     </span>
     <span class='ocr_line' id='line_1_24' title="bbox 99 2221 1813 2301; baseline 0.003 -21"><span class='ocrx_word' id='word_1_309' title='bbox 99 2224 198 2280; x_wconf 90' lang='lat' dir='ltr'><strong>moria</strong></span> <span class='ocrx_word' id='word_1_310' title='bbox 213 2221 608 2290; x_wconf 79' lang='lat' dir='ltr'><strong>Dominicaeincarnationis,</strong></span> <span class='ocrx_word' id='word_1_311' title='bbox 624 2221 794 2290; x_wconf 88' lang='lat' dir='ltr'><strong>nativitatis,</strong></span> <span class='ocrx_word' id='word_1_312' title='bbox 811 2221 929 2296; x_wconf 91' lang='lat' dir='ltr'><strong>passio·</strong></span> <span class='ocrx_word' id='word_1_313' title='bbox 986 2225 1015 2278; x_wconf 88' lang='lat' dir='ltr'><strong>et</strong></span> <span class='ocrx_word' id='word_1_314' title='bbox 1028 2237 1088 2277; x_wconf 90' lang='lat' dir='ltr'><strong>non</strong></span> <span class='ocrx_word' id='word_1_315' title='bbox 1113 2226 1158 2277; x_wconf 90' lang='lat' dir='ltr'><strong>est</strong></span> <span class='ocrx_word' id='word_1_316' title='bbox 1185 2225 1315 2293; x_wconf 81' lang='lat' dir='ltr'><strong>amatus,</strong></span> <span class='ocrx_word' id='word_1_317' title='bbox 1331 2221 1456 2279; x_wconf 89' lang='lat' dir='ltr'><strong>dilectus</strong></span> <span class='ocrx_word' id='word_1_318' title='bbox 1479 2228 1509 2280; x_wconf 86' lang='lat' dir='ltr'><strong>et</strong></span> <span class='ocrx_word' id='word_1_319' title='bbox 1532 2230 1718 2284; x_wconf 79' lang='lat' dir='ltr'><strong>veneratus?</strong></span> <span class='ocrx_word' id='word_1_320' title='bbox 1742 2231 1813 2301; x_wconf 85' lang='lat' dir='ltr'><strong>Ejus</strong></span> 
     </span>
     <span class='ocr_line' id='line_1_25' title="bbox 97 2307 1814 2386; baseline 0.003 -18"><span class='ocrx_word' id='word_1_321' title='bbox 97 2314 155 2380; x_wconf 91' lang='lat' dir='ltr'><strong>nis,</strong></span> <span class='ocrx_word' id='word_1_322' title='bbox 170 2312 392 2369; x_wconf 87' lang='lat' dir='ltr'><strong>resurrectionis</strong></span> <span class='ocrx_word' id='word_1_323' title='bbox 404 2316 433 2368; x_wconf 91' lang='lat' dir='ltr'><strong>et</strong></span> <span class='ocrx_word' id='word_1_324' title='bbox 447 2310 631 2368; x_wconf 88' lang='lat' dir='ltr'><strong>ascensionis</strong></span> <span class='ocrx_word' id='word_1_325' title='bbox 645 2315 674 2366; x_wconf 88' lang='lat' dir='ltr'><strong>et</strong></span> <span class='ocrx_word' id='word_1_326' title='bbox 688 2311 788 2382; x_wconf 78' lang='lat' dir='ltr'><strong>gradec</strong></span> <span class='ocrx_word' id='word_1_327' title='bbox 806 2311 930 2386; x_wconf 84' lang='lat' dir='ltr'><strong>Spiritus</strong></span> <span class='ocrx_word' id='word_1_328' title='bbox 986 2307 1176 2365; x_wconf 86' lang='lat' dir='ltr'><strong>sanctissima</strong></span> <span class='ocrx_word' id='word_1_329' title='bbox 1187 2307 1392 2364; x_wconf 88' lang='lat' dir='ltr'><strong>admonitione</strong></span> <span class='ocrx_word' id='word_1_330' title='bbox 1407 2309 1474 2382; x_wconf 89' lang='lat' dir='ltr'><strong>quis</strong></span> <span class='ocrx_word' id='word_1_331' title='bbox 1496 2310 1671 2370; x_wconf 88' lang='lat' dir='ltr'><strong>clericorum</strong></span> <span class='ocrx_word' id='word_1_332' title='bbox 1685 2331 1747 2372; x_wconf 90' lang='lat' dir='ltr'><strong>nou</strong></span> <span class='ocrx_word' id='word_1_333' title='bbox 1760 2317 1814 2374; x_wconf 91' lang='lat' dir='ltr'><strong>luit</strong></span> 
     </span>
     <span class='ocr_line' id='line_1_26' title="bbox 98 2396 1814 2476; baseline 0.001 -18"><span class='ocrx_word' id='word_1_334' title='bbox 98 2402 204 2458; x_wconf 89' lang='lat' dir='ltr'><strong>sancti.</strong></span> <span class='ocrx_word' id='word_1_335' title='bbox 216 2401 327 2459; x_wconf 85' lang='lat' dir='ltr'><strong>Habuit</strong></span> <span class='ocrx_word' id='word_1_336' title='bbox 340 2402 397 2458; x_wconf 79' lang='lat' dir='ltr'><strong>hor</strong></span> <span class='ocrx_word' id='word_1_337' title='bbox 408 2417 445 2460; x_wconf 75' lang='lat' dir='ltr'><strong>ex</strong></span> <span class='ocrx_word' id='word_1_338' title='bbox 457 2417 541 2458; x_wconf 90' lang='lat' dir='ltr'><strong>more</strong></span> <span class='ocrx_word' id='word_1_339' title='bbox 556 2401 588 2456; x_wconf 89' lang='lat' dir='ltr'><strong>in</strong></span> <span class='ocrx_word' id='word_1_340' title='bbox 604 2400 674 2466; x_wconf 83' lang='lat' dir='ltr'><strong>vita,</strong></span> <span class='ocrx_word' id='word_1_341' title='bbox 698 2401 745 2456; x_wconf 89' lang='lat' dir='ltr'><strong>cni</strong></span> <span class='ocrx_word' id='word_1_342' title='bbox 772 2415 932 2474; x_wconf 87' lang='lat' dir='ltr'><strong>nunquam</strong></span> <span class='ocrx_word' id='word_1_343' title='bbox 984 2401 1101 2454; x_wconf 86' lang='lat' dir='ltr'><strong>amator</strong></span> <span class='ocrx_word' id='word_1_344' title='bbox 1115 2396 1299 2460; x_wconf 72' lang='lat' dir='ltr'><strong>castimonie</strong></span> <span class='ocrx_word' id='word_1_345' title='bbox 1313 2397 1327 2452; x_wconf 89' lang='lat' dir='ltr'><strong>‘l</strong></span> <span class='ocrx_word' id='word_1_346' title='bbox 1341 2396 1437 2470; x_wconf 89' lang='lat' dir='ltr'><strong>ipsius</strong></span> <span class='ocrx_word' id='word_1_347' title='bbox 1447 2397 1621 2462; x_wconf 79' lang='lat' dir='ltr'><strong>amicabilia</strong></span> <span class='ocrx_word' id='word_1_348' title='bbox 1634 2401 1727 2459; x_wconf 87' lang='lat' dir='ltr'><strong>verba</strong></span> <span class='ocrx_word' id='word_1_349' title='bbox 1749 2401 1814 2476; x_wconf 89' lang='lat' dir='ltr'><strong>qui·</strong></span> 
     </span>
     <span class='ocr_line' id='line_1_27' title="bbox 98 2485 1812 2566; baseline 0.002 -20"><span class='ocrx_word' id='word_1_350' title='bbox 98 2491 193 2547; x_wconf 83' lang='lat' dir='ltr'><strong>detuit</strong></span> <span class='ocrx_word' id='word_1_351' title='bbox 205 2489 356 2547; x_wconf 81' lang='lat' dir='ltr'><strong>voluntate</strong></span> <span class='ocrx_word' id='word_1_352' title='bbox 372 2505 454 2562; x_wconf 89' lang='lat' dir='ltr'><strong>aqua</strong></span> <span class='ocrx_word' id='word_1_353' title='bbox 468 2488 637 2545; x_wconf 89' lang='lat' dir='ltr'><strong>benedicta.</strong></span> <span class='ocrx_word' id='word_1_354' title='bbox 655 2488 705 2542; x_wconf 85' lang='lat' dir='ltr'><strong>His</strong></span> <span class='ocrx_word' id='word_1_355' title='bbox 720 2503 792 2543; x_wconf 84' lang='lat' dir='ltr'><strong>vero</strong></span> <span class='ocrx_word' id='word_1_356' title='bbox 807 2487 932 2561; x_wconf 83' lang='lat' dir='ltr'><strong>ciiisqnc</strong></span> <span class='ocrx_word' id='word_1_357' title='bbox 983 2487 1041 2542; x_wconf 87' lang='lat' dir='ltr'><strong>bus</strong></span> <span class='ocrx_word' id='word_1_358' title='bbox 1055 2501 1118 2542; x_wconf 89' lang='lat' dir='ltr'><strong>non</strong></span> <span class='ocrx_word' id='word_1_359' title='bbox 1132 2485 1253 2542; x_wconf 77' lang='lat' dir='ltr'><strong>bierunt</strong></span> <span class='ocrx_word' id='word_1_360' title='bbox 1265 2485 1469 2542; x_wconf 84' lang='lat' dir='ltr'><strong>medicamina</strong></span> <span class='ocrx_word' id='word_1_361' title='bbox 1482 2487 1496 2542; x_wconf 89' lang='lat' dir='ltr'><strong>‘l</strong></span> <span class='ocrx_word' id='word_1_362' title='bbox 1511 2489 1654 2560; x_wconf 79' lang='lat' dir='ltr'><strong>Aspeetus</strong></span> <span class='ocrx_word' id='word_1_363' title='bbox 1669 2492 1734 2563; x_wconf 91' lang='lat' dir='ltr'><strong>ejus</strong></span> <span class='ocrx_word' id='word_1_364' title='bbox 1747 2491 1812 2566; x_wconf 91' lang='lat' dir='ltr'><strong>qui·</strong></span> 
     </span>
     <span class='ocr_line' id='line_1_28' title="bbox 97 2574 1813 2650; baseline 0.001 -15"><span class='ocrx_word' id='word_1_365' title='bbox 97 2579 224 2636; x_wconf 81' lang='lat' dir='ltr'><strong>refertus</strong></span> <span class='ocrx_word' id='word_1_366' title='bbox 238 2577 508 2644; x_wconf 89' lang='lat' dir='ltr'><strong>bonisvirtutibus,</strong></span> <span class='ocrx_word' id='word_1_367' title='bbox 540 2575 767 2646; x_wconf 79' lang='lat' dir='ltr'><strong>sexagenarius,</strong></span> <span class='ocrx_word' id='word_1_368' title='bbox 789 2580 822 2633; x_wconf 92' lang='lat' dir='ltr'><strong>ut</strong></span> <span class='ocrx_word' id='word_1_369' title='bbox 837 2576 931 2633; x_wconf 88' lang='lat' dir='ltr'><strong>credi·</strong></span> <span class='ocrx_word' id='word_1_370' title='bbox 984 2575 1043 2630; x_wconf 91' lang='lat' dir='ltr'><strong>bus</strong></span> <span class='ocrx_word' id='word_1_371' title='bbox 1071 2591 1132 2630; x_wconf 90' lang='lat' dir='ltr'><strong>non</strong></span> <span class='ocrx_word' id='word_1_372' title='bbox 1155 2575 1268 2648; x_wconf 88' lang='lat' dir='ltr'><strong>proluit</strong></span> <span class='ocrx_word' id='word_1_373' title='bbox 1294 2574 1512 2648; x_wconf 87' lang='lat' dir='ltr'><strong>insipientibus,</strong></span> <span class='ocrx_word' id='word_1_374' title='bbox 1526 2579 1560 2631; x_wconf 93' lang='lat' dir='ltr'><strong>ut</strong></span> <span class='ocrx_word' id='word_1_375' title='bbox 1582 2577 1690 2650; x_wconf 81' lang='lat' dir='ltr'><strong>virga?</strong></span> <span class='ocrx_word' id='word_1_376' title='bbox 1705 2581 1813 2638; x_wconf 86' lang='lat' dir='ltr'><strong>Oculos</strong></span> 
     </span>
     <span class='ocr_line' id='line_1_29' title="bbox 98 2663 1812 2740; baseline 0.002 -17"><span class='ocrx_word' id='word_1_377' title='bbox 98 2683 178 2736; x_wconf 89' lang='lat' dir='ltr'><strong>mus,</strong></span> <span class='ocrx_word' id='word_1_378' title='bbox 193 2665 372 2740; x_wconf 90' lang='lat' dir='ltr'><strong>opperiebat</strong></span> <span class='ocrx_word' id='word_1_379' title='bbox 400 2668 529 2721; x_wconf 90' lang='lat' dir='ltr'><strong>mortem</strong></span> <span class='ocrx_word' id='word_1_380' title='bbox 556 2664 731 2737; x_wconf 89' lang='lat' dir='ltr'><strong>intrepidus.</strong></span> <span class='ocrx_word' id='word_1_381' title='bbox 757 2667 789 2722; x_wconf 86' lang='lat' dir='ltr'><strong>Et</strong></span> <span class='ocrx_word' id='word_1_382' title='bbox 805 2664 932 2724; x_wconf 81' lang='lat' dir='ltr'><strong>iuvalss·</strong></span> <span class='ocrx_word' id='word_1_383' title='bbox 984 2666 1050 2737; x_wconf 85' lang='lat' dir='ltr'><strong>ejus</strong></span> <span class='ocrx_word' id='word_1_384' title='bbox 1063 2665 1192 2726; x_wconf 81' lang='lat' dir='ltr'><strong>humiles</strong></span> <span class='ocrx_word' id='word_1_385' title='bbox 1202 2664 1270 2738; x_wconf 88' lang='lat' dir='ltr'><strong>quis</strong></span> <span class='ocrx_word' id='word_1_386' title='bbox 1285 2663 1433 2738; x_wconf 89' lang='lat' dir='ltr'><strong>aspicieus</strong></span> <span class='ocrx_word' id='word_1_387' title='bbox 1448 2681 1509 2721; x_wconf 90' lang='lat' dir='ltr'><strong>non</strong></span> <span class='ocrx_word' id='word_1_388' title='bbox 1525 2670 1569 2722; x_wconf 93' lang='lat' dir='ltr'><strong>est</strong></span> <span class='ocrx_word' id='word_1_389' title='bbox 1582 2667 1743 2726; x_wconf 87' lang='lat' dir='ltr'><strong>meditatus</strong></span> <span class='ocrx_word' id='word_1_390' title='bbox 1753 2687 1812 2727; x_wconf 82' lang='lat' dir='ltr'><strong>cos-</strong></span> 
     </span>
     <span class='ocr_line' id='line_1_30' title="bbox 99 2751 1813 2832; baseline 0.004 -21"><span class='ocrx_word' id='word_1_391' title='bbox 99 2759 184 2812; x_wconf 87' lang='lat' dir='ltr'><strong>oente</strong></span> <span class='ocrx_word' id='word_1_392' title='bbox 196 2753 303 2810; x_wconf 81' lang='lat' dir='ltr'><strong>validae</strong></span> <span class='ocrx_word' id='word_1_393' title='bbox 318 2752 409 2810; x_wconf 91' lang='lat' dir='ltr'><strong>lebris</strong></span> <span class='ocrx_word' id='word_1_394' title='bbox 422 2753 580 2822; x_wconf 90' lang='lat' dir='ltr'><strong>languore,</strong></span> <span class='ocrx_word' id='word_1_395' title='bbox 594 2751 674 2824; x_wconf 91' lang='lat' dir='ltr'><strong>petiit</strong></span> <span class='ocrx_word' id='word_1_396' title='bbox 697 2751 838 2808; x_wconf 87' lang='lat' dir='ltr'><strong>viaticum</strong></span> <span class='ocrx_word' id='word_1_397' title='bbox 854 2753 931 2809; x_wconf 86' lang='lat' dir='ltr'><strong>salu·</strong></span> <span class='ocrx_word' id='word_1_398' title='bbox 982 2755 1069 2811; x_wconf 90' lang='lat' dir='ltr'><strong>iestia</strong></span> <span class='ocrx_word' id='word_1_399' title='bbox 1079 2757 1094 2811; x_wconf 78' lang='lat' dir='ltr'><strong>t</strong></span> <span class='ocrx_word' id='word_1_400' title='bbox 1105 2757 1221 2827; x_wconf 82' lang='lat' dir='ltr'><strong>Pauper</strong></span> <span class='ocrx_word' id='word_1_401' title='bbox 1229 2759 1258 2810; x_wconf 88' lang='lat' dir='ltr'><strong>et</strong></span> <span class='ocrx_word' id='word_1_402' title='bbox 1271 2755 1404 2810; x_wconf 87' lang='lat' dir='ltr'><strong>esuriens</strong></span> <span class='ocrx_word' id='word_1_403' title='bbox 1418 2753 1487 2829; x_wconf 90' lang='lat' dir='ltr'><strong>quis</strong></span> <span class='ocrx_word' id='word_1_404' title='bbox 1497 2770 1560 2811; x_wconf 90' lang='lat' dir='ltr'><strong>non</strong></span> <span class='ocrx_word' id='word_1_405' title='bbox 1570 2755 1693 2814; x_wconf 91' lang='lat' dir='ltr'><strong>satiatus</strong></span> <span class='ocrx_word' id='word_1_406' title='bbox 1702 2759 1813 2832; x_wconf 87' lang='lat' dir='ltr'><strong>abejus</strong></span> 
     </span>
     <span class='ocr_line' id='line_1_31' title="bbox 99 2840 1812 2921; baseline 0.004 -21"><span class='ocrx_word' id='word_1_407' title='bbox 99 2849 162 2900; x_wconf 82' lang='lat' dir='ltr'><strong>tare</strong></span> <span class='ocrx_word' id='word_1_408' title='bbox 175 2847 203 2900; x_wconf 93' lang='lat' dir='ltr'><strong>et</strong></span> <span class='ocrx_word' id='word_1_409' title='bbox 216 2843 334 2900; x_wconf 88' lang='lat' dir='ltr'><strong>salubre</strong></span> <span class='ocrx_word' id='word_1_410' title='bbox 350 2840 458 2899; x_wconf 86' lang='lat' dir='ltr'><strong>vivifici</strong></span> <span class='ocrx_word' id='word_1_411' title='bbox 472 2841 605 2914; x_wconf 89' lang='lat' dir='ltr'><strong>corporis</strong></span> <span class='ocrx_word' id='word_1_412' title='bbox 621 2845 649 2896; x_wconf 90' lang='lat' dir='ltr'><strong>et</strong></span> <span class='ocrx_word' id='word_1_413' title='bbox 663 2842 817 2912; x_wconf 90' lang='lat' dir='ltr'><strong>sanguinis</strong></span> <span class='ocrx_word' id='word_1_414' title='bbox 832 2843 931 2899; x_wconf 85' lang='lat' dir='ltr'><strong>Domi·</strong></span> <span class='ocrx_word' id='word_1_415' title='bbox 981 2845 1104 2902; x_wconf 87' lang='lat' dir='ltr'><strong>recessit</strong></span> <span class='ocrx_word' id='word_1_416' title='bbox 1118 2843 1248 2900; x_wconf 80' lang='lat' dir='ltr'><strong>mensa?</strong></span> <span class='ocrx_word' id='word_1_417' title='bbox 1263 2847 1393 2902; x_wconf 90' lang='lat' dir='ltr'><strong>ilortuus</strong></span> <span class='ocrx_word' id='word_1_418' title='bbox 1406 2845 1459 2917; x_wconf 91' lang='lat' dir='ltr'><strong>qui</strong></span> <span class='ocrx_word' id='word_1_419' title='bbox 1474 2861 1529 2902; x_wconf 91' lang='lat' dir='ltr'><strong>suo</strong></span> <span class='ocrx_word' id='word_1_420' title='bbox 1539 2847 1666 2904; x_wconf 89' lang='lat' dir='ltr'><strong>termino</strong></span> <span class='ocrx_word' id='word_1_421' title='bbox 1675 2864 1737 2906; x_wconf 91' lang='lat' dir='ltr'><strong>non</strong></span> <span class='ocrx_word' id='word_1_422' title='bbox 1747 2849 1812 2921; x_wconf 87' lang='lat' dir='ltr'><strong>ejus</strong></span> 
     </span>
     <span class='ocr_line' id='line_1_32' title="bbox 100 2930 1811 3020; baseline 0.005 -32"><span class='ocrx_word' id='word_1_423' title='bbox 100 2933 131 2988; x_wconf 93' lang='lat' dir='ltr'><strong>ni</strong></span> <span class='ocrx_word' id='word_1_424' title='bbox 147 2931 239 2988; x_wconf 86' lang='lat' dir='ltr'><strong>nostri</strong></span> <span class='ocrx_word' id='word_1_425' title='bbox 249 2934 318 2988; x_wconf 81' lang='lat' dir='ltr'><strong>iesu</strong></span> <span class='ocrx_word' id='word_1_426' title='bbox 330 2930 447 2991; x_wconf 85' lang='lat' dir='ltr'><strong>Christi.</strong></span> <span class='ocrx_word' id='word_1_427' title='bbox 473 2931 600 3002; x_wconf 88' lang='lat' dir='ltr'><strong>Sumpta</strong></span> <span class='ocrx_word' id='word_1_428' title='bbox 628 2945 663 2986; x_wconf 89' lang='lat' dir='ltr'><strong>eo</strong></span> <span class='ocrx_word' id='word_1_429' title='bbox 678 2934 716 3000; x_wconf 91' lang='lat' dir='ltr'><strong>et,</strong></span> <span class='ocrx_word' id='word_1_430' title='bbox 737 2945 832 3004; x_wconf 81' lang='lat' dir='ltr'><strong>parvo</strong></span> <span class='ocrx_word' id='word_1_431' title='bbox 845 2931 962 3020; x_wconf 73' lang='lat' dir='ltr'><strong>inter-C</strong></span> <span class='ocrx_word' id='word_1_432' title='bbox 981 2934 1104 2990; x_wconf 86' lang='lat' dir='ltr'><strong>vestitus</strong></span> <span class='ocrx_word' id='word_1_433' title='bbox 1118 2939 1163 2990; x_wconf 89' lang='lat' dir='ltr'><strong>est</strong></span> <span class='ocrx_word' id='word_1_434' title='bbox 1175 2932 1354 2990; x_wconf 86' lang='lat' dir='ltr'><strong>vestimento</strong></span> <span class='ocrx_word' id='word_1_435' title='bbox 1370 2933 1493 2992; x_wconf 78' lang='lat' dir='ltr'><strong>illabor</strong></span> <span class='ocrx_word' id='word_1_436' title='bbox 1503 2935 1573 3008; x_wconf 90' lang='lat' dir='ltr'><strong>quis</strong></span> <span class='ocrx_word' id='word_1_437' title='bbox 1587 2952 1649 2993; x_wconf 92' lang='lat' dir='ltr'><strong>non</strong></span> <span class='ocrx_word' id='word_1_438' title='bbox 1663 2943 1708 2995; x_wconf 91' lang='lat' dir='ltr'><strong>est</strong></span> <span class='ocrx_word' id='word_1_439' title='bbox 1720 2939 1760 2997; x_wconf 89' lang='lat' dir='ltr'><strong>ab</strong></span> <span class='ocrx_word' id='word_1_440' title='bbox 1775 2956 1811 2997; x_wconf 91' lang='lat' dir='ltr'><strong>eo</strong></span> 
     </span>
     <span class='ocr_line' id='line_1_33' title="bbox 98 3020 1811 3102; baseline 0.005 -24"><span class='ocrx_word' id='word_1_441' title='bbox 98 3021 178 3078; x_wconf 80' lang='lat' dir='ltr'><strong>valio</strong></span> <span class='ocrx_word' id='word_1_442' title='bbox 192 3021 279 3084; x_wconf 86' lang='lat' dir='ltr'><strong>lacto,</strong></span> <span class='ocrx_word' id='word_1_443' title='bbox 296 3020 335 3076; x_wconf 83' lang='lat' dir='ltr'><strong>ud</strong></span> <span class='ocrx_word' id='word_1_444' title='bbox 350 3022 461 3090; x_wconf 84' lang='lat' dir='ltr'><strong>Regem</strong></span> <span class='ocrx_word' id='word_1_445' title='bbox 474 3035 580 3090; x_wconf 88' lang='lat' dir='ltr'><strong>regum</strong></span> <span class='ocrx_word' id='word_1_446' title='bbox 595 3023 624 3075; x_wconf 91' lang='lat' dir='ltr'><strong>et</strong></span> <span class='ocrx_word' id='word_1_447' title='bbox 646 3020 806 3076; x_wconf 84' lang='lat' dir='ltr'><strong>liominum</strong></span> <span class='ocrx_word' id='word_1_448' title='bbox 835 3021 930 3080; x_wconf 81' lang='lat' dir='ltr'><strong>domi·</strong></span> <span class='ocrx_word' id='word_1_449' title='bbox 981 3025 1077 3081; x_wconf 89' lang='lat' dir='ltr'><strong>iaetus</strong></span> <span class='ocrx_word' id='word_1_450' title='bbox 1090 3023 1235 3095; x_wconf 79' lang='lat' dir='ltr'><strong>sapiens?</strong></span> <span class='ocrx_word' id='word_1_451' title='bbox 1250 3022 1350 3079; x_wconf 77' lang='lat' dir='ltr'><strong>viduae</strong></span> <span class='ocrx_word' id='word_1_452' title='bbox 1362 3026 1393 3078; x_wconf 88' lang='lat' dir='ltr'><strong>et</strong></span> <span class='ocrx_word' id='word_1_453' title='bbox 1406 3039 1564 3097; x_wconf 87' lang='lat' dir='ltr'><strong>pauperes,</strong></span> <span class='ocrx_word' id='word_1_454' title='bbox 1580 3026 1619 3082; x_wconf 92' lang='lat' dir='ltr'><strong>ad</strong></span> <span class='ocrx_word' id='word_1_455' title='bbox 1637 3028 1811 3102; x_wconf 85' lang='lat' dir='ltr'><strong>exemplum</strong></span> 
     </span>
     <span class='ocr_line' id='line_1_34' title="bbox 98 3107 1812 3183; baseline 0.004 -15"><span class='ocrx_word' id='word_1_456' title='bbox 98 3127 211 3168; x_wconf 86' lang='lat' dir='ltr'><strong>norum</strong></span> <span class='ocrx_word' id='word_1_457' title='bbox 232 3109 419 3180; x_wconf 84' lang='lat' dir='ltr'><strong>demigrans,</strong></span> <span class='ocrx_word' id='word_1_458' title='bbox 435 3107 505 3164; x_wconf 84' lang='lat' dir='ltr'><strong>lelix</strong></span> <span class='ocrx_word' id='word_1_459' title='bbox 519 3107 642 3164; x_wconf 82' lang='lat' dir='ltr'><strong>feliciter</strong></span> <span class='ocrx_word' id='word_1_460' title='bbox 655 3107 751 3166; x_wconf 84' lang='lat' dir='ltr'><strong>felicia</strong></span> <span class='ocrx_word' id='word_1_461' title='bbox 764 3111 930 3183; x_wconf 88' lang='lat' dir='ltr'><strong>promeruit</strong></span> <span class='ocrx_word' id='word_1_462' title='bbox 981 3114 1069 3170; x_wconf 81' lang='lat' dir='ltr'><strong>honre</strong></span> <span class='ocrx_word' id='word_1_463' title='bbox 1092 3111 1244 3180; x_wconf 86' lang='lat' dir='ltr'><strong>Dorcadis,</strong></span> <span class='ocrx_word' id='word_1_464' title='bbox 1271 3128 1334 3168; x_wconf 90' lang='lat' dir='ltr'><strong>non</strong></span> <span class='ocrx_word' id='word_1_465' title='bbox 1367 3111 1406 3167; x_wconf 87' lang='lat' dir='ltr'><strong>ab</strong></span> <span class='ocrx_word' id='word_1_466' title='bbox 1433 3127 1469 3168; x_wconf 95' lang='lat' dir='ltr'><strong>eo</strong></span> <span class='ocrx_word' id='word_1_467' title='bbox 1502 3113 1589 3170; x_wconf 87' lang='lat' dir='ltr'><strong>datas</strong></span> <span class='ocrx_word' id='word_1_468' title='bbox 1618 3117 1812 3176; x_wconf 89' lang='lat' dir='ltr'><strong>ostenderunt</strong></span> 
     </span>
     <span class='ocr_line' id='line_1_35' title="bbox 96 3197 1809 3277; baseline 0.003 -19"><span class='ocrx_word' id='word_1_469' title='bbox 96 3216 204 3272; x_wconf 90' lang='lat' dir='ltr'><strong>regna.</strong></span> <span class='ocrx_word' id='word_1_470' title='bbox 221 3198 407 3258; x_wconf 83' lang='lat' dir='ltr'><strong>obdormivit</strong></span> <span class='ocrx_word' id='word_1_471' title='bbox 420 3201 534 3268; x_wconf 88' lang='lat' dir='ltr'><strong>autem,</strong></span> <span class='ocrx_word' id='word_1_472' title='bbox 548 3201 581 3253; x_wconf 90' lang='lat' dir='ltr'><strong>ut</strong></span> <span class='ocrx_word' id='word_1_473' title='bbox 593 3197 734 3267; x_wconf 83' lang='lat' dir='ltr'><strong>diximus,</strong></span> <span class='ocrx_word' id='word_1_474' title='bbox 754 3198 785 3254; x_wconf 91' lang='lat' dir='ltr'><strong>in</strong></span> <span class='ocrx_word' id='word_1_475' title='bbox 802 3199 927 3257; x_wconf 84' lang='lat' dir='ltr'><strong>Domino</strong></span> <span class='ocrx_word' id='word_1_476' title='bbox 980 3206 1080 3258; x_wconf 76' lang='lat' dir='ltr'><strong>vestes</strong></span> <span class='ocrx_word' id='word_1_477' title='bbox 1095 3203 1109 3256; x_wconf 84' lang='lat' dir='ltr'><strong>i</strong></span> <span class='ocrx_word' id='word_1_478' title='bbox 1125 3202 1250 3272; x_wconf 76' lang='lat' dir='ltr'><strong>(Actu,</strong></span> <span class='ocrx_word' id='word_1_479' title='bbox 1261 3201 1318 3272; x_wconf 81' lang='grc'>39.)</span> <span class='ocrx_word' id='word_1_480' title='bbox 1331 3200 1434 3257; x_wconf 85' lang='lat' dir='ltr'><strong>omnis</strong></span> <span class='ocrx_word' id='word_1_481' title='bbox 1444 3200 1623 3258; x_wconf 81' lang='lat' dir='ltr'><strong>miserorum</strong></span> <span class='ocrx_word' id='word_1_482' title='bbox 1637 3205 1809 3277; x_wconf 71' lang='lat' dir='ltr'><strong>multitado,</strong></span> 
     </span>
     <span class='ocr_line' id='line_1_36' title="bbox 95 3286 1813 3364; baseline 0.002 -17"><span class='ocrx_word' id='word_1_483' title='bbox 95 3290 218 3348; x_wconf 90' lang='lat' dir='ltr'><strong>decimo</strong></span> <span class='ocrx_word' id='word_1_484' title='bbox 234 3287 319 3346; x_wconf 89' lang='lat' dir='ltr'><strong>tertio</strong></span> <span class='ocrx_word' id='word_1_485' title='bbox 328 3287 391 3344; x_wconf 82' lang='lat' dir='ltr'><strong>ital.</strong></span> <span class='ocrx_word' id='word_1_486' title='bbox 408 3287 542 3357; x_wconf 79' lang='lat' dir='ltr'><strong>Augusti,</strong></span> <span class='ocrx_word' id='word_1_487' title='bbox 557 3286 725 3343; x_wconf 86' lang='lat' dir='ltr'><strong>lucescente</strong></span> <span class='ocrx_word' id='word_1_488' title='bbox 750 3303 859 3345; x_wconf 87' lang='lat' dir='ltr'><strong>aurora</strong></span> <span class='ocrx_word' id='word_1_489' title='bbox 872 3287 931 3345; x_wconf 91' lang='lat' dir='ltr'><strong>diei</strong></span> <span class='ocrx_word' id='word_1_490' title='bbox 982 3307 1043 3349; x_wconf 91' lang='lat' dir='ltr'><strong>non</strong></span> <span class='ocrx_word' id='word_1_491' title='bbox 1058 3307 1128 3348; x_wconf 92' lang='lat' dir='ltr'><strong>eum</strong></span> <span class='ocrx_word' id='word_1_492' title='bbox 1141 3295 1257 3364; x_wconf 90' lang='lat' dir='ltr'><strong>patrem</strong></span> <span class='ocrx_word' id='word_1_493' title='bbox 1285 3295 1314 3346; x_wconf 87' lang='lat' dir='ltr'><strong>et</strong></span> <span class='ocrx_word' id='word_1_494' title='bbox 1340 3289 1501 3346; x_wconf 60' lang='lat' dir='ltr'><strong>nummum</strong></span> <span class='ocrx_word' id='word_1_495' title='bbox 1515 3290 1717 3350; x_wconf 80' lang='lat' dir='ltr'><strong>inclamavit?</strong></span> <span class='ocrx_word' id='word_1_496' title='bbox 1741 3295 1813 3351; x_wconf 87' lang='lat' dir='ltr'><strong>inei·</strong></span> 
     </span>
     <span class='ocr_line' id='line_1_37' title="bbox 94 3375 1811 3455; baseline 0.003 -19"><span class='ocrx_word' id='word_1_497' title='bbox 94 3379 192 3436; x_wconf 81' lang='lat' dir='ltr'><strong>tertiae</strong></span> <span class='ocrx_word' id='word_1_498' title='bbox 205 3377 340 3448; x_wconf 77' lang='lat' dir='ltr'><strong>Sabbati,</strong></span> <span class='ocrx_word' id='word_1_499' title='bbox 361 3375 502 3434; x_wconf 86' lang='lat' dir='ltr'><strong>itiiiduno</strong></span> <span class='ocrx_word' id='word_1_500' title='bbox 525 3379 649 3444; x_wconf 86' lang='lat' dir='ltr'><strong>eastro;</strong></span> <span class='ocrx_word' id='word_1_501' title='bbox 676 3379 705 3432; x_wconf 88' lang='lat' dir='ltr'><strong>et</strong></span> <span class='ocrx_word' id='word_1_502' title='bbox 727 3376 858 3434; x_wconf 80' lang='lat' dir='ltr'><strong>Parisios</strong></span> <span class='ocrx_word' id='word_1_503' title='bbox 881 3377 932 3434; x_wconf 83' lang='lat' dir='ltr'><strong>dc·</strong></span> <span class='ocrx_word' id='word_1_504' title='bbox 983 3381 1057 3439; x_wconf 90' lang='lat' dir='ltr'><strong>dens</strong></span> <span class='ocrx_word' id='word_1_505' title='bbox 1069 3381 1137 3455; x_wconf 86' lang='lat' dir='ltr'><strong>quis</strong></span> <span class='ocrx_word' id='word_1_506' title='bbox 1151 3381 1183 3437; x_wconf 93' lang='lat' dir='ltr'><strong>in</strong></span> <span class='ocrx_word' id='word_1_507' title='bbox 1196 3385 1364 3453; x_wconf 84' lang='lat' dir='ltr'><strong>peceatum,</strong></span> <span class='ocrx_word' id='word_1_508' title='bbox 1379 3395 1442 3436; x_wconf 90' lang='lat' dir='ltr'><strong>nou</strong></span> <span class='ocrx_word' id='word_1_509' title='bbox 1456 3379 1548 3452; x_wconf 76' lang='lat' dir='ltr'><strong>buius</strong></span> <span class='ocrx_word' id='word_1_510' title='bbox 1567 3387 1678 3439; x_wconf 78' lang='lat' dir='ltr'><strong>sanctas</strong></span> <span class='ocrx_word' id='word_1_511' title='bbox 1703 3399 1811 3441; x_wconf 89' lang='lat' dir='ltr'><strong>conso·</strong></span> 
     </span>
     <span class='ocr_line' id='line_1_38' title="bbox 96 3463 1811 3548; baseline -0.002 -24"><span class='ocrx_word' id='word_1_512' title='bbox 96 3471 235 3542; x_wconf 89' lang='lat' dir='ltr'><strong>portatus</strong></span> <span class='ocrx_word' id='word_1_513' title='bbox 250 3464 332 3539; x_wconf 91' lang='lat' dir='ltr'><strong>apud</strong></span> <span class='ocrx_word' id='word_1_514' title='bbox 347 3467 374 3522; x_wconf 92' lang='lat' dir='ltr'><strong>S.</strong></span> <span class='ocrx_word' id='word_1_515' title='bbox 391 3463 565 3534; x_wconf 83' lang='lat' dir='ltr'><strong>Dionysium</strong></span> <span class='ocrx_word' id='word_1_516' title='bbox 590 3463 678 3535; x_wconf 85' lang='lat' dir='ltr'><strong>juxta</strong></span> <span class='ocrx_word' id='word_1_517' title='bbox 695 3467 811 3538; x_wconf 86' lang='lat' dir='ltr'><strong>patrem</strong></span> <span class='ocrx_word' id='word_1_518' title='bbox 841 3479 930 3520; x_wconf 90' lang='lat' dir='ltr'><strong>suum</strong></span> <span class='ocrx_word' id='word_1_519' title='bbox 983 3471 1101 3528; x_wconf 62' lang='lat' dir='ltr'><strong>tadonis</strong></span> <span class='ocrx_word' id='word_1_520' title='bbox 1131 3469 1239 3528; x_wconf 63' lang='lat' dir='ltr'><strong>habuit</strong></span> <span class='ocrx_word' id='word_1_521' title='bbox 1274 3469 1448 3527; x_wconf 64' lang='lat' dir='ltr'><strong>auxiium?</strong></span> <span class='ocrx_word' id='word_1_522' title='bbox 1476 3470 1631 3532; x_wconf 59' lang='lat' dir='ltr'><strong>Domita„</strong></span> <span class='ocrx_word' id='word_1_523' title='bbox 1651 3473 1721 3546; x_wconf 64' lang='lat' dir='ltr'><strong>qui.</strong></span> <span class='ocrx_word' id='word_1_524' title='bbox 1748 3490 1811 3548; x_wconf 63' lang='lat' dir='ltr'><strong>pm</strong></span> 
     </span>
     <span class='ocr_line' id='line_1_39' title="bbox 96 3553 1811 3639; baseline 0.005 -25"><span class='ocrx_word' id='word_1_525' title='bbox 96 3556 243 3630; x_wconf 83' lang='lat' dir='ltr'><strong>sepelitur</strong></span> <span class='ocrx_word' id='word_1_526' title='bbox 255 3559 323 3612; x_wconf 80' lang='lat' dir='ltr'><strong>ante</strong></span> <span class='ocrx_word' id='word_1_527' title='bbox 334 3553 426 3610; x_wconf 62' lang='lat' dir='ltr'><strong>aime</strong></span> <span class='ocrx_word' id='word_1_528' title='bbox 437 3557 548 3610; x_wconf 62' lang='lat' dir='ltr'><strong>saneim</strong></span> <span class='ocrx_word' id='word_1_529' title='bbox 574 3553 731 3609; x_wconf 70' lang='lat' dir='ltr'><strong>Trinitatis.</strong></span> <span class='ocrx_word' id='word_1_530' title='bbox 758 3556 862 3610; x_wconf 72' lang='lat' dir='ltr'><strong>Fuerat</strong></span> <span class='ocrx_word' id='word_1_531' title='bbox 890 3553 931 3608; x_wconf 81' lang='lat' dir='ltr'><strong>ibi</strong></span> <span class='ocrx_word' id='word_1_532' title='bbox 983 3561 1072 3618; x_wconf 72' lang='lat' dir='ltr'><strong>taedio</strong></span> <span class='ocrx_word' id='word_1_533' title='bbox 1086 3563 1206 3617; x_wconf 89' lang='lat' dir='ltr'><strong>nonest</strong></span> <span class='ocrx_word' id='word_1_534' title='bbox 1231 3559 1388 3629; x_wconf 84' lang='lat' dir='ltr'><strong>evigilatus</strong></span> <span class='ocrx_word' id='word_1_535' title='bbox 1401 3575 1420 3616; x_wconf 92' lang='lat' dir='ltr'><strong>a</strong></span> <span class='ocrx_word' id='word_1_536' title='bbox 1434 3575 1542 3616; x_wconf 92' lang='lat' dir='ltr'><strong>somno</strong></span> <span class='ocrx_word' id='word_1_537' title='bbox 1555 3561 1570 3616; x_wconf 81' lang='lat' dir='ltr'><strong>l</strong></span> <span class='ocrx_word' id='word_1_538' title='bbox 1583 3561 1722 3620; x_wconf 91' lang='lat' dir='ltr'><strong>Laudans</strong></span> <span class='ocrx_word' id='word_1_539' title='bbox 1743 3565 1811 3639; x_wconf 90' lang='lat' dir='ltr'><strong>quis</strong></span> 
     </span>
     <span class='ocr_line' id='line_1_40' title="bbox 94 3641 1812 3724; baseline 0.004 -20"><span class='ocrx_word' id='word_1_540' title='bbox 94 3645 325 3716; x_wconf 83' lang='lat' dir='ltr'><strong>ingeminatus,</strong></span> <span class='ocrx_word' id='word_1_541' title='bbox 337 3642 533 3700; x_wconf 84' lang='lat' dir='ltr'><strong>intolerabilis</strong></span> <span class='ocrx_word' id='word_1_542' title='bbox 555 3641 652 3710; x_wconf 88' lang='lat' dir='ltr'><strong>dolor,</strong></span> <span class='ocrx_word' id='word_1_543' title='bbox 668 3642 743 3699; x_wconf 88' lang='lat' dir='ltr'><strong>dum</strong></span> <span class='ocrx_word' id='word_1_544' title='bbox 764 3643 929 3700; x_wconf 90' lang='lat' dir='ltr'><strong>monacho·</strong></span> <span class='ocrx_word' id='word_1_545' title='bbox 983 3653 1077 3707; x_wconf 84' lang='lat' dir='ltr'><strong>iteum</strong></span> <span class='ocrx_word' id='word_1_546' title='bbox 1108 3649 1190 3706; x_wconf 92' lang='lat' dir='ltr'><strong>hunc</strong></span> <span class='ocrx_word' id='word_1_547' title='bbox 1217 3664 1280 3708; x_wconf 91' lang='lat' dir='ltr'><strong>uon</strong></span> <span class='ocrx_word' id='word_1_548' title='bbox 1305 3647 1412 3706; x_wconf 88' lang='lat' dir='ltr'><strong>habuit</strong></span> <span class='ocrx_word' id='word_1_549' title='bbox 1438 3647 1470 3705; x_wconf 89' lang='lat' dir='ltr'><strong>in</strong></span> <span class='ocrx_word' id='word_1_550' title='bbox 1495 3651 1697 3724; x_wconf 78' lang='lat' dir='ltr'><strong>exemplum?</strong></span> <span class='ocrx_word' id='word_1_551' title='bbox 1732 3653 1812 3712; x_wconf 86' lang='lat' dir='ltr'><strong>iilae-</strong></span> 
     </span>
     <span class='ocr_line' id='line_1_41' title="bbox 95 3731 1813 3816; baseline 0.006 -26"><span class='ocrx_word' id='word_1_552' title='bbox 95 3753 170 3794; x_wconf 86' lang='lat' dir='ltr'><strong>rum</strong></span> <span class='ocrx_word' id='word_1_553' title='bbox 184 3735 385 3806; x_wconf 83' lang='lat' dir='ltr'><strong>ingemiscens</strong></span> <span class='ocrx_word' id='word_1_554' title='bbox 395 3732 484 3790; x_wconf 87' lang='lat' dir='ltr'><strong>turba</strong></span> <span class='ocrx_word' id='word_1_555' title='bbox 510 3748 566 3806; x_wconf 89' lang='lat' dir='ltr'><strong>pro</strong></span> <span class='ocrx_word' id='word_1_556' title='bbox 580 3731 717 3790; x_wconf 79' lang='lat' dir='ltr'><strong>ahsenda</strong></span> <span class='ocrx_word' id='word_1_557' title='bbox 726 3733 801 3789; x_wconf 89' lang='lat' dir='ltr'><strong>tanti</strong></span> <span class='ocrx_word' id='word_1_558' title='bbox 825 3733 929 3806; x_wconf 85' lang='lat' dir='ltr'><strong>Patris,</strong></span> <span class='ocrx_word' id='word_1_559' title='bbox 982 3754 1145 3811; x_wconf 71' lang='lat' dir='ltr'><strong>morguam</strong></span> <span class='ocrx_word' id='word_1_560' title='bbox 1157 3736 1334 3811; x_wconf 75' lang='lat' dir='ltr'><strong>quiriacam</strong></span> <span class='ocrx_word' id='word_1_561' title='bbox 1346 3735 1522 3794; x_wconf 83' lang='lat' dir='ltr'><strong>desiderans</strong></span> <span class='ocrx_word' id='word_1_562' title='bbox 1535 3738 1617 3796; x_wconf 74' lang='lat' dir='ltr'><strong>hume</strong></span> <span class='ocrx_word' id='word_1_563' title='bbox 1628 3755 1691 3797; x_wconf 85' lang='lat' dir='ltr'><strong>nan</strong></span> <span class='ocrx_word' id='word_1_564' title='bbox 1704 3743 1813 3816; x_wconf 79' lang='lat' dir='ltr'><strong>ancipit</strong></span> 
     </span>
     <span class='ocr_line' id='line_1_42' title="bbox 96 3821 1811 3899; baseline 0.002 -16"><span class='ocrx_word' id='word_1_565' title='bbox 96 3824 276 3884; x_wconf 71' lang='lat' dir='ltr'><strong>emncorum</strong></span> <span class='ocrx_word' id='word_1_566' title='bbox 285 3822 512 3882; x_wconf 84' lang='lat' dir='ltr'><strong>innumerabilis</strong></span> <span class='ocrx_word' id='word_1_567' title='bbox 523 3821 683 3878; x_wconf 90' lang='lat' dir='ltr'><strong>multitudo</strong></span> <span class='ocrx_word' id='word_1_568' title='bbox 694 3837 846 3880; x_wconf 71' lang='lat' dir='ltr'><strong>erumnas</strong></span> <span class='ocrx_word' id='word_1_569' title='bbox 858 3839 930 3880; x_wconf 88' lang='lat' dir='ltr'><strong>snas</strong></span> <span class='ocrx_word' id='word_1_570' title='bbox 982 3827 1174 3896; x_wconf 87' lang='lat' dir='ltr'><strong>imitatorem,</strong></span> <span class='ocrx_word' id='word_1_571' title='bbox 1185 3825 1718 3899; x_wconf 74' lang='lat' dir='ltr'><strong>qussiaiiumlnamremttoaaaem</strong></span> <span class='ocrx_word' id='word_1_572' title='bbox 1741 3831 1811 3886; x_wconf 83' lang='lat' dir='ltr'><strong>dien</strong></span> 
     </span>
     <span class='ocr_line' id='line_1_43' title="bbox 95 3910 1810 3989; baseline 0 -15"><span class='ocrx_word' id='word_1_573' title='bbox 95 3916 141 3974; x_wconf 84' lang='lat' dir='ltr'><strong>ab</strong></span> <span class='ocrx_word' id='word_1_574' title='bbox 153 3915 219 3989; x_wconf 88' lang='lat' dir='ltr'><strong>ipso</strong></span> <span class='ocrx_word' id='word_1_575' title='bbox 234 3919 339 3974; x_wconf 88' lang='lat' dir='ltr'><strong>sancto</strong></span> <span class='ocrx_word' id='word_1_576' title='bbox 353 3913 402 3986; x_wconf 90' lang='lat' dir='ltr'><strong>pie</strong></span> <span class='ocrx_word' id='word_1_577' title='bbox 421 3912 569 3969; x_wconf 76' lang='lat' dir='ltr'><strong>relevatas</strong></span> <span class='ocrx_word' id='word_1_578' title='bbox 589 3910 705 3980; x_wconf 76' lang='lat' dir='ltr'><strong>dolens,</strong></span> <span class='ocrx_word' id='word_1_579' title='bbox 721 3911 881 3970; x_wconf 83' lang='lat' dir='ltr'><strong>viduarum</strong></span> <span class='ocrx_word' id='word_1_580' title='bbox 901 3918 931 3969; x_wconf 86' lang='lat' dir='ltr'><strong>et</strong></span> <span class='ocrx_word' id='word_1_581' title='bbox 983 3915 1217 3973; x_wconf 72' lang='lat' dir='ltr'><strong>Alexandrinum</strong></span> <span class='ocrx_word' id='word_1_582' title='bbox 1230 3912 1495 3988; x_wconf 83' lang='lat' dir='ltr'><strong>patriarchamqui</strong></span> <span class='ocrx_word' id='word_1_583' title='bbox 1504 3927 1560 3984; x_wconf 81' lang='lat' dir='ltr'><strong>pro</strong></span> <span class='ocrx_word' id='word_1_584' title='bbox 1574 3913 1639 3984; x_wconf 87' lang='lat' dir='ltr'><strong>ejus</strong></span> <span class='ocrx_word' id='word_1_585' title='bbox 1650 3914 1810 3988; x_wconf 84' lang='lat' dir='ltr'><strong>immensa,</strong></span> 
     </span>
     <span class='ocr_line' id='line_1_44' title="bbox 94 4001 1810 4079; baseline 0 -17"><span class='ocrx_word' id='word_1_586' title='bbox 94 4005 307 4078; x_wconf 82' lang='lat' dir='ltr'><strong>orphanorum</strong></span> <span class='ocrx_word' id='word_1_587' title='bbox 324 4003 459 4060; x_wconf 88' lang='lat' dir='ltr'><strong>infinitus</strong></span> <span class='ocrx_word' id='word_1_588' title='bbox 479 4017 635 4070; x_wconf 89' lang='lat' dir='ltr'><strong>numerus,</strong></span> <span class='ocrx_word' id='word_1_589' title='bbox 657 4001 804 4058; x_wconf 83' lang='lat' dir='ltr'><strong>beneficis</strong></span> <span class='ocrx_word' id='word_1_590' title='bbox 830 4001 870 4058; x_wconf 92' lang='lat' dir='ltr'><strong>ab</strong></span> <span class='ocrx_word' id='word_1_591' title='bbox 894 4017 931 4058; x_wconf 91' lang='lat' dir='ltr'><strong>eo</strong></span> <span class='ocrx_word' id='word_1_592' title='bbox 982 4021 1051 4079; x_wconf 77' lang='lat' dir='ltr'><strong>qua</strong></span> <span class='ocrx_word' id='word_1_593' title='bbox 1065 4005 1120 4060; x_wconf 92' lang='lat' dir='ltr'><strong>luit</strong></span> <span class='ocrx_word' id='word_1_594' title='bbox 1134 4019 1225 4077; x_wconf 88' lang='lat' dir='ltr'><strong>super</strong></span> <span class='ocrx_word' id='word_1_595' title='bbox 1236 4003 1364 4058; x_wconf 87' lang='lat' dir='ltr'><strong>miseros</strong></span> <span class='ocrx_word' id='word_1_596' title='bbox 1378 4006 1406 4057; x_wconf 87' lang='lat' dir='ltr'><strong>ct</strong></span> <span class='ocrx_word' id='word_1_597' title='bbox 1419 4015 1569 4072; x_wconf 85' lang='lat' dir='ltr'><strong>pauperes</strong></span> <span class='ocrx_word' id='word_1_598' title='bbox 1596 4001 1810 4076; x_wconf 60' lang='lat' dir='ltr'><strong>minaeorum,</strong></span> 
     </span>
    </p>
   </div>
   <div class='ocr_carea' id='block_1_3' title="bbox 94 4089 1901 4170">
    <p class='ocr_par' dir='ltr' id='par_1_4' title="bbox 94 4089 1901 4170">
     <span class='ocr_line' id='line_1_45' title="bbox 94 4089 1901 4170; baseline 0.001 -18"><span class='ocrx_word' id='word_1_599' title='bbox 94 4100 241 4170; x_wconf 88' lang='lat' dir='ltr'><strong>percepta</strong></span> <span class='ocrx_word' id='word_1_600' title='bbox 268 4093 439 4168; x_wconf 79' lang='lat' dir='ltr'><strong>deplorans,</strong></span> <span class='ocrx_word' id='word_1_601' title='bbox 464 4092 559 4149; x_wconf 83' lang='lat' dir='ltr'><strong>dabat</strong></span> <span class='ocrx_word' id='word_1_602' title='bbox 572 4107 663 4148; x_wconf 80' lang='lat' dir='ltr'><strong>voces</strong></span> <span class='ocrx_word' id='word_1_603' title='bbox 692 4090 732 4146; x_wconf 88' lang='lat' dir='ltr'><strong>ad</strong></span> <span class='ocrx_word' id='word_1_604' title='bbox 746 4090 855 4148; x_wconf 80' lang='lat' dir='ltr'><strong>eoelum</strong></span> <span class='ocrx_word' id='word_1_605' title='bbox 878 4091 933 4148; x_wconf 88' lang='lat' dir='ltr'><strong>irn-</strong></span> <span class='ocrx_word' id='word_1_606' title='bbox 982 4094 1151 4152; x_wconf 87' lang='lat' dir='ltr'><strong>misericors</strong></span> <span class='ocrx_word' id='word_1_607' title='bbox 1165 4091 1224 4148; x_wconf 91' lang='lat' dir='ltr'><strong>dici</strong></span> <span class='ocrx_word' id='word_1_608' title='bbox 1238 4096 1345 4148; x_wconf 80' lang='lat' dir='ltr'><strong>arasse</strong></span> <span class='ocrx_word' id='word_1_609' title='bbox 1360 4089 1536 4146; x_wconf 85' lang='lat' dir='ltr'><strong>meruitsua</strong></span> <span class='ocrx_word' id='word_1_610' title='bbox 1559 4089 1661 4150; x_wconf 79' lang='lat' dir='ltr'><strong>invita</strong></span> <span class='ocrx_word' id='word_1_611' title='bbox 1679 4093 1770 4154; x_wconf 79' lang='lat' dir='ltr'><strong>stnal</strong></span> <span class='ocrx_word' id='word_1_612' title='bbox 1783 4100 1813 4154; x_wconf 87' lang='lat' dir='ltr'><strong>ct</strong></span> <span class='ocrx_word' id='word_1_613' title='bbox 1900 4113 1901 4118; x_wconf 50' lang='lat'>¹</span> 
     </span>
    </p>
   </div>
   <div class='ocr_carea' id='block_1_4' title="bbox 91 4178 1815 5692">
    <p class='ocr_par' dir='ltr' id='par_1_5' title="bbox 91 4178 1813 5422">
     <span class='ocr_line' id='line_1_46' title="bbox 96 4178 1813 4261; baseline 0 -19"><span class='ocrx_word' id='word_1_614' title='bbox 96 4201 233 4242; x_wconf 85' lang='lat' dir='ltr'><strong>mensas.</strong></span> <span class='ocrx_word' id='word_1_615' title='bbox 250 4186 314 4242; x_wconf 85' lang='lat' dir='ltr'><strong>Una</strong></span> <span class='ocrx_word' id='word_1_616' title='bbox 327 4199 383 4258; x_wconf 90' lang='lat' dir='ltr'><strong>pro</strong></span> <span class='ocrx_word' id='word_1_617' title='bbox 395 4187 477 4239; x_wconf 84' lang='lat' dir='ltr'><strong>certo</strong></span> <span class='ocrx_word' id='word_1_618' title='bbox 501 4181 638 4238; x_wconf 89' lang='lat' dir='ltr'><strong>omnium</strong></span> <span class='ocrx_word' id='word_1_619' title='bbox 661 4196 721 4236; x_wconf 81' lang='lat' dir='ltr'><strong>vox</strong></span> <span class='ocrx_word' id='word_1_620' title='bbox 737 4197 744 4236; x_wconf 90' lang='lat'><strong>:</strong></span> <span class='ocrx_word' id='word_1_621' title='bbox 762 4202 776 4228; x_wconf 90' lang='lat'>«</span> <span class='ocrx_word' id='word_1_622' title='bbox 793 4183 853 4237; x_wconf 79' lang='lat' dir='ltr'><strong>iter</strong></span> <span class='ocrx_word' id='word_1_623' title='bbox 867 4195 932 4237; x_wconf 89' lang='lat' dir='ltr'><strong>ma·</strong></span> <span class='ocrx_word' id='word_1_624' title='bbox 981 4187 1013 4244; x_wconf 90' lang='lat' dir='ltr'><strong>in</strong></span> <span class='ocrx_word' id='word_1_625' title='bbox 1028 4184 1113 4243; x_wconf 92' lang='lat' dir='ltr'><strong>omni</strong></span> <span class='ocrx_word' id='word_1_626' title='bbox 1126 4187 1214 4240; x_wconf 86' lang='lat' dir='ltr'><strong>terra.</strong></span> <span class='ocrx_word' id='word_1_627' title='bbox 1229 4181 1387 4238; x_wconf 81' lang='lat' dir='ltr'><strong>Enimvero</strong></span> <span class='ocrx_word' id='word_1_628' title='bbox 1415 4195 1477 4236; x_wconf 89' lang='lat' dir='ltr'><strong>unu</strong></span> <span class='ocrx_word' id='word_1_629' title='bbox 1495 4178 1589 4238; x_wconf 89' lang='lat' dir='ltr'><strong>luitsi</strong></span> <span class='ocrx_word' id='word_1_630' title='bbox 1612 4181 1717 4242; x_wconf 84' lang='lat' dir='ltr'><strong>similis</strong></span> <span class='ocrx_word' id='word_1_631' title='bbox 1744 4191 1813 4261; x_wconf 82' lang='lat' dir='ltr'><strong>port</strong></span> 
     </span>
     <span class='ocr_line' id='line_1_47' title="bbox 96 4269 1811 4374; baseline 0.001 -43"><span class='ocrx_word' id='word_1_632' title='bbox 96 4291 168 4347; x_wconf 89' lang='lat' dir='ltr'><strong>gne,</strong></span> <span class='ocrx_word' id='word_1_633' title='bbox 186 4277 263 4332; x_wconf 83' lang='lat' dir='ltr'><strong>Deus</strong></span> <span class='ocrx_word' id='word_1_634' title='bbox 273 4275 363 4342; x_wconf 89' lang='lat' dir='ltr'><strong>bone,</strong></span> <span class='ocrx_word' id='word_1_635' title='bbox 380 4271 501 4346; x_wconf 86' lang='lat' dir='ltr'><strong>utquid</strong></span> <span class='ocrx_word' id='word_1_636' title='bbox 516 4288 572 4329; x_wconf 90' lang='lat' dir='ltr'><strong>nos</strong></span> <span class='ocrx_word' id='word_1_637' title='bbox 584 4269 736 4340; x_wconf 87' lang='lat' dir='ltr'><strong>interficis,</strong></span> <span class='ocrx_word' id='word_1_638' title='bbox 753 4287 824 4327; x_wconf 89' lang='lat' dir='ltr'><strong>cum</strong></span> <span class='ocrx_word' id='word_1_639' title='bbox 842 4271 965 4374; x_wconf 83' lang='lat' dir='ltr'><strong>nobisD</strong></span> <span class='ocrx_word' id='word_1_640' title='bbox 981 4278 1122 4333; x_wconf 82' lang='lat' dir='ltr'><strong>sanctum</strong></span> <span class='ocrx_word' id='word_1_641' title='bbox 1133 4272 1226 4330; x_wconf 86' lang='lat' dir='ltr'><strong>David</strong></span> <span class='ocrx_word' id='word_1_642' title='bbox 1245 4272 1282 4329; x_wconf 86' lang='lat' dir='ltr'><strong>de</strong></span> <span class='ocrx_word' id='word_1_643' title='bbox 1294 4270 1409 4328; x_wconf 80' lang='lat' dir='ltr'><strong>cuuads</strong></span> <span class='ocrx_word' id='word_1_644' title='bbox 1424 4269 1545 4342; x_wconf 83' lang='lat' dir='ltr'><strong>regibus</strong></span> <span class='ocrx_word' id='word_1_645' title='bbox 1559 4275 1643 4332; x_wconf 78' lang='lat' dir='ltr'><strong>terras</strong></span> <span class='ocrx_word' id='word_1_646' title='bbox 1657 4274 1689 4332; x_wconf 90' lang='lat' dir='ltr'><strong>in</strong></span> <span class='ocrx_word' id='word_1_647' title='bbox 1701 4279 1811 4338; x_wconf 80' lang='lat' dir='ltr'><strong>sanads</strong></span> 
     </span>
     <span class='ocr_line' id='line_1_48' title="bbox 95 4358 1811 4436; baseline -0.006 -15"><span class='ocrx_word' id='word_1_648' title='bbox 95 4367 217 4422; x_wconf 81' lang='lat' dir='ltr'><strong>Patrem</strong></span> <span class='ocrx_word' id='word_1_649' title='bbox 232 4363 349 4420; x_wconf 91' lang='lat' dir='ltr'><strong>bonum</strong></span> <span class='ocrx_word' id='word_1_650' title='bbox 364 4361 526 4430; x_wconf 85' lang='lat' dir='ltr'><strong>abstrahis,</strong></span> <span class='ocrx_word' id='word_1_651' title='bbox 542 4365 572 4418; x_wconf 88' lang='lat' dir='ltr'><strong>et</strong></span> <span class='ocrx_word' id='word_1_652' title='bbox 584 4360 638 4418; x_wconf 91' lang='lat' dir='ltr'><strong>tibi</strong></span> <span class='ocrx_word' id='word_1_653' title='bbox 649 4359 791 4432; x_wconf 75' lang='lat' dir='ltr'><strong>adJnngis</strong></span> <span class='ocrx_word' id='word_1_654' title='bbox 806 4360 821 4415; x_wconf 81' lang='lat' dir='ltr'><strong>i</strong></span> <span class='ocrx_word' id='word_1_655' title='bbox 837 4383 852 4410; x_wconf 88' lang='lat'>»</span> <span class='ocrx_word' id='word_1_656' title='bbox 875 4363 931 4417; x_wconf 85' lang='lat' dir='ltr'><strong>Pu-</strong></span> <span class='ocrx_word' id='word_1_657' title='bbox 981 4362 1151 4431; x_wconf 78' lang='lat' dir='ltr'><strong>virtutihus,</strong></span> <span class='ocrx_word' id='word_1_658' title='bbox 1162 4360 1340 4431; x_wconf 84' lang='lat' dir='ltr'><strong>humilitate,</strong></span> <span class='ocrx_word' id='word_1_659' title='bbox 1358 4358 1572 4431; x_wconf 80' lang='lat' dir='ltr'><strong>misericordia,</strong></span> <span class='ocrx_word' id='word_1_660' title='bbox 1579 4362 1688 4436; x_wconf 69' lang='lat' dir='ltr'><strong>pietat.</strong></span> <span class='ocrx_word' id='word_1_661' title='bbox 1701 4370 1731 4425; x_wconf 56' lang='grc' dir='ltr'><strong>ει</strong></span> <span class='ocrx_word' id='word_1_662' title='bbox 1740 4367 1811 4426; x_wconf 58' lang='lat'><strong>011⁸.</strong></span> 
     </span>
     <span class='ocr_line' id='line_1_49' title="bbox 94 4447 1811 4527; baseline 0.002 -18"><span class='ocrx_word' id='word_1_663' title='bbox 94 4453 169 4524; x_wconf 82' lang='lat' dir='ltr'><strong>guis</strong></span> <span class='ocrx_word' id='word_1_664' title='bbox 182 4452 261 4512; x_wconf 82' lang='lat' dir='ltr'><strong>enim</strong></span> <span class='ocrx_word' id='word_1_665' title='bbox 275 4457 397 4527; x_wconf 84' lang='lat' dir='ltr'><strong>pectora</strong></span> <span class='ocrx_word' id='word_1_666' title='bbox 406 4450 604 4525; x_wconf 82' lang='lat' dir='ltr'><strong>percutientes</strong></span> <span class='ocrx_word' id='word_1_667' title='bbox 613 4449 699 4507; x_wconf 88' lang='lat' dir='ltr'><strong>ibant</strong></span> <span class='ocrx_word' id='word_1_668' title='bbox 710 4454 738 4507; x_wconf 86' lang='lat' dir='ltr'><strong>et</strong></span> <span class='ocrx_word' id='word_1_669' title='bbox 746 4449 934 4506; x_wconf 80' lang='lat' dir='ltr'><strong>reverteban—</strong></span> <span class='ocrx_word' id='word_1_670' title='bbox 981 4450 1077 4522; x_wconf 88' lang='lat' dir='ltr'><strong>ritate,</strong></span> <span class='ocrx_word' id='word_1_671' title='bbox 1091 4466 1162 4524; x_wconf 73' lang='lat' dir='ltr'><strong>qun</strong></span> <span class='ocrx_word' id='word_1_672' title='bbox 1186 4465 1278 4525; x_wconf 85' lang='lat' dir='ltr'><strong>super</strong></span> <span class='ocrx_word' id='word_1_673' title='bbox 1286 4465 1396 4508; x_wconf 79' lang='lat' dir='ltr'><strong>ornnes</strong></span> <span class='ocrx_word' id='word_1_674' title='bbox 1408 4454 1455 4506; x_wconf 88' lang='lat' dir='ltr'><strong>sst</strong></span> <span class='ocrx_word' id='word_1_675' title='bbox 1476 4453 1505 4507; x_wconf 90' lang='lat' dir='ltr'><strong>et</strong></span> <span class='ocrx_word' id='word_1_676' title='bbox 1516 4447 1811 4526; x_wconf 69' lang='lat' dir='ltr'><strong>dneqaanemori-</strong></span> 
     </span>
     <span class='ocr_line' id='line_1_50' title="bbox 95 4538 1812 4616; baseline -0.001 -16"><span class='ocrx_word' id='word_1_677' title='bbox 95 4547 151 4600; x_wconf 84' lang='lat' dir='ltr'><strong>tur</strong></span> <span class='ocrx_word' id='word_1_678' title='bbox 166 4541 308 4602; x_wconf 71' lang='lat' dir='ltr'><strong>admeti</strong></span> <span class='ocrx_word' id='word_1_679' title='bbox 334 4541 495 4610; x_wconf 88' lang='lat' dir='ltr'><strong>tumulum,</strong></span> <span class='ocrx_word' id='word_1_680' title='bbox 511 4544 677 4614; x_wconf 80' lang='lat' dir='ltr'><strong>repetentes</strong></span> <span class='ocrx_word' id='word_1_681' title='bbox 696 4540 761 4612; x_wconf 80' lang='lat' dir='ltr'><strong>jam</strong></span> <span class='ocrx_word' id='word_1_682' title='bbox 785 4539 856 4597; x_wconf 90' lang='lat' dir='ltr'><strong>dicti</strong></span> <span class='ocrx_word' id='word_1_683' title='bbox 870 4557 932 4598; x_wconf 87' lang='lat' dir='ltr'><strong>sar·</strong></span> <span class='ocrx_word' id='word_1_684' title='bbox 983 4540 1065 4598; x_wconf 82' lang='lat' dir='ltr'><strong>debit</strong></span> <span class='ocrx_word' id='word_1_685' title='bbox 1078 4543 1182 4610; x_wconf 79' lang='lat' dir='ltr'><strong>baum,</strong></span> <span class='ocrx_word' id='word_1_686' title='bbox 1198 4538 1533 4616; x_wconf 81' lang='lat' dir='ltr'><strong>quianamperadhrssit</strong></span> <span class='ocrx_word' id='word_1_687' title='bbox 1554 4541 1681 4596; x_wconf 66' lang='lat' dir='ltr'><strong>manino</strong></span> <span class='ocrx_word' id='word_1_688' title='bbox 1694 4546 1725 4598; x_wconf 87' lang='lat' dir='ltr'><strong>et</strong></span> <span class='ocrx_word' id='word_1_689' title='bbox 1749 4555 1812 4599; x_wconf 83' lang='lat' dir='ltr'><strong>nou</strong></span> 
     </span>
     <span class='ocr_line' id='line_1_51' title="bbox 94 4627 1810 4703; baseline -0.001 -14"><span class='ocrx_word' id='word_1_690' title='bbox 94 4631 199 4690; x_wconf 89' lang='lat' dir='ltr'><strong>monis</strong></span> <span class='ocrx_word' id='word_1_691' title='bbox 221 4631 414 4699; x_wconf 76' lang='lat' dir='ltr'><strong>semirutum,</strong></span> <span class='ocrx_word' id='word_1_692' title='bbox 440 4631 615 4703; x_wconf 83' lang='lat' dir='ltr'><strong>adjicientes</strong></span> <span class='ocrx_word' id='word_1_693' title='bbox 639 4633 672 4686; x_wconf 89' lang='lat' dir='ltr'><strong>ut</strong></span> <span class='ocrx_word' id='word_1_694' title='bbox 689 4630 881 4688; x_wconf 84' lang='lat' dir='ltr'><strong>misereretur</strong></span> <span class='ocrx_word' id='word_1_695' title='bbox 904 4630 932 4687; x_wconf 85' lang='lat' dir='ltr'><strong>ei</strong></span> <span class='ocrx_word' id='word_1_696' title='bbox 982 4630 1301 4688; x_wconf 85' lang='lat' dir='ltr'><strong>recessitamandatis</strong></span> <span class='ocrx_word' id='word_1_697' title='bbox 1314 4632 1382 4703; x_wconf 80' lang='lat' dir='ltr'><strong>ejus</strong></span> <span class='ocrx_word' id='word_1_698' title='bbox 1407 4627 1496 4688; x_wconf 81' lang='lat' dir='ltr'><strong>eorda</strong></span> <span class='ocrx_word' id='word_1_699' title='bbox 1517 4627 1657 4701; x_wconf 81' lang='lat' dir='ltr'><strong>perlecta.</strong></span> <span class='ocrx_word' id='word_1_700' title='bbox 1690 4631 1810 4698; x_wconf 67' lang='lat' dir='ltr'><strong>Gabra,</strong></span> 
     </span>
     <span class='ocr_line' id='line_1_52' title="bbox 95 4714 1811 4794; baseline -0.003 -14"><span class='ocrx_word' id='word_1_701' title='bbox 95 4727 177 4780; x_wconf 81' lang='lat' dir='ltr'><strong>nens</strong></span> <span class='ocrx_word' id='word_1_702' title='bbox 191 4721 222 4778; x_wconf 91' lang='lat' dir='ltr'><strong>in</strong></span> <span class='ocrx_word' id='word_1_703' title='bbox 245 4723 362 4780; x_wconf 86' lang='lat' dir='ltr'><strong>bonum</strong></span> <span class='ocrx_word' id='word_1_704' title='bbox 389 4719 528 4794; x_wconf 87' lang='lat' dir='ltr'><strong>precibus</strong></span> <span class='ocrx_word' id='word_1_705' title='bbox 553 4719 690 4776; x_wconf 84' lang='lat' dir='ltr'><strong>omnium</strong></span> <span class='ocrx_word' id='word_1_706' title='bbox 714 4723 888 4776; x_wconf 82' lang='lat' dir='ltr'><strong>sanctorum</strong></span> <span class='ocrx_word' id='word_1_707' title='bbox 901 4719 932 4776; x_wconf 93' lang='lat' dir='ltr'><strong>in</strong></span> <span class='ocrx_word' id='word_1_708' title='bbox 983 4735 1053 4792; x_wconf 79' lang='lat' dir='ltr'><strong>quae</strong></span> <span class='ocrx_word' id='word_1_709' title='bbox 1068 4723 1137 4776; x_wconf 89' lang='lat' dir='ltr'><strong>sunt</strong></span> <span class='ocrx_word' id='word_1_710' title='bbox 1150 4719 1188 4776; x_wconf 88' lang='lat' dir='ltr'><strong>de</strong></span> <span class='ocrx_word' id='word_1_711' title='bbox 1201 4719 1300 4776; x_wconf 80' lang='lat' dir='ltr'><strong>saecrdi</strong></span> <span class='ocrx_word' id='word_1_712' title='bbox 1315 4717 1438 4786; x_wconf 85' lang='lat' dir='ltr'><strong>militiis,</strong></span> <span class='ocrx_word' id='word_1_713' title='bbox 1456 4714 1593 4772; x_wconf 86' lang='lat' dir='ltr'><strong>hostibus</strong></span> <span class='ocrx_word' id='word_1_714' title='bbox 1607 4717 1740 4785; x_wconf 64' lang='lat' dir='ltr'><strong>denuda</strong></span> <span class='ocrx_word' id='word_1_715' title='bbox 1756 4719 1811 4774; x_wconf 92' lang='lat' dir='ltr'><strong>ho-</strong></span> 
     </span>
     <span class='ocr_line' id='line_1_53' title="bbox 93 4805 1811 4884; baseline -0.002 -16"><span class='ocrx_word' id='word_1_716' title='bbox 93 4811 244 4870; x_wconf 82' lang='lat' dir='ltr'><strong>aaeculum</strong></span> <span class='ocrx_word' id='word_1_717' title='bbox 255 4810 481 4884; x_wconf 78' lang='lat' dir='ltr'><strong>sempiternum.</strong></span> <span class='ocrx_word' id='word_1_718' title='bbox 497 4813 528 4866; x_wconf 92' lang='lat' dir='ltr'><strong>ln</strong></span> <span class='ocrx_word' id='word_1_719' title='bbox 543 4809 629 4880; x_wconf 88' lang='lat' dir='ltr'><strong>cnjus</strong></span> <span class='ocrx_word' id='word_1_720' title='bbox 641 4812 747 4882; x_wconf 88' lang='lat' dir='ltr'><strong>morte,</strong></span> <span class='ocrx_word' id='word_1_721' title='bbox 761 4809 839 4866; x_wconf 86' lang='lat' dir='ltr'><strong>hsul</strong></span> <span class='ocrx_word' id='word_1_722' title='bbox 854 4810 931 4883; x_wconf 91' lang='lat' dir='ltr'><strong>proh</strong></span> <span class='ocrx_word' id='word_1_723' title='bbox 984 4809 1109 4866; x_wconf 90' lang='lat' dir='ltr'><strong>norihus</strong></span> <span class='ocrx_word' id='word_1_724' title='bbox 1124 4810 1230 4867; x_wconf 76' lang='lat' dir='ltr'><strong>virtute</strong></span> <span class='ocrx_word' id='word_1_725' title='bbox 1245 4815 1274 4868; x_wconf 91' lang='lat' dir='ltr'><strong>et</strong></span> <span class='ocrx_word' id='word_1_726' title='bbox 1287 4807 1408 4880; x_wconf 80' lang='lat' dir='ltr'><strong>ingenio</strong></span> <span class='ocrx_word' id='word_1_727' title='bbox 1430 4805 1593 4878; x_wconf 80' lang='lat' dir='ltr'><strong>aeqrdsitis,</strong></span> <span class='ocrx_word' id='word_1_728' title='bbox 1616 4807 1811 4879; x_wconf 83' lang='lat' dir='ltr'><strong>historiogra-</strong></span> 
     </span>
     <span class='ocr_line' id='line_1_54' title="bbox 93 4895 1812 4971; baseline -0.003 -13"><span class='ocrx_word' id='word_1_729' title='bbox 93 4899 213 4958; x_wconf 89' lang='lat' dir='ltr'><strong>dolort</strong></span> <span class='ocrx_word' id='word_1_730' title='bbox 242 4899 434 4971; x_wconf 87' lang='lat' dir='ltr'><strong>ingeminatis</strong></span> <span class='ocrx_word' id='word_1_731' title='bbox 467 4899 591 4956; x_wconf 86' lang='lat' dir='ltr'><strong>vocibus</strong></span> <span class='ocrx_word' id='word_1_732' title='bbox 626 4898 826 4956; x_wconf 88' lang='lat' dir='ltr'><strong>acclamatum</strong></span> <span class='ocrx_word' id='word_1_733' title='bbox 855 4903 930 4956; x_wconf 85' lang='lat' dir='ltr'><strong>ast:</strong></span> <span class='ocrx_word' id='word_1_734' title='bbox 982 4898 1052 4971; x_wconf 92' lang='lat' dir='ltr'><strong>phis</strong></span> <span class='ocrx_word' id='word_1_735' title='bbox 1063 4899 1222 4962; x_wconf 83' lang='lat' dir='ltr'><strong>scribenda</strong></span> <span class='ocrx_word' id='word_1_736' title='bbox 1247 4897 1456 4970; x_wconf 83' lang='lat' dir='ltr'><strong>relinquimus.</strong></span> <span class='ocrx_word' id='word_1_737' title='bbox 1480 4897 1538 4965; x_wconf 78' lang='lat' dir='ltr'><strong>Qui</strong></span> <span class='ocrx_word' id='word_1_738' title='bbox 1565 4895 1711 4951; x_wconf 87' lang='lat' dir='ltr'><strong>stiuerint</strong></span> <span class='ocrx_word' id='word_1_739' title='bbox 1733 4899 1812 4954; x_wconf 86' lang='lat' dir='ltr'><strong>etea</strong></span> 
     </span>
     <span class='ocr_line' id='line_1_55' title="bbox 93 4983 1813 5062; baseline 0.002 -22"><span class='ocrx_word' id='word_1_740' title='bbox 93 5012 112 5040; x_wconf 85' lang='grc'><strong>«</strong></span> <span class='ocrx_word' id='word_1_741' title='bbox 126 4988 267 5048; x_wconf 77' lang='lat' dir='ltr'><strong>lictberto</strong></span> <span class='ocrx_word' id='word_1_742' title='bbox 289 4988 457 5062; x_wconf 83' lang='lat' dir='ltr'><strong>imperante</strong></span> <span class='ocrx_word' id='word_1_743' title='bbox 483 4993 511 5046; x_wconf 87' lang='lat' dir='ltr'><strong>et</strong></span> <span class='ocrx_word' id='word_1_744' title='bbox 534 4993 665 5058; x_wconf 83' lang='lat' dir='ltr'><strong>regente,</strong></span> <span class='ocrx_word' id='word_1_745' title='bbox 681 4987 778 5044; x_wconf 84' lang='lat' dir='ltr'><strong>securi</strong></span> <span class='ocrx_word' id='word_1_746' title='bbox 789 4986 929 5054; x_wconf 73' lang='lat' dir='ltr'><strong>viximus,</strong></span> <span class='ocrx_word' id='word_1_747' title='bbox 981 4988 1220 5062; x_wconf 76' lang='lat' dir='ltr'><strong>scriptitaverint,</strong></span> <span class='ocrx_word' id='word_1_748' title='bbox 1236 4987 1389 5046; x_wconf 84' lang='lat' dir='ltr'><strong>invenient</strong></span> <span class='ocrx_word' id='word_1_749' title='bbox 1399 4988 1482 5044; x_wconf 86' lang='lat' dir='ltr'><strong>ineis</strong></span> <span class='ocrx_word' id='word_1_750' title='bbox 1496 4989 1613 5061; x_wconf 84' lang='lat' dir='ltr'><strong>patrem</strong></span> <span class='ocrx_word' id='word_1_751' title='bbox 1625 4983 1741 5041; x_wconf 84' lang='lat' dir='ltr'><strong>etliiics</strong></span> <span class='ocrx_word' id='word_1_752' title='bbox 1753 4985 1813 5043; x_wconf 80' lang='lat' dir='ltr'><strong>bal·</strong></span> 
     </span>
     <span class='ocr_line' id='line_1_56' title="bbox 91 5074 1812 5150; baseline -0.001 -15"><span class='ocrx_word' id='word_1_753' title='bbox 91 5078 252 5136; x_wconf 77' lang='lat' dir='ltr'><strong>nendnem</strong></span> <span class='ocrx_word' id='word_1_754' title='bbox 261 5077 427 5138; x_wconf 88' lang='lat' dir='ltr'><strong>timuimus.</strong></span> <span class='ocrx_word' id='word_1_755' title='bbox 445 5077 521 5135; x_wconf 89' lang='lat' dir='ltr'><strong>Patri</strong></span> <span class='ocrx_word' id='word_1_756' title='bbox 534 5076 684 5150; x_wconf 89' lang='lat' dir='ltr'><strong>pio‚patri</strong></span> <span class='ocrx_word' id='word_1_757' title='bbox 704 5078 836 5145; x_wconf 86' lang='lat' dir='ltr'><strong>senatus,</strong></span> <span class='ocrx_word' id='word_1_758' title='bbox 853 5077 932 5150; x_wconf 86' lang='lat' dir='ltr'><strong>patri</strong></span> <span class='ocrx_word' id='word_1_759' title='bbox 983 5077 1017 5134; x_wconf 86' lang='lat' dir='ltr'><strong>lis</strong></span> <span class='ocrx_word' id='word_1_760' title='bbox 1031 5074 1324 5148; x_wconf 80' lang='lat' dir='ltr'><strong>inelytosetinsigni</strong></span> <span class='ocrx_word' id='word_1_761' title='bbox 1343 5076 1438 5147; x_wconf 83' lang='lat' dir='ltr'><strong>gloria</strong></span> <span class='ocrx_word' id='word_1_762' title='bbox 1452 5075 1611 5147; x_wconf 87' lang='lat' dir='ltr'><strong>gloriosos.</strong></span> <span class='ocrx_word' id='word_1_763' title='bbox 1639 5075 1706 5131; x_wconf 78' lang='lat' dir='ltr'><strong>tam</strong></span> <span class='ocrx_word' id='word_1_764' title='bbox 1728 5091 1812 5133; x_wconf 83' lang='lat' dir='ltr'><strong>nune</strong></span> 
     </span>
     <span class='ocr_line' id='line_1_57' title="bbox 93 5163 1812 5238; baseline -0.002 -12"><span class='ocrx_word' id='word_1_765' title='bbox 93 5168 237 5226; x_wconf 89' lang='lat' dir='ltr'><strong>omnium</strong></span> <span class='ocrx_word' id='word_1_766' title='bbox 250 5167 413 5238; x_wconf 88' lang='lat' dir='ltr'><strong>bonorum,</strong></span> <span class='ocrx_word' id='word_1_767' title='bbox 433 5167 503 5223; x_wconf 84' lang='lat' dir='ltr'><strong>lelix</strong></span> <span class='ocrx_word' id='word_1_768' title='bbox 517 5166 619 5222; x_wconf 88' lang='lat' dir='ltr'><strong>anima</strong></span> <span class='ocrx_word' id='word_1_769' title='bbox 647 5165 867 5236; x_wconf 83' lang='lat' dir='ltr'><strong>etsalus,leli1</strong></span> <span class='ocrx_word' id='word_1_770' title='bbox 892 5166 932 5223; x_wconf 87' lang='lat' dir='ltr'><strong>ad</strong></span> <span class='ocrx_word' id='word_1_771' title='bbox 982 5164 1213 5230; x_wconf 82' lang='lat' dir='ltr'><strong>monachorum,</strong></span> <span class='ocrx_word' id='word_1_772' title='bbox 1230 5163 1812 5238; x_wconf 76' lang='lat' dir='ltr'><strong>eladoorum,riduarnm,orphauorum</strong></span> 
     </span>
     <span class='ocr_line' id='line_1_58' title="bbox 94 5253 1813 5331; baseline -0.002 -15"><span class='ocrx_word' id='word_1_773' title='bbox 94 5273 232 5331; x_wconf 81' lang='lat' dir='ltr'><strong>superna</strong></span> <span class='ocrx_word' id='word_1_774' title='bbox 256 5273 409 5328; x_wconf 88' lang='lat' dir='ltr'><strong>ascensus,</strong></span> <span class='ocrx_word' id='word_1_775' title='bbox 432 5255 501 5312; x_wconf 83' lang='lat' dir='ltr'><strong>lelix</strong></span> <span class='ocrx_word' id='word_1_776' title='bbox 529 5271 598 5312; x_wconf 85' lang='lat' dir='ltr'><strong>eum</strong></span> <span class='ocrx_word' id='word_1_777' title='bbox 613 5253 730 5312; x_wconf 87' lang='lat' dir='ltr'><strong>Christo</strong></span> <span class='ocrx_word' id='word_1_778' title='bbox 744 5269 815 5324; x_wconf 89' lang='lat' dir='ltr'><strong>rege</strong></span> <span class='ocrx_word' id='word_1_779' title='bbox 824 5271 931 5326; x_wconf 87' lang='lat' dir='ltr'><strong>regum</strong></span> <span class='ocrx_word' id='word_1_780' title='bbox 982 5259 1012 5310; x_wconf 89' lang='lat' dir='ltr'><strong>et</strong></span> <span class='ocrx_word' id='word_1_781' title='bbox 1021 5253 1159 5310; x_wconf 91' lang='lat' dir='ltr'><strong>omnium</strong></span> <span class='ocrx_word' id='word_1_782' title='bbox 1172 5268 1341 5326; x_wconf 86' lang='lat' dir='ltr'><strong>pauperum</strong></span> <span class='ocrx_word' id='word_1_783' title='bbox 1354 5254 1461 5312; x_wconf 84' lang='lat' dir='ltr'><strong>Christi</strong></span> <span class='ocrx_word' id='word_1_784' title='bbox 1474 5270 1511 5311; x_wconf 81' lang='lat' dir='ltr'><strong>ax</strong></span> <span class='ocrx_word' id='word_1_785' title='bbox 1525 5257 1609 5328; x_wconf 87' lang='lat' dir='ltr'><strong>parte</strong></span> <span class='ocrx_word' id='word_1_786' title='bbox 1624 5253 1739 5312; x_wconf 88' lang='lat' dir='ltr'><strong>habeas</strong></span> <span class='ocrx_word' id='word_1_787' title='bbox 1748 5271 1813 5329; x_wconf 88' lang='lat' dir='ltr'><strong>per-</strong></span> 
     </span>
     <span class='ocr_line' id='line_1_59' title="bbox 93 5341 1810 5422; baseline -0.001 -18"><span class='ocrx_word' id='word_1_788' title='bbox 93 5363 153 5422; x_wconf 84' lang='lat' dir='ltr'><strong>per</strong></span> <span class='ocrx_word' id='word_1_789' title='bbox 167 5347 279 5405; x_wconf 72' lang='lat' dir='ltr'><strong>secula</strong></span> <span class='ocrx_word' id='word_1_790' title='bbox 292 5345 484 5405; x_wconf 85' lang='lat' dir='ltr'><strong>cohabitatio.</strong></span> <span class='ocrx_word' id='word_1_791' title='bbox 501 5367 514 5394; x_wconf 74' lang='lat' dir='ltr'><strong>a</strong></span> <span class='ocrx_word' id='word_1_792' title='bbox 981 5346 1108 5417; x_wconf 81' lang='lat' dir='ltr'><strong>potuum</strong></span> <span class='ocrx_word' id='word_1_793' title='bbox 1122 5341 1200 5413; x_wconf 83' lang='lat' dir='ltr'><strong>vale,</strong></span> <span class='ocrx_word' id='word_1_794' title='bbox 1215 5347 1318 5400; x_wconf 81' lang='lat' dir='ltr'><strong>noster</strong></span> <span class='ocrx_word' id='word_1_795' title='bbox 1339 5343 1542 5417; x_wconf 78' lang='lat' dir='ltr'><strong>praecordialis</strong></span> <span class='ocrx_word' id='word_1_796' title='bbox 1562 5361 1648 5402; x_wconf 84' lang='lat' dir='ltr'><strong>amor</strong></span> <span class='ocrx_word' id='word_1_797' title='bbox 1662 5345 1810 5413; x_wconf 75' lang='lat' dir='ltr'><strong>norberte,</strong></span> 
     </span>
    </p>

    <p class='ocr_par' dir='ltr' id='par_1_6' title="bbox 92 5430 1815 5692">
     <span class='ocr_line' id='line_1_60' title="bbox 135 5430 1812 5511; baseline -0.004 -16"><span class='ocrx_word' id='word_1_798' title='bbox 135 5439 231 5511; x_wconf 88' lang='lat' dir='ltr'><strong>iiujus</strong></span> <span class='ocrx_word' id='word_1_799' title='bbox 242 5437 332 5509; x_wconf 89' lang='lat' dir='ltr'><strong>igitur</strong></span> <span class='ocrx_word' id='word_1_800' title='bbox 344 5434 489 5493; x_wconf 90' lang='lat' dir='ltr'><strong>mirabilis</strong></span> <span class='ocrx_word' id='word_1_801' title='bbox 511 5433 589 5503; x_wconf 88' lang='lat' dir='ltr'><strong>regis</strong></span> <span class='ocrx_word' id='word_1_802' title='bbox 602 5431 699 5506; x_wconf 91' lang='lat' dir='ltr'><strong>portio</strong></span> <span class='ocrx_word' id='word_1_803' title='bbox 711 5431 742 5488; x_wconf 92' lang='lat' dir='ltr'><strong>in</strong></span> <span class='ocrx_word' id='word_1_804' title='bbox 766 5431 932 5490; x_wconf 83' lang='lat' dir='ltr'><strong>coelestire-</strong></span> <span class='ocrx_word' id='word_1_805' title='bbox 982 5435 1011 5488; x_wconf 89' lang='lat' dir='ltr'><strong>et</strong></span> <span class='ocrx_word' id='word_1_806' title='bbox 1036 5430 1137 5505; x_wconf 81' lang='lat' dir='ltr'><strong>proles</strong></span> <span class='ocrx_word' id='word_1_807' title='bbox 1158 5446 1262 5505; x_wconf 85' lang='lat' dir='ltr'><strong>preces</strong></span> <span class='ocrx_word' id='word_1_808' title='bbox 1298 5447 1352 5506; x_wconf 92' lang='lat' dir='ltr'><strong>pro</strong></span> <span class='ocrx_word' id='word_1_809' title='bbox 1386 5449 1471 5490; x_wconf 83' lang='lat' dir='ltr'><strong>servo</strong></span> <span class='ocrx_word' id='word_1_810' title='bbox 1492 5433 1673 5508; x_wconf 86' lang='lat' dir='ltr'><strong>propitiabili</strong></span> <span class='ocrx_word' id='word_1_811' title='bbox 1698 5434 1812 5492; x_wconf 85' lang='lat' dir='ltr'><strong>Christo</strong></span> 
     </span>
     <span class='ocr_line' id='line_1_61' title="bbox 94 5518 1811 5600; baseline -0.001 -16"><span class='ocrx_word' id='word_1_812' title='bbox 94 5542 161 5600; x_wconf 90' lang='lat' dir='ltr'><strong>gno</strong></span> <span class='ocrx_word' id='word_1_813' title='bbox 175 5526 231 5584; x_wconf 89' lang='lat' dir='ltr'><strong>luit</strong></span> <span class='ocrx_word' id='word_1_814' title='bbox 245 5525 391 5584; x_wconf 86' lang='lat' dir='ltr'><strong>Dominus</strong></span> <span class='ocrx_word' id='word_1_815' title='bbox 400 5526 488 5581; x_wconf 91' lang='lat' dir='ltr'><strong>Deus.</strong></span> <span class='ocrx_word' id='word_1_816' title='bbox 501 5520 614 5578; x_wconf 83' lang='lat' dir='ltr'><strong>Etenim</strong></span> <span class='ocrx_word' id='word_1_817' title='bbox 629 5518 781 5578; x_wconf 74' lang='lat' dir='ltr'><strong>nouanda</strong></span> <span class='ocrx_word' id='word_1_818' title='bbox 793 5523 847 5576; x_wconf 88' lang='lat' dir='ltr'><strong>est.</strong></span> <span class='ocrx_word' id='word_1_819' title='bbox 861 5521 930 5577; x_wconf 78' lang='lat' dir='ltr'><strong>i&#39;as-</strong></span> <span class='ocrx_word' id='word_1_820' title='bbox 982 5527 1052 5592; x_wconf 82' lang='lat' dir='ltr'><strong>Deo,</strong></span> <span class='ocrx_word' id='word_1_821' title='bbox 1076 5521 1125 5580; x_wconf 88' lang='lat' dir='ltr'><strong>cui</strong></span> <span class='ocrx_word' id='word_1_822' title='bbox 1151 5522 1359 5596; x_wconf 80' lang='lat' dir='ltr'><strong>complacuisti</strong></span> <span class='ocrx_word' id='word_1_823' title='bbox 1386 5523 1530 5584; x_wconf 82' lang='lat' dir='ltr'><strong>laudabili</strong></span> <span class='ocrx_word' id='word_1_824' title='bbox 1556 5525 1619 5583; x_wconf 84' lang='lat' dir='ltr'><strong>vita</strong></span> <span class='ocrx_word' id='word_1_825' title='bbox 1640 5528 1670 5581; x_wconf 87' lang='lat' dir='ltr'><strong>at</strong></span> <span class='ocrx_word' id='word_1_826' title='bbox 1693 5523 1811 5582; x_wconf 78' lang='lat' dir='ltr'><strong>servitio</strong></span> 
     </span>
     <span class='ocr_line' id='line_1_62' title="bbox 92 5607 1815 5692; baseline -0.002 -14"><span class='ocrx_word' id='word_1_827' title='bbox 92 5617 172 5688; x_wconf 77' lang='lat' dir='ltr'><strong>tigio</strong></span> <span class='ocrx_word' id='word_1_828' title='bbox 192 5617 278 5692; x_wconf 87' lang='lat' dir='ltr'><strong>regni</strong></span> <span class='ocrx_word' id='word_1_829' title='bbox 296 5619 413 5674; x_wconf 83' lang='lat' dir='ltr'><strong>erectas</strong></span> <span class='ocrx_word' id='word_1_830' title='bbox 427 5614 459 5671; x_wconf 89' lang='lat' dir='ltr'><strong>in</strong></span> <span class='ocrx_word' id='word_1_831' title='bbox 474 5609 605 5683; x_wconf 88' lang='lat' dir='ltr'><strong>sublimi,</strong></span> <span class='ocrx_word' id='word_1_832' title='bbox 619 5610 667 5668; x_wconf 88' lang='lat' dir='ltr'><strong>hic</strong></span> <span class='ocrx_word' id='word_1_833' title='bbox 685 5607 931 5671; x_wconf 79' lang='lat' dir='ltr'><strong>humillimusrtr</strong></span> <span class='ocrx_word' id='word_1_834' title='bbox 977 5617 1009 5671; x_wconf 82' lang='lat' dir='ltr'><strong>st</strong></span> <span class='ocrx_word' id='word_1_835' title='bbox 1034 5629 1089 5688; x_wconf 86' lang='lat' dir='ltr'><strong>par</strong></span> <span class='ocrx_word' id='word_1_836' title='bbox 1125 5617 1299 5672; x_wconf 68' lang='lat' dir='ltr'><strong>raam</strong></span> <span class='ocrx_word' id='word_1_837' title='bbox 1321 5613 1466 5675; x_wconf 77' lang='lat' dir='ltr'><strong>victuum</strong></span> <span class='ocrx_word' id='word_1_838' title='bbox 1492 5616 1599 5674; x_wconf 64' lang='lat' dir='ltr'><strong>neta</strong></span> <span class='ocrx_word' id='word_1_839' title='bbox 1623 5613 1815 5688; x_wconf 73' lang='lat' dir='ltr'><strong>promati</strong></span> 
     </span>
    </p>
   </div>
   <div class='ocr_carea' id='block_1_5' title="bbox 0 0 2004 6182">
    <p class='ocr_par' dir='ltr' id='par_1_7' title="bbox 0 0 2004 6182">
     <span class='ocr_line' id='line_1_63' title="bbox 0 0 2004 6182; baseline 0 0"><span class='ocrx_word' id='word_1_840' title='bbox 0 0 2004 6182; x_wconf 95' lang='lat' dir='ltr'><strong> </strong></span> 
     </span>
    </p>
   </div>
  </div>
 </body>
</html>
