<?xml version="1.0" encoding="UTF-8"?>
<!DOCTYPE html PUBLIC "-//W3C//DTD XHTML 1.0 Transitional//EN"
    "http://www.w3.org/TR/xhtml1/DTD/xhtml1-transitional.dtd">
<html xmlns="http://www.w3.org/1999/xhtml" xml:lang="en" lang="en">
 <head>
  <title>
</title>
<meta http-equiv="Content-Type" content="text/html;charset=utf-8" />
  <meta name='ocr-system' content='tesseract 3.04.00' />
  <meta name='ocr-capabilities' content='ocr_page ocr_carea ocr_par ocr_line ocrx_word'/>
</head>
<body>
  <div class='ocr_page' id='page_1' title='image "./patrologiaecurs127unkngoog/patrologiaecurs127unkngoog_0365.png"; bbox 0 0 3996 6186; ppageno 0'>
   <div class='ocr_carea' id='block_1_1' title="bbox 150 147 1862 216">
    <p class='ocr_par' dir='ltr' id='par_1_1' title="bbox 150 147 1862 216">
     <span class='ocr_line' id='line_1_1' title="bbox 150 147 1862 216; baseline 0.004 -8"><span class='ocrx_word' id='word_1_1' title='bbox 150 155 199 208; x_wconf 75' lang='lat'><strong>721</strong></span> <span class='ocrx_word' id='word_1_2' title='bbox 402 155 448 211; x_wconf 75' lang='lat' dir='ltr'><strong>uh</strong></span> <span class='ocrx_word' id='word_1_3' title='bbox 466 151 588 212; x_wconf 81' lang='lat' dir='ltr'><strong>GESTIS¹</strong></span> <span class='ocrx_word' id='word_1_4' title='bbox 602 152 816 211; x_wconf 77' lang='lat' dir='ltr'><strong>NORMANNlAE</strong></span> <span class='ocrx_word' id='word_1_5' title='bbox 835 151 955 208; x_wconf 77' lang='lat' dir='ltr'><strong>buculi</strong></span> <span class='ocrx_word' id='word_1_6' title='bbox 973 147 1066 206; x_wconf 82' lang='lat' dir='ltr'><strong>LlBRI</strong></span> <span class='ocrx_word' id='word_1_7' title='bbox 1084 151 1182 208; x_wconf 83' lang='lat' dir='ltr'><strong>TRES.</strong></span> <span class='ocrx_word' id='word_1_8' title='bbox 1199 153 1309 210; x_wconf 77' lang='lat' dir='ltr'><strong>-tra</strong></span> <span class='ocrx_word' id='word_1_9' title='bbox 1327 155 1372 210; x_wconf 95' lang='lat' dir='ltr'><strong>lll.</strong></span> <span class='ocrx_word' id='word_1_10' title='bbox 1394 153 1608 214; x_wconf 73' lang='lat' dir='ltr'><strong>aletrannus.</strong></span> <span class='ocrx_word' id='word_1_11' title='bbox 1808 161 1862 216; x_wconf 80' lang='lat'><strong>722</strong></span> 
     </span>
    </p>
   </div>
   <div class='ocr_carea' id='block_1_2' title="bbox 148 260 1862 358">
    <p class='ocr_par' dir='ltr' id='par_1_2' title="bbox 148 260 1862 358">
     <span class='ocr_line' id='line_1_2' title="bbox 148 260 1862 358; baseline 0.004 -26"><span class='ocrx_word' id='word_1_12' title='bbox 148 277 224 332; x_wconf 88' lang='lat' dir='ltr'><strong>ratis</strong></span> <span class='ocrx_word' id='word_1_13' title='bbox 238 276 323 350; x_wconf 91' lang='lat' dir='ltr'><strong>equis</strong></span> <span class='ocrx_word' id='word_1_14' title='bbox 342 281 371 334; x_wconf 89' lang='lat' dir='ltr'><strong>et</strong></span> <span class='ocrx_word' id='word_1_15' title='bbox 388 276 541 350; x_wconf 88' lang='lat' dir='ltr'><strong>plaushis,</strong></span> <span class='ocrx_word' id='word_1_16' title='bbox 570 280 661 334; x_wconf 88' lang='lat' dir='ltr'><strong>noctu</strong></span> <span class='ocrx_word' id='word_1_17' title='bbox 679 260 807 334; x_wconf 79' lang='lat' dir='ltr'><strong>&#39;silenter</strong></span> <span class='ocrx_word' id='word_1_18' title='bbox 834 277 1018 348; x_wconf 78' lang='lat' dir='ltr'><strong>cautequeh</strong></span> <span class='ocrx_word' id='word_1_19' title='bbox 1036 273 1153 331; x_wconf 87' lang='lat' dir='ltr'>Ordinis</span> <span class='ocrx_word' id='word_1_20' title='bbox 1186 279 1280 350; x_wconf 86' lang='lat' dir='ltr'><strong>atque</strong></span> <span class='ocrx_word' id='word_1_21' title='bbox 1308 277 1484 353; x_wconf 88' lang='lat' dir='ltr'><strong>gradusque</strong></span> <span class='ocrx_word' id='word_1_22' title='bbox 1516 279 1682 337; x_wconf 68' lang='lat' dir='ltr'><strong>monmticu</strong></span> <span class='ocrx_word' id='word_1_23' title='bbox 1713 279 1862 358; x_wconf 85' lang='lat' dir='ltr'><strong>suppleat,</strong></span> 
     </span>
    </p>
   </div>
   <div class='ocr_carea' id='block_1_3' title="bbox 148 365 981 442">
    <p class='ocr_par' dir='ltr' id='par_1_3' title="bbox 148 365 981 442">
     <span class='ocr_line' id='line_1_3' title="bbox 148 365 981 442; baseline -0.001 -20"><span class='ocrx_word' id='word_1_24' title='bbox 148 370 240 440; x_wconf 91' lang='lat' dir='ltr'><strong>atque</strong></span> <span class='ocrx_word' id='word_1_25' title='bbox 253 366 424 424; x_wconf 89' lang='lat' dir='ltr'><strong>clanculum</strong></span> <span class='ocrx_word' id='word_1_26' title='bbox 435 365 597 442; x_wconf 81' lang='lat' dir='ltr'><strong>proiectus,</strong></span> <span class='ocrx_word' id='word_1_27' title='bbox 620 365 774 441; x_wconf 88' lang='lat' dir='ltr'><strong>repetebat</strong></span> <span class='ocrx_word' id='word_1_28' title='bbox 798 381 869 424; x_wconf 88' lang='lat' dir='ltr'><strong>rura</strong></span> <span class='ocrx_word' id='word_1_29' title='bbox 895 365 981 422; x_wconf 82' lang='lat' dir='ltr'><strong>Flan-</strong></span> 
     </span>
    </p>
   </div>
   <div class='ocr_carea' id='block_1_4' title="bbox 149 453 920 1507">
    <p class='ocr_par' dir='ltr' id='par_1_4' title="bbox 149 453 665 600">
     <span class='ocr_line' id='line_1_4' title="bbox 149 453 501 512; baseline -0.006 0"><span class='ocrx_word' id='word_1_30' title='bbox 149 454 271 512; x_wconf 89' lang='lat' dir='ltr'><strong>drensia</strong></span> <span class='ocrx_word' id='word_1_31' title='bbox 283 453 501 512; x_wconf 86' lang='lat' dir='ltr'><strong>velocissimus.</strong></span> 
     </span>
     <span class='ocr_line' id='line_1_5' title="bbox 465 543 665 600; baseline 0.01 -2"><span class='ocrx_word' id='word_1_32' title='bbox 465 543 665 600; x_wconf 79' lang='lat' dir='ltr'><strong>Arosrnornr.</strong></span> 
     </span>
    </p>

    <p class='ocr_par' dir='ltr' id='par_1_5' title="bbox 150 631 821 704">
     <span class='ocr_line' id='line_1_6' title="bbox 150 631 821 704; baseline -0.003 -14"><span class='ocrx_word' id='word_1_33' title='bbox 150 632 238 704; x_wconf 91' lang='lat' dir='ltr'><strong>Otho,</strong></span> <span class='ocrx_word' id='word_1_34' title='bbox 253 648 341 703; x_wconf 88' lang='lat' dir='ltr'><strong>surge</strong></span> <span class='ocrx_word' id='word_1_35' title='bbox 356 631 497 700; x_wconf 90' lang='lat' dir='ltr'><strong>velocius,</strong></span> <span class='ocrx_word' id='word_1_36' title='bbox 514 638 544 690; x_wconf 89' lang='lat' dir='ltr'><strong>et</strong></span> <span class='ocrx_word' id='word_1_37' title='bbox 556 632 626 703; x_wconf 86' lang='lat' dir='ltr'><strong>fuge</strong></span> <span class='ocrx_word' id='word_1_38' title='bbox 638 648 719 690; x_wconf 92' lang='lat' dir='ltr'><strong>nunc</strong></span> <span class='ocrx_word' id='word_1_39' title='bbox 734 632 821 701; x_wconf 87' lang='lat' dir='ltr'><strong>citus,</strong></span> 
     </span>
    </p>

    <p class='ocr_par' dir='ltr' id='par_1_6' title="bbox 164 713 608 794">
     <span class='ocr_line' id='line_1_7' title="bbox 164 713 608 794; baseline -0.002 -16"><span class='ocrx_word' id='word_1_40' title='bbox 164 713 167 720; x_wconf 74' lang='grc'>’</span> <span class='ocrx_word' id='word_1_41' title='bbox 241 721 375 780; x_wconf 78' lang='lat' dir='ltr'><strong>Natalem</strong></span> <span class='ocrx_word' id='word_1_42' title='bbox 389 725 456 794; x_wconf 90' lang='lat' dir='ltr'><strong>pete</strong></span> <span class='ocrx_word' id='word_1_43' title='bbox 468 720 608 792; x_wconf 78' lang='lat' dir='ltr'><strong>glebam!</strong></span> 
     </span>
    </p>

    <p class='ocr_par' dir='ltr' id='par_1_7' title="bbox 150 810 826 970">
     <span class='ocr_line' id='line_1_8' title="bbox 150 810 826 884; baseline -0.001 -18"><span class='ocrx_word' id='word_1_44' title='bbox 150 810 266 868; x_wconf 80' lang='lat' dir='ltr'><strong>Vindex</strong></span> <span class='ocrx_word' id='word_1_45' title='bbox 279 827 351 868; x_wconf 92' lang='lat' dir='ltr'><strong>nam</strong></span> <span class='ocrx_word' id='word_1_46' title='bbox 366 827 492 884; x_wconf 89' lang='lat' dir='ltr'><strong>superus</strong></span> <span class='ocrx_word' id='word_1_47' title='bbox 504 814 556 867; x_wconf 93' lang='lat' dir='ltr'><strong>tua</strong></span> <span class='ocrx_word' id='word_1_48' title='bbox 569 810 681 868; x_wconf 89' lang='lat' dir='ltr'><strong>territat</strong></span> <span class='ocrx_word' id='word_1_49' title='bbox 693 810 826 882; x_wconf 77' lang='lat' dir='ltr'><strong>agmina.</strong></span> 
     </span>
     <span class='ocr_line' id='line_1_9' title="bbox 243 899 648 970; baseline -0.002 -14"><span class='ocrx_word' id='word_1_50' title='bbox 243 901 372 970; x_wconf 75' lang='lat' dir='ltr'><strong>surgens</strong></span> <span class='ocrx_word' id='word_1_51' title='bbox 384 915 465 956; x_wconf 91' lang='lat' dir='ltr'><strong>nunc</strong></span> <span class='ocrx_word' id='word_1_52' title='bbox 481 899 538 957; x_wconf 90' lang='lat' dir='ltr'><strong>cito</strong></span> <span class='ocrx_word' id='word_1_53' title='bbox 552 899 624 956; x_wconf 86' lang='lat' dir='ltr'><strong>cede</strong></span> <span class='ocrx_word' id='word_1_54' title='bbox 641 899 648 955; x_wconf 88' lang='lat' dir='ltr'><strong>t</strong></span> 
     </span>
    </p>

    <p class='ocr_par' dir='ltr' id='par_1_8' title="bbox 151 987 807 1152">
     <span class='ocr_line' id='line_1_10' title="bbox 151 987 807 1058; baseline -0.005 -12"><span class='ocrx_word' id='word_1_55' title='bbox 151 992 262 1046; x_wconf 78' lang='lat' dir='ltr'>Ductor</span> <span class='ocrx_word' id='word_1_56' title='bbox 276 989 422 1046; x_wconf 91' lang='lat' dir='ltr'><strong>subdolus</strong></span> <span class='ocrx_word' id='word_1_57' title='bbox 438 989 560 1046; x_wconf 89' lang='lat' dir='ltr'><strong>evanuit</strong></span> <span class='ocrx_word' id='word_1_58' title='bbox 573 993 642 1045; x_wconf 88' lang='lat' dir='ltr'><strong>tuus</strong></span> <span class='ocrx_word' id='word_1_59' title='bbox 659 1006 666 1057; x_wconf 93' lang='lat'>;</span> <span class='ocrx_word' id='word_1_60' title='bbox 682 1003 720 1046; x_wconf 85' lang='lat' dir='ltr'><strong>en</strong></span> <span class='ocrx_word' id='word_1_61' title='bbox 734 987 807 1058; x_wconf 86' lang='lat' dir='ltr'><strong>luga</strong></span> 
     </span>
     <span class='ocr_line' id='line_1_11' title="bbox 241 1077 619 1152; baseline -0.005 -18"><span class='ocrx_word' id='word_1_62' title='bbox 241 1080 278 1134; x_wconf 85' lang='lat' dir='ltr'><strong>Te</strong></span> <span class='ocrx_word' id='word_1_63' title='bbox 293 1093 374 1134; x_wconf 94' lang='lat' dir='ltr'><strong>nunc</strong></span> <span class='ocrx_word' id='word_1_64' title='bbox 393 1093 464 1134; x_wconf 90' lang='lat' dir='ltr'><strong>crue</strong></span> <span class='ocrx_word' id='word_1_65' title='bbox 479 1092 596 1152; x_wconf 80' lang='lat' dir='ltr'><strong>praepes</strong></span> <span class='ocrx_word' id='word_1_66' title='bbox 613 1077 619 1132; x_wconf 88' lang='lat' dir='ltr'><strong>l</strong></span> 
     </span>
    </p>

    <p class='ocr_par' dir='ltr' id='par_1_9' title="bbox 151 1163 878 1328">
     <span class='ocr_line' id='line_1_12' title="bbox 151 1163 878 1241; baseline -0.006 -17"><span class='ocrx_word' id='word_1_67' title='bbox 151 1168 260 1225; x_wconf 79' lang='lat' dir='ltr'><strong>Contra</strong></span> <span class='ocrx_word' id='word_1_68' title='bbox 272 1167 346 1224; x_wconf 87' lang='lat' dir='ltr'><strong>velle</strong></span> <span class='ocrx_word' id='word_1_69' title='bbox 362 1167 412 1224; x_wconf 84' lang='lat' dir='ltr'><strong>Dei</strong></span> <span class='ocrx_word' id='word_1_70' title='bbox 428 1167 502 1241; x_wconf 92' lang='lat' dir='ltr'><strong>quid</strong></span> <span class='ocrx_word' id='word_1_71' title='bbox 515 1166 615 1223; x_wconf 94' lang='lat' dir='ltr'><strong>adhuc</strong></span> <span class='ocrx_word' id='word_1_72' title='bbox 629 1163 758 1222; x_wconf 89' lang='lat' dir='ltr'><strong>recubas</strong></span> <span class='ocrx_word' id='word_1_73' title='bbox 774 1164 878 1235; x_wconf 68' lang='lat' dir='ltr'><strong>liuga</strong></span> 
     </span>
     <span class='ocr_line' id='line_1_13' title="bbox 243 1255 757 1328; baseline -0.006 -16"><span class='ocrx_word' id='word_1_74' title='bbox 243 1263 324 1313; x_wconf 81' lang='lat' dir='ltr'><strong>ttunc</strong></span> <span class='ocrx_word' id='word_1_75' title='bbox 338 1256 359 1328; x_wconf 93' lang='lat' dir='ltr'><strong>i,</strong></span> <span class='ocrx_word' id='word_1_76' title='bbox 371 1272 452 1313; x_wconf 89' lang='lat' dir='ltr'><strong>nunc</strong></span> <span class='ocrx_word' id='word_1_77' title='bbox 467 1255 547 1326; x_wconf 85' lang='lat' dir='ltr'><strong>iuge,</strong></span> <span class='ocrx_word' id='word_1_78' title='bbox 558 1269 651 1322; x_wconf 89' lang='lat' dir='ltr'><strong>nuno,</strong></span> <span class='ocrx_word' id='word_1_79' title='bbox 664 1269 757 1310; x_wconf 91' lang='lat' dir='ltr'><strong>nunc.</strong></span> 
     </span>
    </p>

    <p class='ocr_par' dir='ltr' id='par_1_10' title="bbox 153 1341 920 1507">
     <span class='ocr_line' id='line_1_14' title="bbox 153 1341 920 1419; baseline -0.007 -16"><span class='ocrx_word' id='word_1_80' title='bbox 153 1348 227 1403; x_wconf 90' lang='lat' dir='ltr'><strong>Cum</strong></span> <span class='ocrx_word' id='word_1_81' title='bbox 242 1345 477 1403; x_wconf 84' lang='lat' dir='ltr'><strong>Northmannica</strong></span> <span class='ocrx_word' id='word_1_82' title='bbox 484 1343 670 1419; x_wconf 68' lang='lat' dir='ltr'><strong>prepediant</strong></span> <span class='ocrx_word' id='word_1_83' title='bbox 683 1342 736 1400; x_wconf 93' lang='lat' dir='ltr'><strong>tibi</strong></span> <span class='ocrx_word' id='word_1_84' title='bbox 750 1347 779 1400; x_wconf 92' lang='lat' dir='ltr'><strong>et</strong></span> <span class='ocrx_word' id='word_1_85' title='bbox 788 1341 920 1414; x_wconf 77' lang='lat' dir='ltr'><strong>agmina,</strong></span> 
     </span>
     <span class='ocr_line' id='line_1_15' title="bbox 243 1433 628 1507; baseline 0 -19"><span class='ocrx_word' id='word_1_86' title='bbox 243 1435 317 1506; x_wconf 91' lang='lat' dir='ltr'><strong>Heu,</strong></span> <span class='ocrx_word' id='word_1_87' title='bbox 332 1434 392 1492; x_wconf 91' lang='lat' dir='ltr'><strong>heu</strong></span> <span class='ocrx_word' id='word_1_88' title='bbox 408 1435 414 1490; x_wconf 92' lang='lat' dir='ltr'><strong>l</strong></span> <span class='ocrx_word' id='word_1_89' title='bbox 434 1434 550 1507; x_wconf 81' lang='lat' dir='ltr'><strong>turpius</strong></span> <span class='ocrx_word' id='word_1_90' title='bbox 560 1433 628 1490; x_wconf 87' lang='lat' dir='ltr'><strong>ibis.</strong></span> 
     </span>
    </p>
   </div>
   <div class='ocr_carea' id='block_1_5' title="bbox 153 1518 950 1598">
    <p class='ocr_par' dir='ltr' id='par_1_11' title="bbox 153 1518 950 1598">
     <span class='ocr_line' id='line_1_16' title="bbox 153 1518 950 1598; baseline -0.005 -18"><span class='ocrx_word' id='word_1_91' title='bbox 153 1525 294 1581; x_wconf 86' lang='lat' dir='ltr'><strong>Gressum</strong></span> <span class='ocrx_word' id='word_1_92' title='bbox 309 1540 390 1582; x_wconf 90' lang='lat' dir='ltr'><strong>nune</strong></span> <span class='ocrx_word' id='word_1_93' title='bbox 405 1530 482 1598; x_wconf 87' lang='lat' dir='ltr'><strong>pete,</strong></span> <span class='ocrx_word' id='word_1_94' title='bbox 497 1540 579 1581; x_wconf 89' lang='lat' dir='ltr'><strong>nunc</strong></span> <span class='ocrx_word' id='word_1_95' title='bbox 594 1523 673 1595; x_wconf 84' lang='lat' dir='ltr'><strong>iuge,</strong></span> <span class='ocrx_word' id='word_1_96' title='bbox 684 1536 765 1579; x_wconf 91' lang='lat' dir='ltr'><strong>nunc</strong></span> <span class='ocrx_word' id='word_1_97' title='bbox 782 1520 837 1578; x_wconf 89' lang='lat' dir='ltr'><strong>iter</strong></span> <span class='ocrx_word' id='word_1_98' title='bbox 852 1518 950 1594; x_wconf 88' lang='lat' dir='ltr'><strong>arripe</strong></span> 
     </span>
    </p>
   </div>
   <div class='ocr_carea' id='block_1_6' title="bbox 154 1611 917 1951">
    <p class='ocr_par' dir='ltr' id='par_1_12' title="bbox 243 1611 561 1681">
     <span class='ocr_line' id='line_1_17' title="bbox 243 1611 561 1681; baseline -0.003 -13"><span class='ocrx_word' id='word_1_99' title='bbox 243 1612 330 1668; x_wconf 81' lang='lat' dir='ltr'><strong>lidos</strong></span> <span class='ocrx_word' id='word_1_100' title='bbox 343 1611 448 1668; x_wconf 91' lang='lat' dir='ltr'><strong>cedere</strong></span> <span class='ocrx_word' id='word_1_101' title='bbox 464 1627 538 1681; x_wconf 88' lang='lat' dir='ltr'><strong>coge</strong></span> <span class='ocrx_word' id='word_1_102' title='bbox 555 1611 561 1666; x_wconf 91' lang='lat' dir='ltr'><strong>l</strong></span> 
     </span>
    </p>

    <p class='ocr_par' dir='ltr' id='par_1_13' title="bbox 154 1697 917 1862">
     <span class='ocr_line' id='line_1_18' title="bbox 154 1697 917 1774; baseline -0.008 -16"><span class='ocrx_word' id='word_1_103' title='bbox 154 1704 214 1758; x_wconf 82' lang='lat' dir='ltr'><strong>ilex</strong></span> <span class='ocrx_word' id='word_1_104' title='bbox 229 1717 320 1768; x_wconf 90' lang='lat' dir='ltr'><strong>nunc,</strong></span> <span class='ocrx_word' id='word_1_105' title='bbox 334 1717 372 1758; x_wconf 91' lang='lat' dir='ltr'><strong>ne</strong></span> <span class='ocrx_word' id='word_1_106' title='bbox 385 1716 501 1774; x_wconf 88' lang='lat' dir='ltr'><strong>pereas,</strong></span> <span class='ocrx_word' id='word_1_107' title='bbox 519 1701 599 1772; x_wconf 85' lang='lat' dir='ltr'><strong>iuge,</strong></span> <span class='ocrx_word' id='word_1_108' title='bbox 614 1697 697 1769; x_wconf 87' lang='lat' dir='ltr'><strong>cede,</strong></span> <span class='ocrx_word' id='word_1_109' title='bbox 712 1697 917 1771; x_wconf 79' lang='lat' dir='ltr'><strong>liquesceque,</strong></span> 
     </span>
     <span class='ocr_line' id='line_1_19' title="bbox 245 1788 586 1862; baseline -0.012 -15"><span class='ocrx_word' id='word_1_110' title='bbox 245 1792 351 1862; x_wconf 89' lang='lat' dir='ltr'><strong>Septus</strong></span> <span class='ocrx_word' id='word_1_111' title='bbox 367 1789 468 1845; x_wconf 88' lang='lat' dir='ltr'><strong>labere</strong></span> <span class='ocrx_word' id='word_1_112' title='bbox 484 1793 563 1845; x_wconf 87' lang='lat' dir='ltr'><strong>coetu</strong></span> <span class='ocrx_word' id='word_1_113' title='bbox 579 1788 586 1843; x_wconf 85' lang='lat' dir='ltr'><strong>i</strong></span> 
     </span>
    </p>

    <p class='ocr_par' dir='ltr' id='par_1_14' title="bbox 158 1875 851 1951">
     <span class='ocr_line' id='line_1_20' title="bbox 158 1875 851 1951; baseline -0.009 -16"><span class='ocrx_word' id='word_1_114' title='bbox 158 1878 325 1936; x_wconf 84' lang='lat' dir='ltr'><strong>Richardus</strong></span> <span class='ocrx_word' id='word_1_115' title='bbox 337 1877 457 1950; x_wconf 87' lang='lat' dir='ltr'><strong>juvenis</strong></span> <span class='ocrx_word' id='word_1_116' title='bbox 468 1879 583 1951; x_wconf 89' lang='lat' dir='ltr'><strong>probus</strong></span> <span class='ocrx_word' id='word_1_117' title='bbox 596 1882 624 1935; x_wconf 90' lang='lat' dir='ltr'><strong>et</strong></span> <span class='ocrx_word' id='word_1_118' title='bbox 634 1877 702 1951; x_wconf 93' lang='lat' dir='ltr'><strong>pius</strong></span> <span class='ocrx_word' id='word_1_119' title='bbox 713 1880 742 1934; x_wconf 88' lang='lat' dir='ltr'><strong>et</strong></span> <span class='ocrx_word' id='word_1_120' title='bbox 751 1875 851 1932; x_wconf 93' lang='lat' dir='ltr'><strong>bonus</strong></span> 
     </span>
    </p>
   </div>
   <div class='ocr_carea' id='block_1_7' title="bbox 1125 371 1827 531">
    <p class='ocr_par' dir='ltr' id='par_1_15' title="bbox 1125 371 1827 531">
     <span class='ocr_line' id='line_1_21' title="bbox 1722 371 1827 444; baseline 0 -16"><span class='ocrx_word' id='word_1_121' title='bbox 1722 371 1827 444; x_wconf 89' lang='lat' dir='ltr'><strong>[ornet,</strong></span> 
     </span>
     <span class='ocr_line' id='line_1_22' title="bbox 1125 454 1480 531; baseline 0.006 -19"><span class='ocrx_word' id='word_1_122' title='bbox 1125 454 1253 526; x_wconf 82' lang='lat' dir='ltr'><strong>stringat</strong></span> <span class='ocrx_word' id='word_1_123' title='bbox 1263 461 1291 514; x_wconf 86' lang='lat' dir='ltr'><strong>et</strong></span> <span class='ocrx_word' id='word_1_124' title='bbox 1305 457 1480 531; x_wconf 86' lang='lat' dir='ltr'><strong>amplificet,</strong></span> 
     </span>
    </p>
   </div>
   <div class='ocr_carea' id='block_1_8' title="bbox 1035 541 1725 620">
    <p class='ocr_par' dir='ltr' id='par_1_16' title="bbox 1035 541 1725 620">
     <span class='ocr_line' id='line_1_23' title="bbox 1035 541 1725 620; baseline 0.012 -23"><span class='ocrx_word' id='word_1_125' title='bbox 1035 541 1171 616; x_wconf 75' lang='lat' dir='ltr'><strong>legeque</strong></span> <span class='ocrx_word' id='word_1_126' title='bbox 1185 545 1312 602; x_wconf 90' lang='lat' dir='ltr'><strong>normali</strong></span> <span class='ocrx_word' id='word_1_127' title='bbox 1326 545 1510 620; x_wconf 90' lang='lat' dir='ltr'><strong>compellens</strong></span> <span class='ocrx_word' id='word_1_128' title='bbox 1525 546 1622 605; x_wconf 86' lang='lat' dir='ltr'><strong>vivere</strong></span> <span class='ocrx_word' id='word_1_129' title='bbox 1636 551 1725 618; x_wconf 88' lang='lat' dir='ltr'><strong>cogat</strong></span> 
     </span>
    </p>
   </div>
   <div class='ocr_carea' id='block_1_9' title="bbox 1126 631 1427 704">
    <p class='ocr_par' dir='ltr' id='par_1_17' title="bbox 1126 631 1427 704">
     <span class='ocr_line' id='line_1_24' title="bbox 1126 631 1427 704; baseline 0.017 -17"><span class='ocrx_word' id='word_1_130' title='bbox 1126 631 1247 690; x_wconf 81' lang='lat' dir='ltr'><strong>Servitio</strong></span> <span class='ocrx_word' id='word_1_131' title='bbox 1261 634 1427 704; x_wconf 68' lang='lat' dir='ltr'><strong>altithroni,</strong></span> 
     </span>
    </p>
   </div>
   <div class='ocr_carea' id='block_1_10' title="bbox 1038 718 1744 798">
    <p class='ocr_par' dir='ltr' id='par_1_18' title="bbox 1038 718 1744 798">
     <span class='ocr_line' id='line_1_25' title="bbox 1038 718 1744 798; baseline 0.006 -22"><span class='ocrx_word' id='word_1_132' title='bbox 1038 718 1143 793; x_wconf 86' lang='lat' dir='ltr'><strong>sicque</strong></span> <span class='ocrx_word' id='word_1_133' title='bbox 1155 721 1300 780; x_wconf 80' lang='lat' dir='ltr'><strong>corollarii</strong></span> <span class='ocrx_word' id='word_1_134' title='bbox 1311 724 1411 798; x_wconf 90' lang='lat' dir='ltr'><strong>superi</strong></span> <span class='ocrx_word' id='word_1_135' title='bbox 1417 723 1599 782; x_wconf 84' lang='lat' dir='ltr'><strong>commercia</strong></span> <span class='ocrx_word' id='word_1_136' title='bbox 1613 723 1744 793; x_wconf 89' lang='lat' dir='ltr'><strong>lucrans,</strong></span> 
     </span>
    </p>
   </div>
   <div class='ocr_carea' id='block_1_11' title="bbox 1126 810 1661 996">
    <p class='ocr_par' dir='ltr' id='par_1_19' title="bbox 1126 810 1661 996">
     <span class='ocr_line' id='line_1_26' title="bbox 1126 810 1418 888; baseline 0.021 -22"><span class='ocrx_word' id='word_1_137' title='bbox 1126 810 1207 868; x_wconf 89' lang='lat' dir='ltr'><strong>Vivet</strong></span> <span class='ocrx_word' id='word_1_138' title='bbox 1219 811 1250 869; x_wconf 93' lang='lat' dir='ltr'><strong>in</strong></span> <span class='ocrx_word' id='word_1_139' title='bbox 1263 829 1331 870; x_wconf 89' lang='lat' dir='ltr'><strong>arce</strong></span> <span class='ocrx_word' id='word_1_140' title='bbox 1345 814 1418 888; x_wconf 90' lang='lat' dir='ltr'><strong>poli.</strong></span> 
     </span>
     <span class='ocr_line' id='line_1_27' title="bbox 1246 952 1661 996; baseline 0.01 -4"><span class='ocrx_word' id='word_1_141' title='bbox 1246 952 1428 994; x_wconf 77' lang='lat' dir='ltr'><strong>irosraornn</strong></span> <span class='ocrx_word' id='word_1_142' title='bbox 1441 955 1477 994; x_wconf 79' lang='lat' dir='ltr'><strong>nn</strong></span> <span class='ocrx_word' id='word_1_143' title='bbox 1492 955 1661 996; x_wconf 72' lang='lat' dir='ltr'><strong>asculanus.</strong></span> 
     </span>
    </p>
   </div>
   <div class='ocr_carea' id='block_1_12' title="bbox 1126 1056 1689 1932">
    <p class='ocr_par' dir='ltr' id='par_1_20' title="bbox 1126 1056 1611 1218">
     <span class='ocr_line' id='line_1_28' title="bbox 1126 1056 1607 1131; baseline 0.01 -18"><span class='ocrx_word' id='word_1_144' title='bbox 1126 1056 1282 1127; x_wconf 82' lang='lat' dir='ltr'><strong>Richards,</strong></span> <span class='ocrx_word' id='word_1_145' title='bbox 1294 1059 1404 1128; x_wconf 91' lang='lat' dir='ltr'><strong>bonus,</strong></span> <span class='ocrx_word' id='word_1_146' title='bbox 1419 1059 1607 1131; x_wconf 91' lang='lat' dir='ltr'><strong>recolendus,</strong></span> 
     </span>
     <span class='ocr_line' id='line_1_29' title="bbox 1126 1145 1611 1218; baseline 0.004 -16"><span class='ocrx_word' id='word_1_147' title='bbox 1126 1145 1220 1218; x_wconf 88' lang='lat' dir='ltr'><strong>Digne</strong></span> <span class='ocrx_word' id='word_1_148' title='bbox 1235 1147 1435 1217; x_wconf 88' lang='lat' dir='ltr'><strong>venerandus,</strong></span> <span class='ocrx_word' id='word_1_149' title='bbox 1449 1149 1611 1218; x_wconf 88' lang='lat' dir='ltr'><strong>amandus,</strong></span> 
     </span>
    </p>

    <p class='ocr_par' dir='ltr' id='par_1_21' title="bbox 1127 1235 1689 1398">
     <span class='ocr_line' id='line_1_30' title="bbox 1127 1235 1689 1304; baseline 0 -12"><span class='ocrx_word' id='word_1_150' title='bbox 1127 1237 1161 1292; x_wconf 84' lang='lat' dir='ltr'><strong>at</strong></span> <span class='ocrx_word' id='word_1_151' title='bbox 1175 1235 1320 1304; x_wconf 89' lang='lat' dir='ltr'><strong>marchi0,</strong></span> <span class='ocrx_word' id='word_1_152' title='bbox 1337 1235 1409 1304; x_wconf 89' lang='lat' dir='ltr'><strong>dux,</strong></span> <span class='ocrx_word' id='word_1_153' title='bbox 1426 1251 1528 1293; x_wconf 92' lang='lat' dir='ltr'><strong>comes</strong></span> <span class='ocrx_word' id='word_1_154' title='bbox 1541 1236 1639 1294; x_wconf 79' lang='lat' dir='ltr'><strong>almus</strong></span> <span class='ocrx_word' id='word_1_155' title='bbox 1655 1269 1689 1278; x_wconf 97' lang='lat'>-</span> 
     </span>
     <span class='ocr_line' id='line_1_31' title="bbox 1127 1323 1566 1398; baseline 0 -18"><span class='ocrx_word' id='word_1_156' title='bbox 1127 1327 1204 1380; x_wconf 90' lang='lat' dir='ltr'><strong>Num</strong></span> <span class='ocrx_word' id='word_1_157' title='bbox 1215 1323 1403 1398; x_wconf 77' lang='lat' dir='ltr'><strong>praetimidos</strong></span> <span class='ocrx_word' id='word_1_158' title='bbox 1418 1323 1566 1394; x_wconf 85' lang='lat' dir='ltr'><strong>faciendo,</strong></span> 
     </span>
    </p>

    <p class='ocr_par' dir='ltr' id='par_1_22' title="bbox 1129 1413 1569 1486">
     <span class='ocr_line' id='line_1_32' title="bbox 1129 1413 1569 1486; baseline 0.002 -16"><span class='ocrx_word' id='word_1_159' title='bbox 1129 1415 1225 1486; x_wconf 86' lang='lat' dir='ltr'><strong>Super</strong></span> <span class='ocrx_word' id='word_1_160' title='bbox 1237 1413 1294 1470; x_wconf 90' lang='lat' dir='ltr'><strong>hos</strong></span> <span class='ocrx_word' id='word_1_161' title='bbox 1305 1413 1394 1470; x_wconf 91' lang='lat' dir='ltr'><strong>timor</strong></span> <span class='ocrx_word' id='word_1_162' title='bbox 1403 1413 1488 1470; x_wconf 90' lang='lat' dir='ltr'><strong>irruit</strong></span> <span class='ocrx_word' id='word_1_163' title='bbox 1500 1429 1569 1471; x_wconf 89' lang='lat' dir='ltr'><strong>ecce</strong></span> 
     </span>
    </p>

    <p class='ocr_par' dir='ltr' id='par_1_23' title="bbox 1126 1501 1622 1576">
     <span class='ocr_line' id='line_1_33' title="bbox 1126 1501 1622 1576; baseline 0 -18"><span class='ocrx_word' id='word_1_164' title='bbox 1126 1503 1213 1574; x_wconf 83' lang='lat' dir='ltr'><strong>Regis</strong></span> <span class='ocrx_word' id='word_1_165' title='bbox 1230 1501 1347 1559; x_wconf 91' lang='lat' dir='ltr'><strong>domini</strong></span> <span class='ocrx_word' id='word_1_166' title='bbox 1360 1502 1574 1576; x_wconf 90' lang='lat' dir='ltr'><strong>omnipotentis</strong></span> <span class='ocrx_word' id='word_1_167' title='bbox 1587 1534 1622 1544; x_wconf 95' lang='lat'><em>-</em></span> 
     </span>
    </p>

    <p class='ocr_par' dir='ltr' id='par_1_24' title="bbox 1126 1589 1557 1840">
     <span class='ocr_line' id='line_1_34' title="bbox 1127 1589 1557 1662; baseline 0.007 -16"><span class='ocrx_word' id='word_1_168' title='bbox 1127 1593 1167 1646; x_wconf 89' lang='lat' dir='ltr'><strong>Ne</strong></span> <span class='ocrx_word' id='word_1_169' title='bbox 1186 1589 1329 1646; x_wconf 88' lang='lat' dir='ltr'><strong>sollicitus</strong></span> <span class='ocrx_word' id='word_1_170' title='bbox 1341 1589 1450 1649; x_wconf 90' lang='lat' dir='ltr'><strong>timeas</strong></span> <span class='ocrx_word' id='word_1_171' title='bbox 1464 1607 1557 1662; x_wconf 90' lang='lat' dir='ltr'><strong>nunc,</strong></span> 
     </span>
     <span class='ocr_line' id='line_1_35' title="bbox 1126 1679 1551 1754; baseline 0.009 -22"><span class='ocrx_word' id='word_1_172' title='bbox 1126 1679 1291 1754; x_wconf 80' lang='lat' dir='ltr'><strong>iaculoque</strong></span> <span class='ocrx_word' id='word_1_173' title='bbox 1307 1679 1357 1736; x_wconf 85' lang='lat' dir='ltr'><strong>Dei</strong></span> <span class='ocrx_word' id='word_1_174' title='bbox 1369 1679 1479 1736; x_wconf 90' lang='lat' dir='ltr'><strong>celeres</strong></span> <span class='ocrx_word' id='word_1_175' title='bbox 1485 1679 1551 1752; x_wconf 88' lang='lat' dir='ltr'><strong>jam</strong></span> 
     </span>
     <span class='ocr_line' id='line_1_36' title="bbox 1129 1767 1549 1840; baseline 0.007 -17"><span class='ocrx_word' id='word_1_176' title='bbox 1129 1767 1259 1826; x_wconf 88' lang='lat' dir='ltr'><strong>Perculsi</strong></span> <span class='ocrx_word' id='word_1_177' title='bbox 1275 1769 1379 1826; x_wconf 89' lang='lat' dir='ltr'><strong>animo</strong></span> <span class='ocrx_word' id='word_1_178' title='bbox 1395 1767 1549 1840; x_wconf 79' lang='lat' dir='ltr'><strong>fugiendo,</strong></span> 
     </span>
    </p>

    <p class='ocr_par' dir='ltr' id='par_1_25' title="bbox 1128 1857 1562 1932">
     <span class='ocr_line' id='line_1_37' title="bbox 1128 1857 1562 1932; baseline 0.005 -20"><span class='ocrx_word' id='word_1_179' title='bbox 1128 1857 1230 1913; x_wconf 89' lang='lat' dir='ltr'><strong>Plures</strong></span> <span class='ocrx_word' id='word_1_180' title='bbox 1243 1857 1386 1914; x_wconf 91' lang='lat' dir='ltr'><strong>manibus</strong></span> <span class='ocrx_word' id='word_1_181' title='bbox 1397 1857 1562 1932; x_wconf 83' lang='lat' dir='ltr'><strong>capientur,</strong></span> 
     </span>
    </p>
   </div>
   <div class='ocr_carea' id='block_1_13' title="bbox 1128 1941 1605 2634">
    <p class='ocr_par' dir='ltr' id='par_1_26' title="bbox 1129 1941 1534 2016">
     <span class='ocr_line' id='line_1_38' title="bbox 1129 1941 1534 2016; baseline 0 -19"><span class='ocrx_word' id='word_1_182' title='bbox 1129 1941 1233 1998; x_wconf 87' lang='lat' dir='ltr'><strong>Gladio</strong></span> <span class='ocrx_word' id='word_1_183' title='bbox 1248 1941 1349 2016; x_wconf 89' lang='lat' dir='ltr'><strong>plures</strong></span> <span class='ocrx_word' id='word_1_184' title='bbox 1360 1941 1534 1999; x_wconf 89' lang='lat' dir='ltr'><strong>morientur.</strong></span> 
     </span>
    </p>

    <p class='ocr_par' dir='ltr' id='par_1_27' title="bbox 1128 2029 1605 2634">
     <span class='ocr_line' id='line_1_39' title="bbox 1130 2029 1594 2104; baseline -0.004 -16"><span class='ocrx_word' id='word_1_185' title='bbox 1130 2030 1176 2088; x_wconf 86' lang='lat' dir='ltr'><strong>Sic</strong></span> <span class='ocrx_word' id='word_1_186' title='bbox 1191 2031 1241 2087; x_wconf 90' lang='lat' dir='ltr'><strong>vix</strong></span> <span class='ocrx_word' id='word_1_187' title='bbox 1254 2031 1384 2104; x_wconf 83' lang='lat' dir='ltr'><strong>patriam</strong></span> <span class='ocrx_word' id='word_1_188' title='bbox 1396 2029 1594 2104; x_wconf 88' lang='lat' dir='ltr'><strong>repedabunt.</strong></span> 
     </span>
     <span class='ocr_line' id='line_1_40' title="bbox 1130 2119 1537 2196; baseline -0.005 -18"><span class='ocrx_word' id='word_1_189' title='bbox 1130 2123 1172 2178; x_wconf 87' lang='lat' dir='ltr'><strong>Tu</strong></span> <span class='ocrx_word' id='word_1_190' title='bbox 1181 2119 1299 2191; x_wconf 89' lang='lat' dir='ltr'><strong>legibus</strong></span> <span class='ocrx_word' id='word_1_191' title='bbox 1312 2125 1340 2178; x_wconf 91' lang='lat' dir='ltr'><strong>et</strong></span> <span class='ocrx_word' id='word_1_192' title='bbox 1353 2119 1537 2196; x_wconf 91' lang='lat' dir='ltr'><strong>populorum</strong></span> 
     </span>
     <span class='ocr_line' id='line_1_41' title="bbox 1128 2208 1548 2266; baseline -0.002 -1"><span class='ocrx_word' id='word_1_193' title='bbox 1128 2209 1224 2266; x_wconf 84' lang='lat' dir='ltr'><strong>ludex</strong></span> <span class='ocrx_word' id='word_1_194' title='bbox 1238 2209 1356 2266; x_wconf 87' lang='lat' dir='ltr'><strong>animos</strong></span> <span class='ocrx_word' id='word_1_195' title='bbox 1365 2208 1548 2266; x_wconf 88' lang='lat' dir='ltr'><strong>redomabis.</strong></span> 
     </span>
     <span class='ocr_line' id='line_1_42' title="bbox 1129 2297 1519 2366; baseline 0 -12"><span class='ocrx_word' id='word_1_196' title='bbox 1129 2303 1182 2354; x_wconf 80' lang='lat' dir='ltr'><strong>Ast</strong></span> <span class='ocrx_word' id='word_1_197' title='bbox 1194 2298 1334 2355; x_wconf 90' lang='lat' dir='ltr'><strong>ecclesias</strong></span> <span class='ocrx_word' id='word_1_198' title='bbox 1349 2297 1519 2366; x_wconf 81' lang='lat' dir='ltr'><strong>statuendo,</strong></span> 
     </span>
     <span class='ocr_line' id='line_1_43' title="bbox 1131 2386 1461 2444; baseline -0.006 0"><span class='ocrx_word' id='word_1_199' title='bbox 1131 2387 1290 2444; x_wconf 87' lang='lat' dir='ltr'><strong>Famulatu</strong></span> <span class='ocrx_word' id='word_1_200' title='bbox 1303 2386 1461 2443; x_wconf 89' lang='lat' dir='ltr'><strong>sollicitare</strong></span> 
     </span>
     <span class='ocr_line' id='line_1_44' title="bbox 1130 2474 1480 2548; baseline -0.003 -16"><span class='ocrx_word' id='word_1_201' title='bbox 1130 2475 1263 2534; x_wconf 88' lang='lat' dir='ltr'><strong>Praetico</strong></span> <span class='ocrx_word' id='word_1_202' title='bbox 1278 2474 1480 2548; x_wconf 85' lang='lat' dir='ltr'><strong>theoricoque,</strong></span> 
     </span>
     <span class='ocr_line' id='line_1_45' title="bbox 1130 2563 1605 2634; baseline -0.008 -13"><span class='ocrx_word' id='word_1_203' title='bbox 1130 2564 1272 2621; x_wconf 80' lang='lat' dir='ltr'><strong>Triforme</strong></span> <span class='ocrx_word' id='word_1_204' title='bbox 1287 2564 1345 2620; x_wconf 90' lang='lat' dir='ltr'><strong>hoc</strong></span> <span class='ocrx_word' id='word_1_205' title='bbox 1357 2563 1469 2620; x_wconf 89' lang='lat' dir='ltr'><strong>ordinis</strong></span> <span class='ocrx_word' id='word_1_206' title='bbox 1484 2577 1605 2634; x_wconf 85' lang='lat' dir='ltr'><strong>agmen,</strong></span> 
     </span>
    </p>
   </div>
   <div class='ocr_carea' id='block_1_14' title="bbox 154 1966 1553 2926">
    <p class='ocr_par' dir='ltr' id='par_1_28' title="bbox 154 1966 1553 2926">
     <span class='ocr_line' id='line_1_46' title="bbox 247 1966 651 2039; baseline 0 -17"><span class='ocrx_word' id='word_1_207' title='bbox 247 1971 363 2038; x_wconf 72' lang='lat' dir='ltr'><strong>agmen</strong></span> <span class='ocrx_word' id='word_1_208' title='bbox 374 1967 439 2039; x_wconf 87' lang='lat' dir='ltr'><strong>jem</strong></span> <span class='ocrx_word' id='word_1_209' title='bbox 452 1968 523 2024; x_wconf 88' lang='lat' dir='ltr'><strong>citat</strong></span> <span class='ocrx_word' id='word_1_210' title='bbox 534 1966 651 2038; x_wconf 91' lang='lat' dir='ltr'><strong>ingens,</strong></span> 
     </span>
     <span class='ocr_line' id='line_1_47' title="bbox 158 2052 985 2128; baseline -0.01 -15"><span class='ocrx_word' id='word_1_211' title='bbox 158 2058 301 2114; x_wconf 88' lang='lat' dir='ltr'><strong>Summus</strong></span> <span class='ocrx_word' id='word_1_212' title='bbox 316 2056 460 2124; x_wconf 88' lang='lat' dir='ltr'><strong>marchio,</strong></span> <span class='ocrx_word' id='word_1_213' title='bbox 481 2055 544 2111; x_wconf 85' lang='lat' dir='ltr'><strong>dux</strong></span> <span class='ocrx_word' id='word_1_214' title='bbox 558 2071 689 2128; x_wconf 89' lang='lat' dir='ltr'><strong>quoque,</strong></span> <span class='ocrx_word' id='word_1_215' title='bbox 705 2052 858 2127; x_wconf 87' lang='lat' dir='ltr'><strong>patricius,</strong></span> <span class='ocrx_word' id='word_1_216' title='bbox 873 2066 985 2120; x_wconf 91' lang='lat' dir='ltr'><strong>comes,</strong></span> 
     </span>
     <span class='ocr_line' id='line_1_48' title="bbox 246 2144 546 2215; baseline 0 -15"><span class='ocrx_word' id='word_1_217' title='bbox 246 2148 278 2200; x_wconf 87' lang='lat' dir='ltr'><strong>Et</strong></span> <span class='ocrx_word' id='word_1_218' title='bbox 292 2149 319 2200; x_wconf 88' lang='lat' dir='ltr'><strong>te</strong></span> <span class='ocrx_word' id='word_1_219' title='bbox 334 2145 438 2201; x_wconf 89' lang='lat' dir='ltr'><strong>cedere</strong></span> <span class='ocrx_word' id='word_1_220' title='bbox 449 2144 546 2215; x_wconf 87' lang='lat' dir='ltr'><strong>gestit.</strong></span> 
     </span>
     <span class='ocr_line' id='line_1_49' title="bbox 154 2217 904 2304; baseline 0 -19"><span class='ocrx_word' id='word_1_221' title='bbox 154 2232 248 2302; x_wconf 88' lang='lat' dir='ltr'><strong>liujus</strong></span> <span class='ocrx_word' id='word_1_222' title='bbox 262 2236 358 2288; x_wconf 89' lang='lat' dir='ltr'><strong>sector</strong></span> <span class='ocrx_word' id='word_1_223' title='bbox 372 2231 467 2300; x_wconf 91' lang='lat' dir='ltr'><strong>humi,</strong></span> <span class='ocrx_word' id='word_1_224' title='bbox 483 2217 627 2304; x_wconf 74' lang='lat' dir='ltr'><strong>locuples,</strong></span> <span class='ocrx_word' id='word_1_225' title='bbox 642 2230 742 2288; x_wconf 83' lang='lat' dir='ltr'><strong>bonus</strong></span> <span class='ocrx_word' id='word_1_226' title='bbox 756 2235 787 2286; x_wconf 92' lang='lat' dir='ltr'><strong>et</strong></span> <span class='ocrx_word' id='word_1_227' title='bbox 799 2244 904 2300; x_wconf 87' lang='lat' dir='ltr'><strong>sagax.</strong></span> 
     </span>
     <span class='ocr_line' id='line_1_50' title="bbox 243 2320 665 2390; baseline -0.005 -14"><span class='ocrx_word' id='word_1_228' title='bbox 243 2323 301 2376; x_wconf 84' lang='lat' dir='ltr'><strong>Aut</strong></span> <span class='ocrx_word' id='word_1_229' title='bbox 312 2335 385 2390; x_wconf 93' lang='lat' dir='ltr'><strong>non,</strong></span> <span class='ocrx_word' id='word_1_230' title='bbox 400 2323 452 2376; x_wconf 89' lang='lat' dir='ltr'><strong>aut</strong></span> <span class='ocrx_word' id='word_1_231' title='bbox 467 2320 549 2390; x_wconf 86' lang='lat' dir='ltr'><strong>velis,</strong></span> <span class='ocrx_word' id='word_1_232' title='bbox 560 2323 665 2378; x_wconf 84' lang='lat' dir='ltr'><strong>exstat.</strong></span> 
     </span>
     <span class='ocr_line' id='line_1_51' title="bbox 154 2407 865 2483; baseline -0.003 -18"><span class='ocrx_word' id='word_1_233' title='bbox 154 2411 266 2480; x_wconf 87' lang='lat' dir='ltr'><strong>Legum</strong></span> <span class='ocrx_word' id='word_1_234' title='bbox 280 2412 309 2464; x_wconf 90' lang='lat' dir='ltr'><strong>et</strong></span> <span class='ocrx_word' id='word_1_235' title='bbox 322 2407 481 2466; x_wconf 85' lang='lat' dir='ltr'><strong>distribuet</strong></span> <span class='ocrx_word' id='word_1_236' title='bbox 492 2407 607 2483; x_wconf 91' lang='lat' dir='ltr'><strong>populo</strong></span> <span class='ocrx_word' id='word_1_237' title='bbox 621 2407 865 2465; x_wconf 89' lang='lat' dir='ltr'><strong>moderaminum</strong></span> 
     </span>
     <span class='ocr_line' id='line_1_52' title="bbox 242 2494 611 2568; baseline 0.008 -18"><span class='ocrx_word' id='word_1_238' title='bbox 242 2494 337 2552; x_wconf 84' lang='lat' dir='ltr'><strong>Judex</strong></span> <span class='ocrx_word' id='word_1_239' title='bbox 350 2496 450 2568; x_wconf 91' lang='lat' dir='ltr'><strong>justus</strong></span> <span class='ocrx_word' id='word_1_240' title='bbox 462 2496 611 2554; x_wconf 86' lang='lat' dir='ltr'><strong>habenas.</strong></span> 
     </span>
     <span class='ocr_line' id='line_1_53' title="bbox 154 2582 1495 2664; baseline -0.001 -25"><span class='ocrx_word' id='word_1_241' title='bbox 154 2583 262 2640; x_wconf 82' lang='lat' dir='ltr'><strong>Damni</strong></span> <span class='ocrx_word' id='word_1_242' title='bbox 276 2589 404 2658; x_wconf 90' lang='lat' dir='ltr'><strong>postque</strong></span> <span class='ocrx_word' id='word_1_243' title='bbox 418 2585 560 2657; x_wconf 91' lang='lat' dir='ltr'><strong>lugubria</strong></span> <span class='ocrx_word' id='word_1_244' title='bbox 574 2585 676 2642; x_wconf 89' lang='lat' dir='ltr'><strong>debita</strong></span> <span class='ocrx_word' id='word_1_245' title='bbox 690 2582 797 2641; x_wconf 88' lang='lat' dir='ltr'><strong>flebilis</strong></span> <span class='ocrx_word' id='word_1_246' title='bbox 1175 2653 1180 2664; x_wconf 30' lang='grc' dir='ltr'>ι</span> <span class='ocrx_word' id='word_1_247' title='bbox 1404 2650 1410 2663; x_wconf 34' lang='lat'><strong><em>¹</em></strong></span> <span class='ocrx_word' id='word_1_248' title='bbox 1436 2651 1442 2662; x_wconf 29' lang='lat'><strong><em>³</em></strong></span> <span class='ocrx_word' id='word_1_249' title='bbox 1489 2651 1495 2662; x_wconf 39' lang='lat'><strong>·</strong></span> 
     </span>
     <span class='ocr_line' id='line_1_54' title="bbox 244 2654 1513 2747; baseline -0.002 -36"><span class='ocrx_word' id='word_1_250' title='bbox 244 2673 336 2743; x_wconf 59' lang='lat' dir='ltr'><strong>pigne</strong></span> <span class='ocrx_word' id='word_1_251' title='bbox 351 2673 476 2730; x_wconf 61' lang='lat' dir='ltr'><strong>,candet</strong></span> <span class='ocrx_word' id='word_1_252' title='bbox 490 2673 664 2747; x_wconf 59' lang='lat' dir='ltr'><strong>olympum,</strong></span> <span class='ocrx_word' id='word_1_253' title='bbox 1132 2655 1244 2710; x_wconf 70' lang='lat' dir='ltr'><strong>Dermte</strong></span> <span class='ocrx_word' id='word_1_254' title='bbox 1258 2669 1351 2710; x_wconf 81' lang='lat' dir='ltr'><strong>sccrce</strong></span> <span class='ocrx_word' id='word_1_255' title='bbox 1365 2654 1513 2708; x_wconf 81' lang='lat' dir='ltr'><strong>‘lrtmtahs</strong></span> 
     </span>
     <span class='ocr_line' id='line_1_55' title="bbox 290 2742 1533 2818; baseline -0.004 0"><span class='ocrx_word' id='word_1_256' title='bbox 290 2776 473 2818; x_wconf 77' lang='lat' dir='ltr'><strong>nrosanornt</strong></span> <span class='ocrx_word' id='word_1_257' title='bbox 489 2779 525 2818; x_wconf 78' lang='lat' dir='ltr'><strong>an</strong></span> <span class='ocrx_word' id='word_1_258' title='bbox 539 2775 732 2818; x_wconf 83' lang='lat' dir='ltr'><strong>nurnnovrcun</strong></span> <span class='ocrx_word' id='word_1_259' title='bbox 748 2774 849 2816; x_wconf 80' lang='lat' dir='ltr'><strong>ascen.</strong></span> <span class='ocrx_word' id='word_1_260' title='bbox 1132 2745 1237 2814; x_wconf 82' lang='lat' dir='ltr'><strong>Coges,</strong></span> <span class='ocrx_word' id='word_1_261' title='bbox 1250 2742 1372 2814; x_wconf 66' lang='lat' dir='ltr'><strong>urgebis</strong></span> <span class='ocrx_word' id='word_1_262' title='bbox 1387 2746 1533 2813; x_wconf 65' lang='lat'><strong>0²³11802·</strong></span> 
     </span>
     <span class='ocr_line' id='line_1_56' title="bbox 155 2847 1553 2926; baseline -0.003 -20"><span class='ocrx_word' id='word_1_263' title='bbox 155 2851 251 2916; x_wconf 83' lang='lat' dir='ltr'><strong>Quem</strong></span> <span class='ocrx_word' id='word_1_264' title='bbox 266 2849 367 2922; x_wconf 87' lang='lat' dir='ltr'><strong>regale</strong></span> <span class='ocrx_word' id='word_1_265' title='bbox 386 2849 491 2919; x_wconf 89' lang='lat' dir='ltr'><strong>decus,</strong></span> <span class='ocrx_word' id='word_1_266' title='bbox 507 2853 658 2923; x_wconf 90' lang='lat' dir='ltr'><strong>sceptrum</strong></span> <span class='ocrx_word' id='word_1_267' title='bbox 687 2847 862 2926; x_wconf 84' lang='lat' dir='ltr'><strong>passimque</strong></span> <span class='ocrx_word' id='word_1_268' title='bbox 890 2862 990 2904; x_wconf 88' lang='lat' dir='ltr'><strong>corus·</strong></span> <span class='ocrx_word' id='word_1_269' title='bbox 1361 2884 1553 2926; x_wconf 35' lang='lat' dir='ltr'><strong>,pomm-</strong></span> 
     </span>
    </p>
   </div>
   <div class='ocr_carea' id='block_1_15' title="bbox 872 2936 1579 3068">
    <p class='ocr_par' dir='ltr' id='par_1_29' title="bbox 872 2936 1579 3068">
     <span class='ocr_line' id='line_1_57' title="bbox 872 2936 1579 3068; baseline -0.003 -16"><span class='ocrx_word' id='word_1_270' title='bbox 872 2936 953 3007; x_wconf 61' lang='lat' dir='ltr'><strong>[oum</strong></span> <span class='ocrx_word' id='word_1_271' title='bbox 1003 2981 1024 3036; x_wconf 77' lang='lat'><strong>⁰</strong></span> <span class='ocrx_word' id='word_1_272' title='bbox 1131 2993 1248 3052; x_wconf 87' lang='lat' dir='ltr'><strong>insidiis</strong></span> <span class='ocrx_word' id='word_1_273' title='bbox 1261 2993 1411 3068; x_wconf 88' lang='lat' dir='ltr'><strong>remisque</strong></span> <span class='ocrx_word' id='word_1_274' title='bbox 1425 2993 1579 3051; x_wconf 87' lang='lat' dir='ltr'><strong>hiantibus</strong></span> 
     </span>
    </p>
   </div>
   <div class='ocr_carea' id='block_1_16' title="bbox 244 3030 1569 3157">
    <p class='ocr_par' dir='ltr' id='par_1_30' title="bbox 244 3030 1569 3157">
     <span class='ocr_line' id='line_1_58' title="bbox 244 3030 1569 3157; baseline 0.03 -55"><span class='ocrx_word' id='word_1_275' title='bbox 244 3030 361 3086; x_wconf 55' lang='lat' dir='ltr'><strong>mutat</strong></span> <span class='ocrx_word' id='word_1_276' title='bbox 372 3044 529 3097; x_wconf 71' lang='lat' dir='ltr'><strong>⁶¹¹¹m¹²¹¹¹2</strong></span> <span class='ocrx_word' id='word_1_277' title='bbox 1132 3084 1253 3142; x_wconf 87' lang='lat' dir='ltr'><strong>Cunctis</strong></span> <span class='ocrx_word' id='word_1_278' title='bbox 1268 3083 1418 3157; x_wconf 89' lang='lat' dir='ltr'><strong>malisque</strong></span> <span class='ocrx_word' id='word_1_279' title='bbox 1431 3084 1569 3154; x_wconf 86' lang='lat' dir='ltr'><strong>traditus,</strong></span> 
     </span>
    </p>
   </div>
   <div class='ocr_carea' id='block_1_17' title="bbox 152 3113 988 4344">
    <p class='ocr_par' dir='ltr' id='par_1_31' title="bbox 156 3113 988 3278">
     <span class='ocr_line' id='line_1_59' title="bbox 156 3113 988 3190; baseline -0.005 -16"><span class='ocrx_word' id='word_1_280' title='bbox 156 3119 317 3174; x_wconf 79' lang='lat' dir='ltr'><strong>stemmate</strong></span> <span class='ocrx_word' id='word_1_281' title='bbox 345 3116 438 3188; x_wconf 88' lang='lat' dir='ltr'><strong>regali</strong></span> <span class='ocrx_word' id='word_1_282' title='bbox 452 3132 545 3190; x_wconf 90' lang='lat' dir='ltr'><strong>quem</strong></span> <span class='ocrx_word' id='word_1_283' title='bbox 559 3115 697 3189; x_wconf 88' lang='lat' dir='ltr'><strong>exporgit</strong></span> <span class='ocrx_word' id='word_1_284' title='bbox 708 3129 783 3172; x_wconf 88' lang='lat' dir='ltr'><strong>sexu</strong></span> <span class='ocrx_word' id='word_1_285' title='bbox 801 3113 840 3172; x_wconf 86' lang='lat' dir='ltr'><strong>ab</strong></span> <span class='ocrx_word' id='word_1_286' title='bbox 860 3119 988 3188; x_wconf 90' lang='lat' dir='ltr'><strong>utroque</strong></span> 
     </span>
     <span class='ocr_line' id='line_1_60' title="bbox 246 3204 517 3278; baseline 0 -18"><span class='ocrx_word' id='word_1_287' title='bbox 246 3204 335 3276; x_wconf 78' lang='lat' dir='ltr'><strong>Regia</strong></span> <span class='ocrx_word' id='word_1_288' title='bbox 348 3204 517 3278; x_wconf 89' lang='lat' dir='ltr'><strong>progenies,</strong></span> 
     </span>
    </p>

    <p class='ocr_par' dir='ltr' id='par_1_32' title="bbox 155 3291 942 3456">
     <span class='ocr_line' id='line_1_61' title="bbox 155 3291 942 3367; baseline -0.004 -17"><span class='ocrx_word' id='word_1_289' title='bbox 155 3295 250 3360; x_wconf 83' lang='lat' dir='ltr'><strong>Quem</strong></span> <span class='ocrx_word' id='word_1_290' title='bbox 265 3295 352 3351; x_wconf 89' lang='lat' dir='ltr'><strong>decet</strong></span> <span class='ocrx_word' id='word_1_291' title='bbox 365 3294 457 3351; x_wconf 90' lang='lat' dir='ltr'><strong>attolli</strong></span> <span class='ocrx_word' id='word_1_292' title='bbox 470 3309 591 3350; x_wconf 90' lang='lat' dir='ltr'><strong>summo</strong></span> <span class='ocrx_word' id='word_1_293' title='bbox 606 3291 777 3363; x_wconf 88' lang='lat' dir='ltr'><strong>conamine,</strong></span> <span class='ocrx_word' id='word_1_294' title='bbox 790 3307 860 3367; x_wconf 78' lang='lat' dir='ltr'><strong>qua</strong></span> <span class='ocrx_word' id='word_1_295' title='bbox 873 3295 942 3348; x_wconf 88' lang='lat' dir='ltr'><strong>sunt</strong></span> 
     </span>
     <span class='ocr_line' id='line_1_62' title="bbox 244 3383 512 3456; baseline 0 -18"><span class='ocrx_word' id='word_1_296' title='bbox 244 3383 334 3454; x_wconf 83' lang='lat' dir='ltr'><strong>Regia</strong></span> <span class='ocrx_word' id='word_1_297' title='bbox 343 3383 367 3440; x_wconf 92' lang='lat' dir='ltr'><strong>si</strong></span> <span class='ocrx_word' id='word_1_298' title='bbox 381 3383 512 3456; x_wconf 87' lang='lat' dir='ltr'><strong>peragis,</strong></span> 
     </span>
    </p>

    <p class='ocr_par' dir='ltr' id='par_1_33' title="bbox 154 3469 845 3628">
     <span class='ocr_line' id='line_1_63' title="bbox 154 3469 845 3544; baseline -0.001 -17"><span class='ocrx_word' id='word_1_299' title='bbox 154 3474 188 3527; x_wconf 88' lang='lat' dir='ltr'><strong>Et</strong></span> <span class='ocrx_word' id='word_1_300' title='bbox 198 3471 286 3543; x_wconf 88' lang='lat' dir='ltr'><strong>cnjus</strong></span> <span class='ocrx_word' id='word_1_301' title='bbox 298 3473 404 3544; x_wconf 83' lang='lat' dir='ltr'><strong>proavi</strong></span> <span class='ocrx_word' id='word_1_302' title='bbox 417 3472 464 3529; x_wconf 91' lang='lat' dir='ltr'><strong>bis</strong></span> <span class='ocrx_word' id='word_1_303' title='bbox 479 3477 523 3530; x_wconf 91' lang='lat' dir='ltr'><strong>ter</strong></span> <span class='ocrx_word' id='word_1_304' title='bbox 537 3471 593 3528; x_wconf 86' lang='lat' dir='ltr'><strong>tric</strong></span> <span class='ocrx_word' id='word_1_305' title='bbox 604 3469 845 3542; x_wconf 85' lang='lat' dir='ltr'><strong>regnaleruntur</strong></span> 
     </span>
     <span class='ocr_line' id='line_1_64' title="bbox 244 3560 486 3628; baseline -0.008 -9"><span class='ocrx_word' id='word_1_306' title='bbox 244 3561 406 3619; x_wconf 87' lang='lat' dir='ltr'><strong>Conciliare</strong></span> <span class='ocrx_word' id='word_1_307' title='bbox 420 3560 486 3628; x_wconf 90' lang='lat' dir='ltr'><strong>sibi,</strong></span> 
     </span>
    </p>

    <p class='ocr_par' dir='ltr' id='par_1_34' title="bbox 153 3646 904 3811">
     <span class='ocr_line' id='line_1_65' title="bbox 153 3646 904 3718; baseline -0.005 -12"><span class='ocrx_word' id='word_1_308' title='bbox 153 3652 212 3706; x_wconf 87' lang='lat' dir='ltr'><strong>Cur</strong></span> <span class='ocrx_word' id='word_1_309' title='bbox 225 3648 341 3706; x_wconf 88' lang='lat' dir='ltr'><strong>vicibus</strong></span> <span class='ocrx_word' id='word_1_310' title='bbox 356 3649 446 3706; x_wconf 87' lang='lat' dir='ltr'><strong>tantis</strong></span> <span class='ocrx_word' id='word_1_311' title='bbox 457 3648 642 3706; x_wconf 87' lang='lat' dir='ltr'><strong>Richardum</strong></span> <span class='ocrx_word' id='word_1_312' title='bbox 656 3653 787 3706; x_wconf 88' lang='lat' dir='ltr'><strong>sternere</strong></span> <span class='ocrx_word' id='word_1_313' title='bbox 802 3646 904 3718; x_wconf 85' lang='lat' dir='ltr'><strong>gestis,</strong></span> 
     </span>
     <span class='ocr_line' id='line_1_66' title="bbox 244 3738 629 3811; baseline -0.003 -16"><span class='ocrx_word' id='word_1_314' title='bbox 244 3738 445 3796; x_wconf 72' lang='lat' dir='ltr'><strong>percelebrem</strong></span> <span class='ocrx_word' id='word_1_315' title='bbox 457 3740 601 3811; x_wconf 85' lang='lat' dir='ltr'><strong>juvenem</strong></span> <span class='ocrx_word' id='word_1_316' title='bbox 615 3739 629 3795; x_wconf 79' lang='lat' dir='ltr'><strong>t</strong></span> 
     </span>
    </p>

    <p class='ocr_par' dir='ltr' id='par_1_35' title="bbox 153 3827 808 3990">
     <span class='ocr_line' id='line_1_67' title="bbox 153 3827 808 3885; baseline -0.002 -2"><span class='ocrx_word' id='word_1_317' title='bbox 153 3827 287 3884; x_wconf 74' lang='lat' dir='ltr'><strong>Perfidia</strong></span> <span class='ocrx_word' id='word_1_318' title='bbox 303 3827 422 3885; x_wconf 89' lang='lat' dir='ltr'><strong>deditus</strong></span> <span class='ocrx_word' id='word_1_319' title='bbox 437 3844 524 3885; x_wconf 90' lang='lat' dir='ltr'><strong>casso</strong></span> <span class='ocrx_word' id='word_1_320' title='bbox 535 3827 685 3885; x_wconf 85' lang='lat' dir='ltr'><strong>conabere</strong></span> <span class='ocrx_word' id='word_1_321' title='bbox 699 3829 808 3883; x_wconf 85' lang='lat' dir='ltr'><strong>cuncta</strong></span> 
     </span>
     <span class='ocr_line' id='line_1_68' title="bbox 244 3917 664 3990; baseline -0.002 -18"><span class='ocrx_word' id='word_1_322' title='bbox 244 3921 379 3990; x_wconf 82' lang='lat' dir='ltr'><strong>Namque</strong></span> <span class='ocrx_word' id='word_1_323' title='bbox 393 3932 485 3990; x_wconf 88' lang='lat' dir='ltr'><strong>supra</strong></span> <span class='ocrx_word' id='word_1_324' title='bbox 500 3917 571 3974; x_wconf 90' lang='lat' dir='ltr'><strong>satis</strong></span> <span class='ocrx_word' id='word_1_325' title='bbox 590 3917 664 3972; x_wconf 84' lang='lat' dir='ltr'><strong>haec.</strong></span> 
     </span>
    </p>

    <p class='ocr_par' dir='ltr' id='par_1_36' title="bbox 152 4003 984 4168">
     <span class='ocr_line' id='line_1_69' title="bbox 152 4003 984 4080; baseline -0.005 -18"><span class='ocrx_word' id='word_1_326' title='bbox 152 4010 238 4062; x_wconf 77' lang='lat' dir='ltr'><strong>hunc</strong></span> <span class='ocrx_word' id='word_1_327' title='bbox 252 4005 353 4076; x_wconf 87' lang='lat' dir='ltr'><strong>lugias</strong></span> <span class='ocrx_word' id='word_1_328' title='bbox 368 4006 480 4080; x_wconf 90' lang='lat' dir='ltr'><strong>potius,</strong></span> <span class='ocrx_word' id='word_1_329' title='bbox 494 4005 593 4077; x_wconf 83' lang='lat' dir='ltr'><strong>magis</strong></span> <span class='ocrx_word' id='word_1_330' title='bbox 606 4005 671 4061; x_wconf 79' lang='lat' dir='ltr'><strong>hoec</strong></span> <span class='ocrx_word' id='word_1_331' title='bbox 686 4003 831 4060; x_wconf 89' lang='lat' dir='ltr'><strong>sententia</strong></span> <span class='ocrx_word' id='word_1_332' title='bbox 851 4007 984 4076; x_wconf 72' lang='lat' dir='ltr'><strong>praestat,</strong></span> 
     </span>
     <span class='ocr_line' id='line_1_70' title="bbox 244 4093 643 4168; baseline -0.003 -18"><span class='ocrx_word' id='word_1_333' title='bbox 244 4097 374 4167; x_wconf 72' lang='lat' dir='ltr'><strong>Praepete</strong></span> <span class='ocrx_word' id='word_1_334' title='bbox 384 4111 463 4168; x_wconf 89' lang='lat' dir='ltr'><strong>equo</strong></span> <span class='ocrx_word' id='word_1_335' title='bbox 479 4099 506 4151; x_wconf 90' lang='lat' dir='ltr'><strong>et</strong></span> <span class='ocrx_word' id='word_1_336' title='bbox 521 4093 643 4151; x_wconf 82' lang='lat' dir='ltr'><strong>volucri.</strong></span> 
     </span>
    </p>

    <p class='ocr_par' dir='ltr' id='par_1_37' title="bbox 153 4180 842 4344">
     <span class='ocr_line' id='line_1_71' title="bbox 153 4180 842 4258; baseline -0.003 -19"><span class='ocrx_word' id='word_1_337' title='bbox 153 4185 266 4240; x_wconf 87' lang='lat' dir='ltr'><strong>Contra</strong></span> <span class='ocrx_word' id='word_1_338' title='bbox 281 4184 503 4242; x_wconf 88' lang='lat' dir='ltr'><strong>Northmannos</strong></span> <span class='ocrx_word' id='word_1_339' title='bbox 517 4183 589 4240; x_wconf 89' lang='lat' dir='ltr'><strong>olim</strong></span> <span class='ocrx_word' id='word_1_340' title='bbox 598 4180 710 4239; x_wconf 85' lang='lat' dir='ltr'><strong>bellare</strong></span> <span class='ocrx_word' id='word_1_341' title='bbox 725 4180 842 4258; x_wconf 82' lang='lat' dir='ltr'><strong>cupisti,</strong></span> 
     </span>
     <span class='ocr_line' id='line_1_72' title="bbox 245 4271 620 4344; baseline -0.003 -16"><span class='ocrx_word' id='word_1_342' title='bbox 245 4273 322 4339; x_wconf 83' lang='lat' dir='ltr'><strong>Quid</strong></span> <span class='ocrx_word' id='word_1_343' title='bbox 336 4288 454 4330; x_wconf 88' lang='lat' dir='ltr'><strong>memor</strong></span> <span class='ocrx_word' id='word_1_344' title='bbox 467 4271 564 4344; x_wconf 89' lang='lat' dir='ltr'><strong>attigit</strong></span> <span class='ocrx_word' id='word_1_345' title='bbox 577 4288 620 4330; x_wconf 91' lang='lat' dir='ltr'><strong>es.</strong></span> 
     </span>
    </p>
   </div>
   <div class='ocr_carea' id='block_1_18' title="bbox 1128 3172 1754 4740">
    <p class='ocr_par' dir='ltr' id='par_1_38' title="bbox 1132 3172 1729 3335">
     <span class='ocr_line' id='line_1_73' title="bbox 1134 3172 1729 3247; baseline -0.002 -18"><span class='ocrx_word' id='word_1_346' title='bbox 1134 3175 1249 3230; x_wconf 86' lang='lat' dir='ltr'><strong>Exosus</strong></span> <span class='ocrx_word' id='word_1_347' title='bbox 1263 3172 1401 3242; x_wconf 91' lang='lat' dir='ltr'><strong>nimium,</strong></span> <span class='ocrx_word' id='word_1_348' title='bbox 1417 3176 1450 3229; x_wconf 90' lang='lat' dir='ltr'><strong>ut</strong></span> <span class='ocrx_word' id='word_1_349' title='bbox 1461 3172 1617 3246; x_wconf 89' lang='lat' dir='ltr'><strong>putridum</strong></span> <span class='ocrx_word' id='word_1_350' title='bbox 1626 3187 1729 3247; x_wconf 87' lang='lat' dir='ltr'><strong>pecus,</strong></span> 
     </span>
     <span class='ocr_line' id='line_1_74' title="bbox 1132 3259 1516 3335; baseline -0.01 -15"><span class='ocrx_word' id='word_1_351' title='bbox 1132 3261 1237 3320; x_wconf 74' lang='lat' dir='ltr'><strong>tilades</strong></span> <span class='ocrx_word' id='word_1_352' title='bbox 1252 3277 1372 3335; x_wconf 87' lang='lat' dir='ltr'><strong>perosa,</strong></span> <span class='ocrx_word' id='word_1_353' title='bbox 1387 3259 1516 3329; x_wconf 90' lang='lat' dir='ltr'><strong>odibilis,</strong></span> 
     </span>
    </p>

    <p class='ocr_par' dir='ltr' id='par_1_39' title="bbox 1130 3346 1680 3511">
     <span class='ocr_line' id='line_1_75' title="bbox 1130 3346 1680 3424; baseline -0.005 -18"><span class='ocrx_word' id='word_1_354' title='bbox 1130 3350 1250 3407; x_wconf 83' lang='lat' dir='ltr'><strong>Pestifer</strong></span> <span class='ocrx_word' id='word_1_355' title='bbox 1263 3353 1293 3406; x_wconf 90' lang='lat' dir='ltr'><strong>et</strong></span> <span class='ocrx_word' id='word_1_356' title='bbox 1302 3365 1431 3419; x_wconf 91' lang='lat' dir='ltr'><strong>nocuus,</strong></span> <span class='ocrx_word' id='word_1_357' title='bbox 1446 3348 1521 3424; x_wconf 90' lang='lat' dir='ltr'><strong>quin</strong></span> <span class='ocrx_word' id='word_1_358' title='bbox 1534 3346 1680 3422; x_wconf 85' lang='lat' dir='ltr'><strong>pertidus,</strong></span> 
     </span>
     <span class='ocr_line' id='line_1_76' title="bbox 1130 3437 1482 3511; baseline -0.006 -16"><span class='ocrx_word' id='word_1_359' title='bbox 1130 3438 1269 3511; x_wconf 85' lang='lat' dir='ltr'><strong>injurius,</strong></span> <span class='ocrx_word' id='word_1_360' title='bbox 1282 3437 1397 3495; x_wconf 89' lang='lat' dir='ltr'><strong>cunctis</strong></span> <span class='ocrx_word' id='word_1_361' title='bbox 1406 3437 1482 3506; x_wconf 91' lang='lat' dir='ltr'><strong>lues,</strong></span> 
     </span>
    </p>

    <p class='ocr_par' dir='ltr' id='par_1_40' title="bbox 1129 3525 1612 3689">
     <span class='ocr_line' id='line_1_77' title="bbox 1129 3525 1612 3600; baseline -0.004 -15"><span class='ocrx_word' id='word_1_362' title='bbox 1129 3531 1163 3585; x_wconf 86' lang='lat' dir='ltr'><strong>Et</strong></span> <span class='ocrx_word' id='word_1_363' title='bbox 1173 3529 1252 3586; x_wconf 92' lang='lat' dir='ltr'><strong>dicto</strong></span> <span class='ocrx_word' id='word_1_364' title='bbox 1263 3531 1292 3586; x_wconf 91' lang='lat' dir='ltr'><strong>ct</strong></span> <span class='ocrx_word' id='word_1_365' title='bbox 1303 3530 1391 3600; x_wconf 84' lang='lat' dir='ltr'><strong>lacto,</strong></span> <span class='ocrx_word' id='word_1_366' title='bbox 1407 3525 1612 3600; x_wconf 87' lang='lat' dir='ltr'><strong>meditamine,</strong></span> 
     </span>
     <span class='ocr_line' id='line_1_78' title="bbox 1130 3617 1515 3689; baseline -0.008 -14"><span class='ocrx_word' id='word_1_367' title='bbox 1130 3617 1285 3676; x_wconf 88' lang='lat' dir='ltr'><strong>Obnoxius</strong></span> <span class='ocrx_word' id='word_1_368' title='bbox 1297 3617 1421 3685; x_wconf 88' lang='lat' dir='ltr'><strong>cunctis,</strong></span> <span class='ocrx_word' id='word_1_369' title='bbox 1434 3633 1515 3689; x_wconf 90' lang='lat' dir='ltr'><strong>raus,</strong></span> 
     </span>
    </p>

    <p class='ocr_par' dir='ltr' id='par_1_41' title="bbox 1128 3705 1690 3866">
     <span class='ocr_line' id='line_1_79' title="bbox 1128 3705 1690 3782; baseline 0 -19"><span class='ocrx_word' id='word_1_370' title='bbox 1128 3706 1264 3782; x_wconf 78' lang='lat' dir='ltr'><strong>Amplius</strong></span> <span class='ocrx_word' id='word_1_371' title='bbox 1279 3708 1362 3765; x_wconf 91' lang='lat' dir='ltr'><strong>haud</strong></span> <span class='ocrx_word' id='word_1_372' title='bbox 1371 3723 1499 3765; x_wconf 87' lang='lat' dir='ltr'><strong>renoves</strong></span> <span class='ocrx_word' id='word_1_373' title='bbox 1511 3706 1576 3778; x_wconf 85' lang='lat' dir='ltr'><strong>jam</strong></span> <span class='ocrx_word' id='word_1_374' title='bbox 1588 3705 1690 3778; x_wconf 85' lang='lat' dir='ltr'><strong>jurgia</strong></span> 
     </span>
     <span class='ocr_line' id='line_1_80' title="bbox 1130 3795 1479 3866; baseline -0.006 -12"><span class='ocrx_word' id='word_1_375' title='bbox 1130 3797 1231 3854; x_wconf 89' lang='lat' dir='ltr'><strong>Nullos</strong></span> <span class='ocrx_word' id='word_1_376' title='bbox 1246 3797 1351 3854; x_wconf 89' lang='lat' dir='ltr'><strong>citabis</strong></span> <span class='ocrx_word' id='word_1_377' title='bbox 1366 3795 1479 3866; x_wconf 88' lang='lat' dir='ltr'><strong>litibus,</strong></span> 
     </span>
    </p>

    <p class='ocr_par' dir='ltr' id='par_1_42' title="bbox 1128 3879 1754 4043">
     <span class='ocr_line' id='line_1_81' title="bbox 1129 3879 1754 3955; baseline -0.011 -13"><span class='ocrx_word' id='word_1_378' title='bbox 1129 3885 1236 3943; x_wconf 82' lang='lat' dir='ltr'><strong>Desine</strong></span> <span class='ocrx_word' id='word_1_379' title='bbox 1251 3883 1434 3941; x_wconf 84' lang='lat' dir='ltr'><strong>Richardum</strong></span> <span class='ocrx_word' id='word_1_380' title='bbox 1445 3885 1601 3955; x_wconf 77' lang='lat' dir='ltr'><strong>Juvenem,</strong></span> <span class='ocrx_word' id='word_1_381' title='bbox 1611 3879 1754 3952; x_wconf 89' lang='lat' dir='ltr'><strong>probum,</strong></span> 
     </span>
     <span class='ocr_line' id='line_1_82' title="bbox 1128 3971 1539 4043; baseline -0.005 -16"><span class='ocrx_word' id='word_1_382' title='bbox 1128 3973 1377 4029; x_wconf 75' lang='lat' dir='ltr'><strong>praedestinatum</strong></span> <span class='ocrx_word' id='word_1_383' title='bbox 1389 3971 1455 4043; x_wconf 88' lang='lat' dir='ltr'><strong>jam</strong></span> <span class='ocrx_word' id='word_1_384' title='bbox 1469 3973 1539 4026; x_wconf 80' lang='lat' dir='ltr'><strong>lieo.</strong></span> 
     </span>
    </p>

    <p class='ocr_par' dir='ltr' id='par_1_43' title="bbox 1129 4056 1686 4488">
     <span class='ocr_line' id='line_1_83' title="bbox 1130 4056 1686 4133; baseline -0.016 -15"><span class='ocrx_word' id='word_1_385' title='bbox 1130 4059 1268 4128; x_wconf 79' lang='lat' dir='ltr'><strong>ltarchio,</strong></span> <span class='ocrx_word' id='word_1_386' title='bbox 1285 4058 1438 4133; x_wconf 90' lang='lat' dir='ltr'><strong>patricius,</strong></span> <span class='ocrx_word' id='word_1_387' title='bbox 1454 4056 1517 4113; x_wconf 89' lang='lat' dir='ltr'><strong>dux</strong></span> <span class='ocrx_word' id='word_1_388' title='bbox 1531 4059 1560 4112; x_wconf 89' lang='lat' dir='ltr'><strong>et</strong></span> <span class='ocrx_word' id='word_1_389' title='bbox 1573 4069 1686 4123; x_wconf 89' lang='lat' dir='ltr'><strong>comes,</strong></span> 
     </span>
     <span class='ocr_line' id='line_1_84' title="bbox 1130 4146 1572 4220; baseline -0.007 -16"><span class='ocrx_word' id='word_1_390' title='bbox 1130 4147 1256 4220; x_wconf 83' lang='lat' dir='ltr'><strong>Electus,</strong></span> <span class='ocrx_word' id='word_1_391' title='bbox 1272 4146 1382 4216; x_wconf 87' lang='lat' dir='ltr'><strong>almus,</strong></span> <span class='ocrx_word' id='word_1_392' title='bbox 1392 4149 1572 4220; x_wconf 74' lang='lat' dir='ltr'><strong>prepotens,</strong></span> 
     </span>
     <span class='ocr_line' id='line_1_85' title="bbox 1130 4233 1665 4310; baseline -0.007 -16"><span class='ocrx_word' id='word_1_393' title='bbox 1130 4236 1284 4310; x_wconf 84' lang='lat' dir='ltr'><strong>Egregius,</strong></span> <span class='ocrx_word' id='word_1_394' title='bbox 1292 4237 1403 4309; x_wconf 90' lang='lat' dir='ltr'><strong>justus,</strong></span> <span class='ocrx_word' id='word_1_395' title='bbox 1418 4235 1487 4309; x_wconf 92' lang='lat' dir='ltr'><strong>pius</strong></span> <span class='ocrx_word' id='word_1_396' title='bbox 1502 4239 1529 4292; x_wconf 86' lang='lat' dir='ltr'><strong>et</strong></span> <span class='ocrx_word' id='word_1_397' title='bbox 1540 4233 1665 4308; x_wconf 89' lang='lat' dir='ltr'><strong>probus,</strong></span> 
     </span>
     <span class='ocr_line' id='line_1_86' title="bbox 1129 4313 1665 4400; baseline -0.006 -16"><span class='ocrx_word' id='word_1_398' title='bbox 1129 4328 1256 4385; x_wconf 73' lang='lat' dir='ltr'><strong>Sanctus</strong></span> <span class='ocrx_word' id='word_1_399' title='bbox 1270 4313 1495 4400; x_wconf 80' lang='lat' dir='ltr'><strong>modestusque,</strong></span> <span class='ocrx_word' id='word_1_400' title='bbox 1509 4325 1665 4394; x_wconf 84' lang='lat' dir='ltr'><strong>innocens,</strong></span> 
     </span>
     <span class='ocr_line' id='line_1_87' title="bbox 1130 4415 1672 4488; baseline -0.007 -14"><span class='ocrx_word' id='word_1_401' title='bbox 1130 4415 1290 4487; x_wconf 87' lang='lat' dir='ltr'><strong>Religionis</strong></span> <span class='ocrx_word' id='word_1_402' title='bbox 1304 4430 1441 4488; x_wconf 86' lang='lat' dir='ltr'><strong>apexque</strong></span> <span class='ocrx_word' id='word_1_403' title='bbox 1456 4431 1548 4474; x_wconf 75' lang='lat' dir='ltr'><strong>sacrae</strong></span> <span class='ocrx_word' id='word_1_404' title='bbox 1559 4415 1672 4486; x_wconf 81' lang='lat' dir='ltr'><strong>cluens,</strong></span> 
     </span>
    </p>

    <p class='ocr_par' dir='ltr' id='par_1_44' title="bbox 1129 4502 1573 4578">
     <span class='ocr_line' id='line_1_88' title="bbox 1129 4502 1573 4578; baseline -0.005 -17"><span class='ocrx_word' id='word_1_405' title='bbox 1129 4506 1162 4561; x_wconf 83' lang='lat' dir='ltr'><strong>at</strong></span> <span class='ocrx_word' id='word_1_406' title='bbox 1173 4504 1271 4561; x_wconf 85' lang='lat' dir='ltr'><strong>forma</strong></span> <span class='ocrx_word' id='word_1_407' title='bbox 1285 4519 1410 4562; x_wconf 85' lang='lat' dir='ltr'><strong>normae</strong></span> <span class='ocrx_word' id='word_1_408' title='bbox 1423 4502 1573 4578; x_wconf 84' lang='lat' dir='ltr'><strong>praecluis,</strong></span> 
     </span>
    </p>

    <p class='ocr_par' dir='ltr' id='par_1_45' title="bbox 1128 4590 1629 4740">
     <span class='ocr_line' id='line_1_89' title="bbox 1129 4590 1623 4665; baseline 0 -18"><span class='ocrx_word' id='word_1_409' title='bbox 1129 4590 1196 4652; x_wconf 78' lang='grc' dir='ltr'><strong>Ιδηα</strong></span> <span class='ocrx_word' id='word_1_410' title='bbox 1209 4609 1331 4652; x_wconf 87' lang='lat' dir='ltr'><strong>summa</strong></span> <span class='ocrx_word' id='word_1_411' title='bbox 1343 4592 1416 4650; x_wconf 91' lang='lat' dir='ltr'><strong>boni</strong></span> <span class='ocrx_word' id='word_1_412' title='bbox 1428 4593 1520 4665; x_wconf 85' lang='lat' dir='ltr'><strong>hujus</strong></span> <span class='ocrx_word' id='word_1_413' title='bbox 1530 4591 1623 4650; x_wconf 93' lang='lat' dir='ltr'><strong>lucidi</strong></span> 
     </span>
     <span class='ocr_line' id='line_1_90' title="bbox 1128 4680 1629 4740; baseline -0.01 -1"><span class='ocrx_word' id='word_1_414' title='bbox 1128 4682 1247 4740; x_wconf 87' lang='lat' dir='ltr'><strong>Plebem</strong></span> <span class='ocrx_word' id='word_1_415' title='bbox 1261 4681 1341 4740; x_wconf 83' lang='lat' dir='ltr'><strong>fovet</strong></span> <span class='ocrx_word' id='word_1_416' title='bbox 1354 4680 1629 4740; x_wconf 87' lang='lat' dir='ltr'><strong>Nortbmannicam.</strong></span> 
     </span>
    </p>
   </div>
   <div class='ocr_carea' id='block_1_19' title="bbox 151 4338 1024 4700">
    <p class='ocr_par' dir='ltr' id='par_1_46' title="bbox 151 4338 1024 4700">
     <span class='ocr_line' id='line_1_91' title="bbox 151 4338 1024 4436; baseline -0.005 -17"><span class='ocrx_word' id='word_1_417' title='bbox 151 4365 229 4420; x_wconf 72' lang='lat' dir='ltr'><strong>ham</strong></span> <span class='ocrx_word' id='word_1_418' title='bbox 242 4360 613 4436; x_wconf 86' lang='lat' dir='ltr'><strong>captusbellicertamine,</strong></span> <span class='ocrx_word' id='word_1_419' title='bbox 633 4359 817 4418; x_wconf 90' lang='lat' dir='ltr'><strong>succubuisti</strong></span> <span class='ocrx_word' id='word_1_420' title='bbox 1002 4338 1024 4393; x_wconf 68' lang='grc' dir='ltr'><strong>Β</strong></span> 
     </span>
     <span class='ocr_line' id='line_1_92' title="bbox 243 4449 556 4508; baseline 0.003 -3"><span class='ocrx_word' id='word_1_421' title='bbox 243 4450 368 4508; x_wconf 81' lang='lat' dir='ltr'><strong>casibus</strong></span> <span class='ocrx_word' id='word_1_422' title='bbox 381 4449 556 4507; x_wconf 90' lang='lat' dir='ltr'><strong>innumeris.</strong></span> 
     </span>
     <span class='ocr_line' id='line_1_93' title="bbox 152 4537 985 4613; baseline -0.005 -15"><span class='ocrx_word' id='word_1_423' title='bbox 152 4544 238 4598; x_wconf 83' lang='lat' dir='ltr'><strong>Nunc</strong></span> <span class='ocrx_word' id='word_1_424' title='bbox 265 4541 346 4613; x_wconf 84' lang='lat' dir='ltr'><strong>iuge,</strong></span> <span class='ocrx_word' id='word_1_425' title='bbox 375 4540 459 4611; x_wconf 89' lang='lat' dir='ltr'><strong>cede,</strong></span> <span class='ocrx_word' id='word_1_426' title='bbox 489 4539 607 4612; x_wconf 90' lang='lat' dir='ltr'><strong>recede,</strong></span> <span class='ocrx_word' id='word_1_427' title='bbox 639 4539 725 4596; x_wconf 90' lang='lat' dir='ltr'><strong>itiner</strong></span> <span class='ocrx_word' id='word_1_428' title='bbox 753 4554 827 4612; x_wconf 83' lang='lat' dir='ltr'><strong>cape</strong></span> <span class='ocrx_word' id='word_1_429' title='bbox 861 4537 985 4612; x_wconf 81' lang='lat' dir='ltr'><strong>praepeti</strong></span> 
     </span>
     <span class='ocr_line' id='line_1_94' title="bbox 822 4627 947 4700; baseline 0 -16"><span class='ocrx_word' id='word_1_430' title='bbox 822 4627 947 4700; x_wconf 68' lang='lat' dir='ltr'><strong>[gressu</strong></span> 
     </span>
    </p>
   </div>
   <div class='ocr_carea' id='block_1_20' title="bbox 150 4717 947 5146">
    <p class='ocr_par' dir='ltr' id='par_1_47' title="bbox 241 4717 524 4792">
     <span class='ocr_line' id='line_1_95' title="bbox 241 4717 524 4792; baseline 0 -18"><span class='ocrx_word' id='word_1_431' title='bbox 241 4718 345 4775; x_wconf 82' lang='lat' dir='ltr'><strong>Vivere</strong></span> <span class='ocrx_word' id='word_1_432' title='bbox 359 4717 385 4774; x_wconf 92' lang='lat' dir='ltr'><strong>si</strong></span> <span class='ocrx_word' id='word_1_433' title='bbox 394 4718 500 4792; x_wconf 90' lang='lat' dir='ltr'><strong>cupias</strong></span> <span class='ocrx_word' id='word_1_434' title='bbox 517 4718 524 4774; x_wconf 91' lang='lat' dir='ltr'><strong>l</strong></span> 
     </span>
    </p>

    <p class='ocr_par' dir='ltr' id='par_1_48' title="bbox 150 4805 947 4968">
     <span class='ocr_line' id='line_1_96' title="bbox 150 4805 947 4880; baseline -0.001 -17"><span class='ocrx_word' id='word_1_435' title='bbox 150 4808 255 4878; x_wconf 82' lang='lat' dir='ltr'><strong>turgia</strong></span> <span class='ocrx_word' id='word_1_436' title='bbox 265 4822 321 4864; x_wconf 91' lang='lat' dir='ltr'><strong>nec</strong></span> <span class='ocrx_word' id='word_1_437' title='bbox 341 4811 458 4880; x_wconf 87' lang='lat' dir='ltr'><strong>repetas</strong></span> <span class='ocrx_word' id='word_1_438' title='bbox 471 4809 585 4876; x_wconf 88' lang='lat' dir='ltr'><strong>contra,</strong></span> <span class='ocrx_word' id='word_1_439' title='bbox 600 4821 691 4880; x_wconf 62' lang='lat' dir='ltr'><strong>wem</strong></span> <span class='ocrx_word' id='word_1_440' title='bbox 704 4805 826 4864; x_wconf 88' lang='lat' dir='ltr'><strong>dextera</strong></span> <span class='ocrx_word' id='word_1_441' title='bbox 840 4807 947 4878; x_wconf 83' lang='lat' dir='ltr'><strong>sanxit,</strong></span> 
     </span>
     <span class='ocr_line' id='line_1_97' title="bbox 243 4894 503 4968; baseline 0 -18"><span class='ocrx_word' id='word_1_442' title='bbox 243 4894 358 4953; x_wconf 80' lang='lat' dir='ltr'><strong>iudicis</strong></span> <span class='ocrx_word' id='word_1_443' title='bbox 373 4895 503 4968; x_wconf 86' lang='lat' dir='ltr'><strong>retherci,</strong></span> 
     </span>
    </p>

    <p class='ocr_par' dir='ltr' id='par_1_49' title="bbox 153 4984 881 5146">
     <span class='ocr_line' id='line_1_98' title="bbox 153 4984 881 5059; baseline -0.001 -17"><span class='ocrx_word' id='word_1_444' title='bbox 153 4987 250 5052; x_wconf 82' lang='lat' dir='ltr'><strong>onem</strong></span> <span class='ocrx_word' id='word_1_445' title='bbox 264 5001 392 5042; x_wconf 88' lang='lat' dir='ltr'><strong>censura</strong></span> <span class='ocrx_word' id='word_1_446' title='bbox 403 4984 453 5041; x_wconf 81' lang='lat' dir='ltr'><strong>liei</strong></span> <span class='ocrx_word' id='word_1_447' title='bbox 460 4985 655 5059; x_wconf 75' lang='lat' dir='ltr'><strong>praedestinat</strong></span> <span class='ocrx_word' id='word_1_448' title='bbox 668 4984 881 5058; x_wconf 90' lang='lat' dir='ltr'><strong>omnipotentis</strong></span> 
     </span>
     <span class='ocr_line' id='line_1_99' title="bbox 242 5073 544 5146; baseline -0.007 -14"><span class='ocrx_word' id='word_1_449' title='bbox 242 5075 372 5132; x_wconf 88' lang='lat' dir='ltr'><strong>lloribus</strong></span> <span class='ocrx_word' id='word_1_450' title='bbox 383 5079 412 5131; x_wconf 93' lang='lat' dir='ltr'><strong>et</strong></span> <span class='ocrx_word' id='word_1_451' title='bbox 420 5073 544 5146; x_wconf 88' lang='lat' dir='ltr'><strong>meritis,</strong></span> 
     </span>
    </p>
   </div>
   <div class='ocr_carea' id='block_1_21' title="bbox 150 4803 1869 5683">
    <p class='ocr_par' dir='ltr' id='par_1_50' title="bbox 152 4803 1869 5237">
     <span class='ocr_line' id='line_1_100' title="bbox 1074 4803 1867 4884; baseline -0.008 -19"><span class='ocrx_word' id='word_1_452' title='bbox 1074 4809 1165 4880; x_wconf 88' lang='lat' dir='ltr'><strong>Igitur</strong></span> <span class='ocrx_word' id='word_1_453' title='bbox 1179 4808 1297 4884; x_wconf 89' lang='lat' dir='ltr'><strong>plebeio</strong></span> <span class='ocrx_word' id='word_1_454' title='bbox 1308 4809 1400 4882; x_wconf 89' lang='lat' dir='ltr'><strong>hujus</strong></span> <span class='ocrx_word' id='word_1_455' title='bbox 1425 4805 1609 4865; x_wconf 88' lang='lat' dir='ltr'><strong>nocturnalis</strong></span> <span class='ocrx_word' id='word_1_456' title='bbox 1634 4803 1798 4861; x_wconf 88' lang='lat' dir='ltr'><strong>murmuris</strong></span> <span class='ocrx_word' id='word_1_457' title='bbox 1823 4805 1867 4860; x_wconf 91' lang='lat' dir='ltr'><strong>tu·</strong></span> 
     </span>
     <span class='ocr_line' id='line_1_101' title="bbox 1039 4890 1869 4971; baseline -0.012 -14"><span class='ocrx_word' id='word_1_458' title='bbox 1039 4899 1136 4958; x_wconf 90' lang='lat' dir='ltr'><strong>multu</strong></span> <span class='ocrx_word' id='word_1_459' title='bbox 1162 4897 1403 4971; x_wconf 89' lang='lat' dir='ltr'><strong>sonipedumque</strong></span> <span class='ocrx_word' id='word_1_460' title='bbox 1418 4895 1542 4969; x_wconf 88' lang='lat' dir='ltr'><strong>strepitu</strong></span> <span class='ocrx_word' id='word_1_461' title='bbox 1567 4908 1653 4964; x_wconf 88' lang='lat' dir='ltr'><strong>reges</strong></span> <span class='ocrx_word' id='word_1_462' title='bbox 1670 4891 1810 4963; x_wconf 89' lang='lat' dir='ltr'><strong>exterriti,</strong></span> <span class='ocrx_word' id='word_1_463' title='bbox 1824 4890 1869 4948; x_wconf 92' lang='lat' dir='ltr'><strong>ni-</strong></span> 
     </span>
     <span class='ocr_line' id='line_1_102' title="bbox 1039 4979 1867 5062; baseline -0.011 -16"><span class='ocrx_word' id='word_1_464' title='bbox 1039 4989 1168 5062; x_wconf 77' lang='lat' dir='ltr'><strong>miaque</strong></span> <span class='ocrx_word' id='word_1_465' title='bbox 1193 4986 1361 5044; x_wconf 81' lang='lat' dir='ltr'><strong>formidinis</strong></span> <span class='ocrx_word' id='word_1_466' title='bbox 1380 4990 1509 5042; x_wconf 87' lang='lat' dir='ltr'><strong>tremore</strong></span> <span class='ocrx_word' id='word_1_467' title='bbox 1529 4980 1669 5056; x_wconf 88' lang='lat' dir='ltr'><strong>perculsi,</strong></span> <span class='ocrx_word' id='word_1_468' title='bbox 1694 4981 1727 5037; x_wconf 93' lang='lat' dir='ltr'><strong>in</strong></span> <span class='ocrx_word' id='word_1_469' title='bbox 1740 4979 1867 5052; x_wconf 86' lang='lat' dir='ltr'><strong>caligine</strong></span> 
     </span>
     <span class='ocr_line' id='line_1_103' title="bbox 695 5069 1867 5146; baseline -0.009 -8"><span class='ocrx_word' id='word_1_470' title='bbox 695 5132 698 5138; x_wconf 90' lang='lat'><strong>.</strong></span> <span class='ocrx_word' id='word_1_471' title='bbox 1038 5077 1175 5134; x_wconf 76' lang='lat' dir='ltr'><strong>obscura</strong></span> <span class='ocrx_word' id='word_1_472' title='bbox 1190 5073 1285 5131; x_wconf 88' lang='lat' dir='ltr'><strong>noctis</strong></span> <span class='ocrx_word' id='word_1_473' title='bbox 1300 5071 1551 5146; x_wconf 85' lang='lat' dir='ltr'><strong>putabantgratia</strong></span> <span class='ocrx_word' id='word_1_474' title='bbox 1564 5069 1736 5127; x_wconf 83' lang='lat' dir='ltr'><strong>certaminis</strong></span> <span class='ocrx_word' id='word_1_475' title='bbox 1746 5069 1867 5127; x_wconf 82' lang='lat' dir='ltr'><strong>Richar-</strong></span> 
     </span>
     <span class='ocr_line' id='line_1_104' title="bbox 152 5158 1869 5237; baseline -0.001 -17"><span class='ocrx_word' id='word_1_476' title='bbox 152 5162 299 5220; x_wconf 77' lang='lat' dir='ltr'><strong>Bcclesias</strong></span> <span class='ocrx_word' id='word_1_477' title='bbox 314 5162 380 5219; x_wconf 86' lang='lat' dir='ltr'><strong>altis</strong></span> <span class='ocrx_word' id='word_1_478' title='bbox 395 5162 539 5220; x_wconf 86' lang='lat' dir='ltr'><strong>extollens</strong></span> <span class='ocrx_word' id='word_1_479' title='bbox 552 5163 745 5232; x_wconf 87' lang='lat' dir='ltr'><strong>culminibus,</strong></span> <span class='ocrx_word' id='word_1_480' title='bbox 761 5179 823 5237; x_wconf 92' lang='lat' dir='ltr'><strong>quo</strong></span> <span class='ocrx_word' id='word_1_481' title='bbox 1038 5167 1113 5222; x_wconf 90' lang='lat' dir='ltr'><strong>dum</strong></span> <span class='ocrx_word' id='word_1_482' title='bbox 1142 5163 1249 5220; x_wconf 87' lang='lat' dir='ltr'><strong>adesse</strong></span> <span class='ocrx_word' id='word_1_483' title='bbox 1277 5177 1346 5218; x_wconf 93' lang='lat' dir='ltr'><strong>cum</strong></span> <span class='ocrx_word' id='word_1_484' title='bbox 1365 5161 1436 5218; x_wconf 87' lang='lat' dir='ltr'><strong>suis.</strong></span> <span class='ocrx_word' id='word_1_485' title='bbox 1465 5162 1594 5233; x_wconf 83' lang='lat' dir='ltr'><strong>Repente</strong></span> <span class='ocrx_word' id='word_1_486' title='bbox 1618 5158 1806 5220; x_wconf 88' lang='lat' dir='ltr'><strong>conclamata</strong></span> <span class='ocrx_word' id='word_1_487' title='bbox 1823 5164 1869 5218; x_wconf 90' lang='lat' dir='ltr'><strong>est</strong></span> 
     </span>
    </p>

    <p class='ocr_par' dir='ltr' id='par_1_51' title="bbox 150 5247 1869 5683">
     <span class='ocr_line' id='line_1_105' title="bbox 242 5247 1869 5324; baseline -0.001 -17"><span class='ocrx_word' id='word_1_488' title='bbox 242 5251 386 5322; x_wconf 83' lang='lat' dir='ltr'><strong>AEdificet,</strong></span> <span class='ocrx_word' id='word_1_489' title='bbox 401 5255 520 5320; x_wconf 85' lang='lat' dir='ltr'><strong>statuat,</strong></span> <span class='ocrx_word' id='word_1_490' title='bbox 1039 5249 1176 5308; x_wconf 92' lang='lat' dir='ltr'><strong>omnium</strong></span> <span class='ocrx_word' id='word_1_491' title='bbox 1192 5250 1274 5307; x_wconf 90' lang='lat' dir='ltr'><strong>satus</strong></span> <span class='ocrx_word' id='word_1_492' title='bbox 1286 5249 1413 5324; x_wconf 76' lang='lat' dir='ltr'><strong>viteque</strong></span> <span class='ocrx_word' id='word_1_493' title='bbox 1425 5247 1537 5316; x_wconf 89' lang='lat' dir='ltr'><strong>fiducia</strong></span> <span class='ocrx_word' id='word_1_494' title='bbox 1549 5263 1678 5324; x_wconf 88' lang='lat' dir='ltr'><strong>spesque</strong></span> <span class='ocrx_word' id='word_1_495' title='bbox 1692 5247 1813 5308; x_wconf 84' lang='lat' dir='ltr'><strong>vivendi</strong></span> <span class='ocrx_word' id='word_1_496' title='bbox 1824 5263 1869 5306; x_wconf 89' lang='lat' dir='ltr'><strong>re-</strong></span> 
     </span>
     <span class='ocr_line' id='line_1_106' title="bbox 150 5337 1865 5415; baseline 0.001 -19"><span class='ocrx_word' id='word_1_497' title='bbox 150 5342 290 5411; x_wconf 84' lang='lat' dir='ltr'><strong>Protegct</strong></span> <span class='ocrx_word' id='word_1_498' title='bbox 302 5345 332 5396; x_wconf 91' lang='lat' dir='ltr'><strong>et</strong></span> <span class='ocrx_word' id='word_1_499' title='bbox 341 5339 499 5415; x_wconf 90' lang='lat' dir='ltr'><strong>populum,</strong></span> <span class='ocrx_word' id='word_1_500' title='bbox 515 5338 643 5397; x_wconf 86' lang='lat' dir='ltr'><strong>coelestis</strong></span> <span class='ocrx_word' id='word_1_501' title='bbox 654 5339 825 5413; x_wconf 88' lang='lat' dir='ltr'><strong>pneumatis</strong></span> <span class='ocrx_word' id='word_1_502' title='bbox 840 5345 947 5399; x_wconf 91' lang='lat' dir='ltr'><strong>auctus</strong></span> <span class='ocrx_word' id='word_1_503' title='bbox 1039 5337 1127 5397; x_wconf 90' lang='lat' dir='ltr'><strong>cessit</strong></span> <span class='ocrx_word' id='word_1_504' title='bbox 1141 5337 1180 5395; x_wconf 88' lang='lat' dir='ltr'><strong>ab</strong></span> <span class='ocrx_word' id='word_1_505' title='bbox 1195 5337 1347 5395; x_wconf 89' lang='lat' dir='ltr'><strong>omnihus.</strong></span> <span class='ocrx_word' id='word_1_506' title='bbox 1359 5337 1542 5409; x_wconf 88' lang='lat' dir='ltr'><strong>Ignorahant</strong></span> <span class='ocrx_word' id='word_1_507' title='bbox 1555 5337 1636 5397; x_wconf 84' lang='lat' dir='ltr'><strong>enlm</strong></span> <span class='ocrx_word' id='word_1_508' title='bbox 1645 5338 1719 5413; x_wconf 93' lang='lat' dir='ltr'><strong>quid</strong></span> <span class='ocrx_word' id='word_1_509' title='bbox 1733 5343 1865 5411; x_wconf 88' lang='lat' dir='ltr'><strong>agerent,</strong></span> 
     </span>
     <span class='ocr_line' id='line_1_107' title="bbox 242 5426 1867 5503; baseline 0 -19"><span class='ocrx_word' id='word_1_510' title='bbox 242 5432 362 5486; x_wconf 80' lang='lat' dir='ltr'><strong>h&#39;ecture</strong></span> <span class='ocrx_word' id='word_1_511' title='bbox 373 5428 521 5503; x_wconf 91' lang='lat' dir='ltr'><strong>septifido,</strong></span> <span class='ocrx_word' id='word_1_512' title='bbox 1039 5427 1294 5500; x_wconf 86' lang='lat' dir='ltr'><strong>fluctuantesque</strong></span> <span class='ocrx_word' id='word_1_513' title='bbox 1313 5443 1345 5484; x_wconf 90' lang='lat' dir='ltr'><strong>se</strong></span> <span class='ocrx_word' id='word_1_514' title='bbox 1359 5426 1431 5498; x_wconf 85' lang='lat' dir='ltr'><strong>iuga</strong></span> <span class='ocrx_word' id='word_1_515' title='bbox 1443 5431 1599 5486; x_wconf 88' lang='lat' dir='ltr'><strong>verterent.</strong></span> <span class='ocrx_word' id='word_1_516' title='bbox 1616 5430 1696 5487; x_wconf 77' lang='lat' dir='ltr'><strong>tiens</strong></span> <span class='ocrx_word' id='word_1_517' title='bbox 1717 5427 1867 5501; x_wconf 85' lang='lat' dir='ltr'><strong>siquidem</strong></span> 
     </span>
     <span class='ocr_line' id='line_1_108' title="bbox 151 5515 1867 5591; baseline -0.002 -13"><span class='ocrx_word' id='word_1_518' title='bbox 151 5518 272 5586; x_wconf 87' lang='lat' dir='ltr'><strong>ltuniat,</strong></span> <span class='ocrx_word' id='word_1_519' title='bbox 288 5517 406 5590; x_wconf 86' lang='lat' dir='ltr'><strong>exaltet,</strong></span> <span class='ocrx_word' id='word_1_520' title='bbox 416 5517 580 5576; x_wconf 87' lang='lat' dir='ltr'><strong>defendens</strong></span> <span class='ocrx_word' id='word_1_521' title='bbox 590 5516 723 5589; x_wconf 82' lang='lat' dir='ltr'><strong>adjuvet,</strong></span> <span class='ocrx_word' id='word_1_522' title='bbox 738 5519 829 5590; x_wconf 92' lang='lat' dir='ltr'><strong>atque</strong></span> <span class='ocrx_word' id='word_1_523' title='bbox 1039 5517 1159 5576; x_wconf 90' lang='lat' dir='ltr'><strong>illorum</strong></span> <span class='ocrx_word' id='word_1_524' title='bbox 1174 5515 1297 5590; x_wconf 89' lang='lat' dir='ltr'><strong>trepidis</strong></span> <span class='ocrx_word' id='word_1_525' title='bbox 1324 5517 1415 5574; x_wconf 90' lang='lat' dir='ltr'><strong>rebus</strong></span> <span class='ocrx_word' id='word_1_526' title='bbox 1439 5517 1574 5587; x_wconf 84' lang='lat' dir='ltr'><strong>nutabat,</strong></span> <span class='ocrx_word' id='word_1_527' title='bbox 1590 5532 1701 5591; x_wconf 89' lang='lat' dir='ltr'><strong>corque</strong></span> <span class='ocrx_word' id='word_1_528' title='bbox 1713 5517 1867 5591; x_wconf 75' lang='lat' dir='ltr'><strong>pratrepi-</strong></span> 
     </span>
     <span class='ocr_line' id='line_1_109' title="bbox 241 5605 1866 5683; baseline 0.001 -21"><span class='ocrx_word' id='word_1_529' title='bbox 241 5606 383 5665; x_wconf 81' lang='lat' dir='ltr'><strong>Hostibus</strong></span> <span class='ocrx_word' id='word_1_530' title='bbox 394 5607 509 5683; x_wconf 86' lang='lat' dir='ltr'><strong>eripiat,</strong></span> <span class='ocrx_word' id='word_1_531' title='bbox 1040 5608 1115 5666; x_wconf 93' lang='lat' dir='ltr'><strong>dum</strong></span> <span class='ocrx_word' id='word_1_532' title='bbox 1126 5607 1344 5680; x_wconf 86' lang='lat' dir='ltr'><strong>indiguumque</strong></span> <span class='ocrx_word' id='word_1_533' title='bbox 1354 5606 1485 5665; x_wconf 75' lang='lat' dir='ltr'><strong>veniatis</strong></span> <span class='ocrx_word' id='word_1_534' title='bbox 1492 5609 1552 5665; x_wconf 92' lang='lat' dir='ltr'><strong>huc</strong></span> <span class='ocrx_word' id='word_1_535' title='bbox 1560 5605 1866 5680; x_wconf 81' lang='lat' dir='ltr'><strong>illucquavacillabat.</strong></span> 
     </span>
    </p>
   </div>
   <div class='ocr_carea' id='block_1_22' title="bbox 0 0 2005 6180">
    <p class='ocr_par' dir='ltr' id='par_1_52' title="bbox 0 0 2005 6180">
     <span class='ocr_line' id='line_1_110' title="bbox 0 0 2005 6180; baseline 0 0"><span class='ocrx_word' id='word_1_536' title='bbox 0 0 2005 6180; x_wconf 95' lang='lat' dir='ltr'><strong> </strong></span> 
     </span>
    </p>
   </div>
  </div>
 </body>
</html>
