3990 6184
110 225 180 280 ¹305
547 172 549 176 ι
869 213 1080 272 pontatica.
1421 205 1425 214 ’
1760 221 1827 276 1300
1843 249 1846 256 .

110 348 192 402 Tunc
206 343 322 402 utinam
336 344 438 400 mutus
455 340 565 414 fueras,
579 340 658 397 hanc
670 339 795 413 quando
808 339 937 396 locutus.
958 341 982 394 h
997 340 1107 396 Ponere
1133 340 1312 412 legitimum.
1333 342 1442 408 Nescis,
1469 341 1541 414 quia
1568 342 1700 400 carmine
1727 343 1829 416 rhyth-

111 435 231 504 Cunctis
243 433 387 503 ostendis,
402 431 455 488 sed
470 430 560 488 talem
575 447 645 487 cum
658 428 863 503 reprehendis,
877 457 886 475 ·
1684 420 1790 504 imum,

109 526 211 581 lamet
221 521 402 579 mendosum
415 519 527 576 laesisse
539 535 645 577 canem
660 519 820 589 furiosum,
997 519 1227 577 Grammaticam
1250 525 1361 578 metam
1378 525 1404 578 tc
1419 521 1554 593 linquere
1578 535 1667 578 cerno
1682 521 1827 592 poetam?

110 615 204 670 flente
215 610 300 683 quod
314 609 423 665 insana
434 608 509 664 ferat
521 607 668 664 iracunda
683 608 788 677 Diana,
996 608 1153 670 Pauperies
1165 626 1246 668 ranae
1260 611 1416 685 quondam
1428 611 1479 682 jus
1494 611 1583 684 coepit
1594 610 1683 666 inane

113 699 258 758 Sardibus
271 697 394 754 imbutae
409 713 464 754 seu
478 701 507 755 te
523 697 630 754 mentis
646 697 724 754 male
740 700 808 753 tutae
997 696 1115 768 Dicens,
1131 698 1267 758 divinam
1282 717 1313 759 se
1326 704 1401 758 farre
1416 700 1485 758 feris
1502 699 1694 757 medicinam.

113 789 229 848 Collum
242 793 422 856 maternum,
439 787 484 844 vel
498 787 678 858 confregisse
693 790 864 860 paternum.
999 790 1134 860 increpat
1147 788 1193 845 bis
1207 789 1303 864 culpis
1317 791 1396 848 hauc
1411 791 1463 848 sed
1480 789 1608 846 versutia
1623 788 1738 862 vulpis:

112 881 154 934 Tu
169 877 264 934 cultor
278 875 356 932 furni
372 879 473 932 teneas
489 878 599 932 sortem
614 873 763 942 taciturni,
998 877 1040 932 lle
1053 891 1114 932 nou
1127 875 1287 946 frustrane,
1302 879 1375 952 quia
1390 883 1416 936 te
1431 879 1584 937 medicum
1598 877 1762 934 meditaris.

111 965 241 1023 lloribus
254 963 441 1036 immundus,
456 963 582 1020 sordens
595 963 681 1032 vitiis,
697 962 888 1030 furibundus,
997 966 1035 1020 Te
1051 965 1113 1020 fore
1127 965 1305 1022 mendosam
1320 967 1382 1024 scio
1394 983 1447 1040 per
1461 967 1570 1040 pellem
1583 965 1783 1032 maculosam,

111 1054 226 1127 Turpis,
242 1052 449 1126 blasphemus,
465 1053 606 1110 vitiorum
622 1057 750 1110 stercore
765 1052 884 1126 plenus,
998 1053 1125 1110 1101111110
1141 1058 1167 1110 10
1179 1054 1272 1127 pestis
1286 1054 1369 1128 quod
1382 1061 1477 1124 vexet,
1493 1072 1561 1112 sum
1573 1056 1626 1112 tibi
1639 1055 1728 1112 testis.

114 1144 257 1201 Sensibus
272 1148 299 1201 et
311 1158 417 1213 vanus,
433 1143 515 1217 quod
531 1142 659 1200 turberis
673 1142 752 1200 male
767 1157 871 1199 sanus.
998 1142 1131 1198 Primum
1144 1143 1281 1201 solamen
1296 1144 1348 1200 tibi
1363 1145 1462 1216 profer
1474 1144 1521 1201 001
1536 1145 1734 1212 medicamen,

112 1237 145 1290 ln
158 1249 285 1292 numero
300 1232 370 1290 cleri
384 1233 423 1289 sis
437 1231 641 1305 indignusque
656 1232 759 1300 teneri,
810 1301 824 1310 .
1000 1230 1075 1286 Artis
1088 1246 1177 1304 opem
1192 1231 1280 1287 nobis
1293 1233 1420 1306 posthac
1434 1232 1574 1288 adhibeto
1588 1230 1703 1287 Peonis.

112 1325 171 1378 Aut
184 1322 247 1380 fore
260 1327 288 1380 te
300 1323 408 1390 furem,
424 1322 506 1396 quod
521 1337 583 1377 non
599 1336 655 1392 ego
670 1321 769 1378 dicere
782 1336 884 1377 curem
1001 1320 1046 1376 Sic
1061 1320 1246 1388 emendator,
1264 1321 1307 1378 sic
1322 1336 1354 1377 es
1368 1321 1429 1378 vitii
1444 1321 1611 1377 comitator.

113 1415 173 1468 11οο
187 1411 242 1468 sed
256 1411 399 1468 dicebant
412 1410 454 1482 hi,
469 1411 541 1484 quia
553 1413 606 1467 tua
619 1410 729 1483 scripta
743 1409 897 1479 videbant,
999 1410 1128 1466 Vocibus
1143 1411 1283 1482 inmanis,
1299 1411 1443 1469 doctrinae
1460 1427 1583 1485 prorsus
1596 1408 1704 1476 inanis,

113 1500 192 1558 Talia
206 1505 234 1558 te
251 1499 345 1557 fatum
358 1503 481 1574 propter
495 1502 713 1572 propriumque
727 1503 855 1568 reatum,
1000 1499 1117 1557 Crimen
1133 1499 1279 1573 culpabis,
1296 1501 1348 1557 sed
1363 1516 1434 1556 mox
1449 1497 1695 1572 exemplificabis,

113 1589 258 1657 Quatiuus
269 1590 300 1646 in
314 1605 406 1662 poena
422 1589 463 1646 sis
476 1593 599 1663 propter
611 1587 669 1645 tale
684 1603 804 1662 poema.
1000 1589 1085 1654 Quod
1100 1605 1151 1646 cor
1161 1605 1221 1646 non
1236 1589 1321 1652 celat,
1336 1590 1483 1662 quoniam
1497 1587 1647 1660 Scriptura
1662 1583 1783 1641 revelat.

114 1682 197 1746 fiune
228 1677 355 1753 culpans
380 1694 512 1744 navum,
534 1676 587 1751 qui
618 1677 742 1734 conterit
773 1691 864 1732 omne
891 1690 946 1748 per
964 1678 1139 1749 gversibus
1151 1679 1258 1737 oblatis
1273 1678 1483 1742 mendacibus,
1498 1675 1704 1734 inmodulatis.

787 1765 907 1835 [aevum.
1000 1772 1063 1825 Non
1076 1769 1260 1826 ostendisses
1274 1773 1303 1826 te
1318 1767 1451 1836 stultum,
1467 1768 1493 1823 si
1506 1766 1660 1835 tacuisses,

115 1859 190 1914 Sunt
203 1860 364 1912 assertores
379 1855 448 1912 huic
463 1871 569 1912 omnes
584 1855 747 1913 inferiores.
1000 1859 1211 1930 sermonisque
1225 1862 1296 1915 nota
1309 1859 1484 1915 monstraris
1497 1872 1576 1913 nunc
1590 1855 1691 1911 idiota.

115 1948 198 2001 llunc
211 1948 292 2001 sator
305 1943 428 2012 irarum,
443 1943 611 2000 destructor
627 1943 826 2000 amicitiarum
1000 1951 1057 2004 h'os
1071 1963 1133 2004 uon
1148 1947 1316 2016 contristas,
1331 1961 1440 2020 pugnae
1456 1946 1530 2002 dum
1545 1945 1602 2001 tela
1613 1943 1776 2010 ministras,

116 2038 331 2100 demonstrato,
347 2038 431 2105 togas
443 2049 497 2090 cur
511 2050 566 2090 nos
578 2033 729 2105 deponere
744 2046 846 2101 cogas,
1000 2036 1100 2092 Proelia
1113 2052 1168 2092 ceu
1179 2051 1309 2106 magnus
1324 2035 1411 2092 nobis
1423 2034 1591 2092 minitando
1604 2037 1762 2106 tyrannus,

115 2123 204 2179 lt'ohis
218 2123 349 2192 immitis,
364 2121 566 2179 transmittens
580 2120 757 2177 0011110111ἰο
1000 2129 1032 2181 Et
1044 2125 1127 2199 quod
1141 2142 1201 2181 nou
1217 2125 1311 2185 audes
1325 2124 1448 2192 dictatu,
1462 2125 1581 2179 volvere
1597 2121 1722 2191 gaudes.

113 2216 157 2266 An
173 2227 229 2266 nos
242 2210 385 2266 mellitam
397 2210 494 2266 nescis
508 2209 556 2266 hic
571 2209 681 2266 ducere
696 2209 800 2276 vitam,
999 2215 1089 2270 Nobis
1103 2214 1236 2270 divinam
1248 2229 1411 2287 poscamus
1423 2227 1513 2284 opem
1525 2210 1588 2266 lore
1602 2209 1743 2282 primam.

114 2299 249 2372 Undique
263 2303 397 2371 pacatos,
412 2303 441 2355 et
454 2297 492 2355 de
505 2298 596 2355 nullis
608 2299 788 2372 superatos‘i
1000 2302 1121 2370 Christe,
1134 2302 1175 2358 tui
1188 2300 1256 2356 cleri
1270 2305 1401 2356 turmam
1416 2299 1540 2369 dignare
1558 2295 1641 2354 tueri.

113 2391 151 2444 Tc
166 2386 283 2443 nullum
299 2387 424 2444 verbum
437 2387 531 2444 nostri
545 2386 679 2443 turbaret
692 2386 847 2453 acerbum,
1001 2389 1195 2447 sanctificans
1208 2389 1328 2458 signum
1340 2388 1436 2443 crucis
1451 2387 1520 2443 hine
1531 2385 1613 2454 luget
1622 2397 1711 2439 omne
1725 2379 1830 2447 malig-

117 2475 146 2533 Si
160 2480 190 2530 tu
205 2489 365 2543 cessasses,
380 2475 464 2547 quod
476 2473 621 2531 talianou
635 2474 805 2544 rogitasses.
1697 2471 1794 2542 [num.

119 2563 260 2620 Funditus
275 2562 384 2619 invitos
401 2563 462 2618 scio
474 2578 530 2618 nos
545 2576 682 2634 pugnare
694 2561 813 2634 petitos.
1000 2571 1060 2624 [ten
1087 2565 1296 2622 Constantinus
1321 2579 1415 2638 qnam
1443 2562 1535 2618 sensit
1562 2561 1592 2616 in
1622 2558 1742 2628 agmine
1770 2553 1830 2629 pri-

120 2656 161 2709 111
176 2652 233 2708 hoc
246 2667 309 2710 non
323 2652 412 2709 latres
426 2651 508 2721 rixis,
518 2651 571 2707 sed
585 2649 702 2707 reddito
715 2653 823 2721 grates,
1702 2647 1794 2716 [mus.

118 2741 203 2808 Quod
219 2757 281 2796 non
296 2740 423 2796 rixando
436 2739 545 2813 loquor
555 2739 630 2824 berc,
643 2739 697 2795 sed
711 2737 909 2795 consiliando.
1001 2750 1058 2802 Nss
1073 2760 1134 2801 nnn
1149 2744 1186 2800 ds
1202 2743 1284 2800 soelis
1300 2741 1444 2812 suffragia
1459 2741 1517 2796 sint
1531 2737 1688 2796 0101100110,

119 2833 168 2886 Εο1
182 2829 234 2884 tibi
249 2828 411 2885 discrimen
422 2832 560 2885 nostrum
573 2827 744 2898 contingere
758 2827 862 2896 limen,
1002 2834 1113 2892 Nostris
1129 2833 1226 2890 tutelis
1241 2832 1277 2888 sit
1287 2830 1462 2906 praesidium
1477 2827 1631 2886 Gabrielis.

116 2918 331 2990 Gymnasiique
343 2916 443 2973 locum
456 2933 571 2988 nugace
587 2916 741 2973 notamine
754 2931 873 2972 vocum.
1002 2927 1059 2980 Nos
1072 2922 1247 2995 corruptelis
1263 2937 1372 2977 manus
1387 2919 1493 2993 eripiat
1507 2915 1676 2991 Raphaelis.

118 3009 147 3064 ld
163 3023 257 3080 quare
273 3006 393 3090 gliscas,
409 3006 492 3080 quod
512 3007 611 3065 adhuc
629 3005 817 3062 lacrimando
836 3003 946 3075 gemis·
965 3048 984 3102 0
1001 3010 1132 3082 angelici
1147 3011 1226 3066 cives
1240 3025 1346 3066 omnes
1363 3007 1451 3064 nobis
1465 3007 1534 3063 date
1547 3005 1636 3061 vires.

839 3095 911 3166 [cas,
978 3083 985 3101 ⁶
1002 3099 1124 3156 auxiliis
1136 3098 1245 3154 dandis
1259 3112 1436 3154 veneremur
1451 3110 1536 3152 sacra
1550 3091 1685 3150 loannis.

117 3190 241 3259 Semper
253 3185 389 3255 deflebis,
405 3185 429 3240 si
444 3201 500 3241 nos
514 3184 681 3257 pugnando
695 3183 840 3240 movebis.
1004 3193 1034 3244 ln
1050 3203 1153 3261 pugna
1168 3187 1254 3243 metri
1269 3186 1396 3259 petimus
1411 3184 1580 3240 munimina
1595 3181 1680 3238 Petri.

116 3277 163 3333 Vis
176 3292 229 3350 per
244 3274 416 3332 conflictum
432 3273 502 3330 belli
517 3279 634 3344 tergum
647 3272 719 3329 dare
734 3273 858 3342 vietum,
1003 3278 1054 3332 Cui
1071 3291 1195 3332 consors
1210 3273 1286 3331 aulae
1302 3274 1369 3329 coeli
1384 3289 1440 3330 nos
1452 3273 1586 3343 protege,
1600 3267 1699 3324 Paule.

116 3369 173 3422 hut
185 3369 253 3438 post
266 3363 454 3436 procinctum
468 3362 596 3419 manicis
612 3367 639 3418 10
657 3361 783 3418 reddere
803 3361 946 3417 vinetum.
1004 3365 1102 3423 Gratia
1117 3364 1212 3421 levitas
1229 3362 1371 3436 stephani
1385 3361 1436 3418 det
1447 3359 1559 3431 gaudia
1574 3358 1650 3428 vite,

117 3457 318 3525 congressum
330 3452 401 3509 belli
412 3452 550 3524 deponas
561 3451 663 3524 pullus
675 3451 770 3521 aselii,
1004 3454 1171 3526 auxiliique
1186 3468 1295 3509 manus
1308 3451 1411 3508 tendat
1424 3451 1452 3505 S.
1469 3447 1615 3505 lliliauus.

119 3542 174 3609 Qui
188 3542 253 3598 vice
267 3540 417 3615 praedonis
432 3539 539 3596 catulis
555 3539 596 3596 sis
611 3539 715 3614 praeda
730 3538 836 3596 leonis.
1004 3547 1078 3602 cum
1094 3543 1176 3615 pacis
1190 3541 1294 3616 palma
1306 3540 1462 3614 proprium
1475 3535 1617 3594 defendat
1631 3533 1762 3604 agalma.

120 3632 148 3689 Si
160 3646 248 3704 prece
261 3630 415 3704 persistas,
431 3633 532 3702 partes
548 3628 697 3684 ducamur
710 3628 741 3684 in
754 3631 837 3695 istas,
1003 3631 1095 3689 Testis
1110 3630 1230 3688 divinus
1244 3628 1298 3686 fist
1312 3628 1402 3685 tutela
1417 3626 1567 3694 Quirinus.

120 3724 154 3777 Ut
167 3721 271 3776 videas
285 3718 398 3775 bellum
417 3723 444 3774 10
459 3715 627 3789 despoliare
647 3715 807 3784 misellum,
1004 3721 1084 3777 assis
1097 3718 1237 3776 ambrosi
1252 3717 1351 3773 fautor
1364 3715 1435 3773 belli
1448 3713 1594 3785 generosi.

121 3812 151 3865 ln
165 3824 280 3864 morem
295 3806 405 3863 vermis
420 3803 549 3878 pedibus
565 3803 705 3864 sternaris
718 3803 851 3859 inermis.
1007 3812 1112 3870 sancte
1130 3822 1237 3877 regens
1250 3807 1353 3862 1100100
1372 3805 1552 3875 hieronyme
1572 3802 1726 3872 poscimus
1746 3801 1836 3850 astes.

120 3903 193 3956 Pace
207 3897 368 3964 coronaris,
386 3911 481 3969 quam
495 3898 525 3950 tu
541 3909 680 3950 sermone
696 3894 843 3965 sequaris,
1006 3899 1064 3952 nos
1076 3895 1260 3964 Augustinus
1275 3891 1418 3948 defendat
1430 3891 1530 3944 rhetor
1546 3889 1675 3960 opimus.

120 3991 232 4047 llecum
245 3986 361 4042 sensisti
377 3984 428 4058 qui
444 3983 544 4039 nobile
559 3982 673 4052 dogma
688 3981 833 4050 magistri,
1008 3988 1114 4040 tioctor
1129 3982 1260 4051 Gregori,
1277 3982 1317 4036 da
1332 3996 1370 4035 ue
1384 3979 1442 4034 sint
1456 3976 1535 4033 bella
1549 3974 1655 4030 dolori.

121 4079 176 4144 Qui
192 4095 248 4133 nos
263 4076 416 4141 informat,
431 4072 546 4129 ratione
561 4071 674 4128 facetus
689 4071 825 4127 adornat.
1007 4075 1143 4140 Protegat
1156 4069 1284 4124 invictus
1299 4083 1354 4122 nos
1368 4068 1517 4138 inpugna
1532 4061 1718 4118 Benedictus.

121 4169 204 4222 Hunc
219 4165 292 4239 quia
304 4162 442 4221 laudasti.
459 4177 508 4217 1110
521 4175 669 4234 perquam
683 4157 851 4215 laetificasti.
1005 4161 1153 4218 lumbam
1169 4155 1330 4214 nurchardi
1346 4169 1520 4227 quaeramus
1535 4167 1596 4208 uon
1613 4166 1700 4224 prece
1715 4147 1802 4205 tardi.

123 4261 198 4312 lnter
212 4270 266 4311 nos
281 4255 334 4310 1110
348 4251 443 4324 fugiat
458 4250 610 4307 discordia
622 4249 705 4305 dirae.
1007 4254 1208 4321 llocttrrcsque
1224 4245 1302 4302 salos
1314 4261 1372 4318 ope
1387 4243 1446 4299 sint
1460 4243 1507 4299 hic
1523 4241 1714 4315 prodigiales.

123 4347 261 4416 Expertes
277 4341 345 4398 belli
357 4355 412 4397 nos
426 4339 531 4410 simus,
543 4353 646 4394 amore
660 4335 798 4407 gemelli:
903 4311 917 4338 ⁶
1008 4338 1108 4396 Sancti
1124 4352 1178 4392 scu
1191 4334 1291 4391 cuncti
1303 4332 1391 4390 nobis
1406 4331 1553 4388 succurite
1563 4328 1658 4402 juncti
1762 4329 1766 4334 “

124 4433 229 4490 l'oedus
246 4430 365 4488 flavidis
381 4443 513 4496 mecum,
528 4426 723 4498 lonathaeque
737 4425 861 4481 subibis.
970 4393 991 4446 ὓ
1008 4424 1182 4482 praestando
1197 4422 1302 4480 castris
1316 4420 1425 4478 uostris
1438 4423 1573 4476 tutamen
1589 4418 1629 4474 ab
1641 4417 1739 4474 astris.

123 4523 166 4580 1111
181 4524 300 4578 nosmet
313 4534 427 4575 saevum
443 4515 601 4573 conturbet
613 4530 694 4570 nunc
712 4514 785 4569 etin
800 4527 909 4568 avum.
1009 4517 1074 4570 11100
1089 4529 1145 4568 nos
1160 4517 1326 4576 cantemus,
1344 4512 1465 4568 llarlem
1487 4505 1675 4576 nihilumque
1690 4503 1840 4578 111ηο111110.

123 4612 244 4669 1111110111
257 4610 413 4675 mirantur,
423 4623 495 4662 nam
511 4605 582 4663 talia
595 4604 648 4678 qui
661 4603 863 4677 speculantur.
1009 4605 1054 4662 Sic
1070 4619 1125 4659 nos
1142 4601 1272 4676 parmati
1288 4604 1404 4656 01011100
1416 4610 1553 4672 pugnare
1565 4592 1673 4666 parati.

126 4704 208 4773 Sunt,
224 4699 357 4774 quicum
372 4695 442 4752 rixis
454 4695 543 4752 nobis
558 4693 589 4750 111
605 4692 732 4766 pignore
744 4691 812 4747 111110
1009 4693 1098 4750 Nobis
1111 4691 1251 4748 admittas
1266 4686 1406 4761 quamvis
1420 4689 1451 4741 tu
1464 4680 1544 4739 mille
1559 4679 1698 4749 sagittas:

125 4792 235 4846 0111000
249 4787 388 4842 devinces
403 4784 454 4841 tibi
469 4784 666 4856 conspectum
680 4781 744 4837 fore
757 4779 855 4846 lincis,
1009 4784 1066 4838 Nos
1080 4777 1295 4852 impugnando
1308 4775 1411 4830 venias
1425 4771 1493 4827 licet
1504 4771 1606 4843 utpote
1621 4765 1748 4838 grando.

124 4880 218 4936 1111101
233 4877 350 4934 subtilis
363 4875 430 4932 licet
445 4875 520 4931 00010
533 4872 589 4929 flos
601 4872 740 4944 juvenilis
1010 4871 1067 4928 Sed
1081 4874 1184 4926 tamen
1199 4865 1313 4923 attritos
1328 4860 1469 4918 bellando
1484 4863 1552 4914 tuos
1565 4856 1723 4930 parasitos,

126 4967 300 5041 Spernendo
311 4964 416 5035 falsos,
430 4977 558 5035 suprave
571 4961 698 5019 modum
712 4959 791 5017 male
807 4958 908 5026 falsos,
1010 4960 1126 5015 Viribus
1139 4955 1269 5012 extensis
1284 4954 1423 5026 penetrat
1439 4947 1603 5006 saxonicus
1616 4946 1705 5012 ensis,

128 5058 158 5113 hl
172 5055 301 5112 retinens
316 5057 442 5120 certum,
458 5053 582 5107 cunctos
598 5063 741 5124 superare
756 5047 911 5114 disertum,
1011 5049 1131 5106 Noricus
1146 5050 1172 5102 et
1187 5048 1299 5100 Saevus
1312 5041 1436 5113 cupiunt
1449 5037 1632 5108 conjungere
1645 5033 1753 5090 foedus.

127 5145 216 5203 Nobis
229 5144 325 5201 tutelae
341 5142 394 5217 qui
408 5142 461 5198 dat
472 5140 565 5196 decus
582 5144 671 5212 atque
683 5138 821 5213 loquelas.
1010 5141 1048 5194 le
1063 5149 1124 5192 non
1141 5136 1303 5198 sectantur,
1318 5128 1372 5185 sed
1386 5127 1474 5184 nobis
1487 5124 1679 5193 auxiliantur,

10 5263 17 5281 ·
126 5237 188 5306 liic,
201 5251 254 5291 cur
265 5231 422 5291 baccharis
436 5229 534 5298 nobis,
549 5228 602 5302 qui
615 5227 696 5284 bella
710 5228 857 5284 minaris?
1011 5224 1067 5291 Qui
1081 5239 1143 5279 uon
1160 5220 1329 5288 formident,
1342 5217 1416 5290 quin
1432 5220 1458 5272 te
1473 5211 1622 5270 vincendo
1635 5209 1791 5267 trucident.

125 5329 233 5384 Pacem
247 5322 426 5397 spernendo,
442 5335 513 5376 cum
530 5317 628 5376 llartis
642 5332 744 5374 amore
759 5315 887 5373 furendo
1012 5313 1100 5382 Quod
1113 5326 1272 5385 uunquam
1286 5306 1392 5377 credis,
1404 5305 1462 5361 nisi
1477 5319 1547 5361 cum
1562 5300 1704 5359 certando
1717 5296 1845 5354 videbis.
1911 5369 1920 5386 .

127 5413 318 5488 llompositor
331 5409 419 5468 metri
432 5411 555 5484 propter
567 5405 727 5464 mendacia
741 5407 832 5462 tetri?
1014 5408 1044 5460 ln
1057 5417 1151 5473 reguo
1164 5399 1280 5475 primos
1294 5395 1394 5453 nescis
1407 5393 1456 5450 hic
1470 5409 1535 5450 0000
1548 5391 1677 5456 Latinos,

127 5505 215 5562 1111010
229 5499 366 5574 sylvestri
377 5499 494 5554 discors
508 5496 623 5554 ratione
637 5493 769 5570 pedestri
1014 5496 1108 5549 Nosve
1122 5487 1281 5561 coequales
1297 5483 1456 5542 miraberis
1468 5496 1533 5537 esse
1548 5477 1678 5536 sodales.

126 5589 264 5648 turbatis
278 5592 392 5646 llusam
407 5585 548 5655 fallendo,
561 5585 670 5657 fugans
684 5584 873 5652 Arethusam,
1014 5582 1079 5638 10110
1094 5579 1232 5644 dicendo,
1247 5591 1300 5631 seu
1316 5577 1420 5629 contra
1435 5576 1463 5627 te
1476 5568 1635 5629 veniendo.

129 5679 251 5754 Syllaba
265 5678 349 5752 qnod
362 5681 447 5736 muta
461 5679 610 5738 monstrat
622 5675 737 5732 ratione
751 5673 851 5730 locuta
959 5737 962 5743 ,
1016 5677 1056 5727 110
1070 5669 1158 5726 nobis
1172 5669 1267 5724 dones
1279 5667 1311 5720 in
1326 5661 1451 5720 circuitu
1461 5659 1611 5752 regiones,
