3996 6186
177 193 225 246 oei
664 182 818 241 llUDONlS
836 177 968 238 DEGth
988 173 1019 230 S.
1040 171 1195 238 emuntur
1213 178 1404 238 VlRUIAND.

178 316 307 385 atraeque
321 308 529 367 monarchiam
549 308 668 366 ditionis
683 307 833 374 invadere,
848 316 965 375 nosque
978 297 1042 354 ath
1063 295 1148 354 llluru
1163 300 1268 358 ditabit
1281 303 1477 376 locupletans,
1490 301 1696 371 munificabit;

177 417 231 458 vos
246 414 351 456 omnes
363 396 530 471 perdere,et
543 402 707 471 antequam
722 394 940 453 haereditariam
951 406 1005 446 no·
1062 387 1184 445 Francia
1198 391 1296 464 deque
1309 393 1367 450 tuis
1378 392 1484 464 genitis
1498 391 1627 449 fecunda
1640 391 1745 454 beatis,

178 494 244 547 strae
259 487 473 544 dominationis
490 491 599 544 terram
617 486 777 560 mancipet,
795 485 841 540 sui
853 478 1006 553 regiminis
1062 477 1214 548 spermate
1230 481 1377 538 nobilium
1390 482 1534 538 concretis
1547 473 1806 548 Christicolarum,

178 585 285 637 terram
309 575 503 649 anticipando
521 591 779 648 preoccupemus,
804 571 1007 642 hostiliterque
1062 566 1216 636 Dacigenis
1232 587 1301 626 enm
1317 571 1504 643 francigenis
1519 575 1580 628 tam
1594 569 1770 645 pacificatis,

177 667 342 724 resistendo
358 665 499 722 adventui
527 666 601 737 ejus.
620 687 633 716 »
652 665 728 720 tllico
742 681 847 720 omnes
861 663 908 718 his
922 659 1007 716 dietis
1062 656 1164 726 Giguet
1180 659 1359 731 producens,
1376 666 1529 734 expurget,
1545 660 1675 734 proferet
1689 659 1801 728 ingens

178 757 286 813 hilares
323 755 438 826 regiam
476 759 585 810 terram
613 753 798 825 conglobatis
831 749 1008 808 exercitibus
1063 747 1165 816 Regae,
1179 749 1404 824 pontificesque,
1421 750 1668 820 duees,comitcs‚
1680 762 1901 822 proceresque:

177 847 364 914 invaserunt,
398 848 552 918 totamque
590 844 728 900 saeviente
754 842 880 900 vulcano
915 840 1008 913 depo·
1065 835 1250 909 Subquibus
1264 839 1345 895 orbis
1360 855 1456 896 ovans
1472 839 1595 914 pollebit
1616 839 1749 912 principe
1767 835 1902 905 Christo,

179 935 331 1010 pularunt.
354 937 420 991 11111
444 938 545 991 autem
565 950 617 990 rex
639 933 774 1001 audiens,
795 937 897 989 contra
911 929 1008 986 Rollo-
1064 929 1095 981 Et
1109 927 1220 999 quihus
1234 928 1366 985 ecclesiae
1380 928 1625 986 fecundabuntur
1638 928 1761 1000 ubique,

178 1041 249 1082 nem
264 1029 292 1082 11
305 1025 427 1081 fratrem
452 1024 516 1095 ejus
536 1023 649 1096 peregit
664 1023 703 1079 ad
725 1021 871 1095 praelium,
897 1019 1009 1092 diuque
1063 1020 1158 1088 Atque
1173 1033 1253 1074 novo
1268 1034 1408 1090 quorum,
1433 1018 1616 1089 gaudebunt,
1631 1021 1752 1091 perpete
1768 1015 1901 1082 Christo,

179 1112 352 1170 dimicando
377 1116 458 1182 terga
478 1112 565 1167 vertit
591 1110 708 1181 fugiens
728 1110 766 1168 ad
795 1108 936 1182 praesidia
960 1123 1010 1163 ur·
1063 1107 1126 1174 Ter,
1141 1105 1285 1180 trinaeque
1300 1107 1410 1180 quibus
1425 1107 1605 1182 baptismate
1619 1105 1799 1180 purificatis,

179 1198 463 1260 biumluncllollo
493 1200 539 1255 sui
553 1199 847 1256 exercitusmortuos
866 1195 1009 1271 sepelivit,
1063 1197 1128 1250 lam
1145 1211 1290 1268 superum
1300 1202 1405 1254 turmae
1420 1197 1544 1254 decimes
1554 1196 1618 1253 vice
1630 1195 1753 1269 perditae
1768 1195 1902 1251 adacte.

179 1290 256 1362 regis
271 1294 372 1346 autem
384 1288 557 1344 inhumatos
580 1287 708 1360 reliquit.
730 1290 821 1344 Unius
841 1301 911 1343 vero
926 1285 1010 1341 lustri
1102 1285 1236 1356 Cumque
1264 1284 1314 1340 diu
1332 1286 1443 1342 Scanza
1455 1285 1554 1341 insula
1569 1288 1695 1340 rnoestus
1714 1285 1902 1349 moraretur,

181 1378 279 1452 spatio
293 1382 505 1451 perseverante
520 1377 709 1448 interregem
722 1383 750 1433 11
764 1376 918 1433 Rollonem
930 1373 1012 1429 duel·
1065 1371 1249 1446 sollicitaque
1264 1372 1701 1448 contorquentistanimoshatis
1713 1369 1903 1442 cogitatione

179 1468 230 1536 lio,
242 1467 323 1524 misit
337 1483 389 1524 rex
402 1465 534 1539 pacificis
547 1466 646 1523 verbis
660 1466 699 1522 ad
714 1482 784 1523 cum
796 1464 971 1536 hujusmodi
980 1463 1011 1520 in
1066 1466 1199 1519 aestuans
1224 1463 1379 1520 moliretur
1407 1471 1438 1520 ut
1461 1464 1624 1521 vindicaret
1643 1479 1675 1519 se
1702 1462 1740 1517 da
1766 1460 1903 1517 inimicis

181 1557 270 1613 dolo:
288 1579 301 1606 κ
319 1556 396 1612 Nihil
412 1555 528 1612 mihiet
549 1555 611 1625 tibi,
627 1555 686 1612 nisi
701 1553 1011 1628 gratiapropinquita-
1066 1552 1145 1622 suis;
1175 1553 1367 1627 plurimique,
1381 1571 1458 1628 quos
1487 1553 1656 1626 fugaratde
1681 1551 1773 1608 111111
1787 1549 1901 1620 regalis

183 1647 227 1702 tis.
244 1649 279 1703 Ut
307 1645 474 1718 requiescat
489 1644 653 1717 republica,
678 1661 784 1718 precor
808 1643 953 1717 permitte,
980 1647 1012 1700 ut
1027 1652 1048 1706 Β
1066 1639 1247 1708 immanitas,
1275 1643 1313 1700 ad
1328 1659 1398 1700 eum
1426 1647 1651 1708 reverterentur,
1680 1641 1779 1697 fessos
1795 1639 1902 1694 labore

182 1735 265 1810 quod
283 1735 343 1791 mei
365 1734 440 1806 juris
455 1739 509 1801 est,
534 1750 679 1806 meusque
694 1739 789 1808 pater,
808 1733 914 1804 tenuit,
926 1733 1013 1789 liceat
1067 1735 1160 1798 artus,
1185 1747 1292 1807 sopore
1314 1748 1488 1807 oppressos,
1515 1749 1574 1789 vox
1598 1731 1700 1788 divina
1723 1729 1765 1786 illi
1787 1729 1900 1796 sonuit,

182 1823 328 1898 patienter
343 1838 391 1878 me
405 1821 643 1894 possiderettibi
656 1826 757 1878 autem
772 1821 855 1894 quod
872 1821 910 1877 tui
923 1822 1010 1893 juris,
1066 1820 1188 1876 dicens:
1219 1845 1233 1872 u
1256 1822 1350 1894 Rollo,
1379 1823 1519 1879 velociter
1543 1838 1642 1893 surge,
1664 1825 1796 1894 pontum
1820 1819 1900 1875 festi-

183 1913 325 1986 quodque
340 1916 421 1967 tuus.
434 1910 534 1983 Sitque
544 1910 621 1967 inter
635 1927 684 1967 me
698 1917 727 1967 el
739 1916 766 1968 te
780 1927 840 1984 pax
853 1917 881 1968 et
892 1927 1013 1967 concor·
1068 1931 1081 1960 a
1102 1915 1208 1967 nanter
1228 1913 1349 1982 navigio
1370 1917 1568 1978 transmeans,
1590 1910 1629 1967 ad
1648 1908 1760 1980 anglos
1786 1923 1898 1982 perge:

183 2001 233 2057 dia
247 1999 440 2057 inextricabili
456 1998 567 2054 foedere
578 2005 745 2072 compacta.
765 2023 779 2050 a
792 2003 872 2056 Tunc
887 1999 969 2055 Rollo
985 2002 1013 2055 et
1068 2019 1081 2047 v
1101 1998 1154 2054 ubi
1169 2000 1273 2056 audies
1289 2001 1371 2074 quod
1394 2001 1433 2056 ad
1455 2000 1585 2074 patriam
1605 2014 1708 2072 sospes
1729 1997 1898 2062 reverteris,

184 2090 295 2158 Gurim,
311 2089 491 2161 illorumque
514 2088 622 2144 milites
638 2095 728 2162 atque
751 2088 893 2162 descripti
910 2089 946 2147 ad
964 2106 1013 2145 ex·
1067 2109 1081 2136 «
1101 2093 1307 2162 perpetuaque
1331 2104 1405 2162 pace
1420 2090 1451 2146 in
1469 2105 1505 2146 ea
1530 2088 1593 2144 sine
1617 2087 1797 2144 detrimento
1820 2086 1899 2141 frue-

185 2177 418 2243 terminandum,
431 2193 537 2249 pacem
551 2176 805 2234 collaudaverunt.
815 2179 1013 2235 lieterminato
1068 2198 1081 2224 α
1102 2176 1151 2231 111.
1169 2199 1183 2226 u
1197 2179 1257 2234 lloc
1283 2178 1436 2234 somnium
1451 2194 1520 2234 cum
1544 2176 1671 2251 quidam
1692 2173 1819 2247 sapienti
1835 2173 1899 2228 viro

184 2269 273 2339 igitur
285 2267 480 2339 conjurandae
509 2266 645 2324 amicitiae
659 2273 802 2341 ternpore,
825 2272 948 2342 uterque
963 2283 1013 2326 ve·
1067 2268 1095 2321 et
1110 2265 1287 2322 Christicolae
1301 2267 1456 2335 retulisset,
1466 2265 1640 2338 huiusmodi
1654 2278 1790 2320 sermone
1805 2262 1900 2318 inter-

185 2357 228 2414 1111
243 2356 283 2412 ad
296 2355 459 2429 placitum:
488 2357 598 2412 mutuis
614 2356 790 2412 muneribus
816 2357 901 2414 ditati
923 2357 1014 2414 111111-
1067 2359 1200 2428 prelatus
1214 2359 1273 2411 est:
1289 2359 1356 2412 «Tu
1370 2359 1510 2426 vergente
1521 2355 1636 2412 venturi
1651 2351 1794 2426 temporis
1808 2367 1900 2407 cursu

185 2445 242 2501 rati
253 2447 331 2500 sunt.
348 2443 481 2516 Denique
493 2443 627 2517 perfidus
641 2460 693 2500 rex
706 2444 893 2502 dolositatem
910 2461 1013 2502 conce·
1068 2461 1152 2501 sacro
1168 2450 1270 2501 sancto
1283 2445 1462 2519 baptismate
1475 2443 1688 2518 purificaberis,
1703 2440 1898 2516 praedignus-

186 2538 244 2608 ptae
270 2531 384 2590 fraudis
412 2532 519 2589 infesto
548 2533 637 2590 corde
659 2533 828 2602 ruminans,
850 2539 1013 2592 convocato
1067 2548 1127 2606 que
1152 2533 1324 2591 Christicola
1346 2533 1499 2590 efficieris:
1516 2533 1595 2590 etab
1614 2547 1712 2588 errore
1725 2528 1898 2587 fluctuantis

185 2621 319 2696 quodam
333 2621 463 2678 exercitu
478 2637 543 2692 suo,
566 2626 656 2678 noctu
671 2637 798 2695 pergens
817 2627 921 2680 contra
935 2623 1013 2694 illos,
1069 2621 1168 2679 seculi
1195 2622 1235 2678 ad
1257 2622 1378 2695 hagios,
1405 2622 1514 2679 scilicet
1537 2620 1677 2692 Angelos,
1702 2633 1802 2692 usque
1827 2617 1897 2674 olim

185 2711 393 2784 invadensque
415 2710 490 2767 fines
512 2709 641 2778 illorum,
668 2711 917 2786 abscondensque
943 2712 1014 2769 insi·
1068 2710 1232 2784 pervenies,
1261 2726 1428 2785 pacemque
1453 2709 1593 2784 perennis
1623 2708 1723 2780 glorie
1752 2705 1897 2764 cumillis

186 2800 251 2857 dias
266 2798 483 2873 propemoenie
497 2798 630 2868 civitatis,
642 2816 819 2874 oppugnare
834 2802 1016 2875 coepit.Tunc
1069 2799 1205 2857 babebis.
1223 2823 1237 2852 u
1268 2800 1346 2857 illico
1368 2801 1434 2857 vela
1460 2799 1589 2858 navibus
1616 2803 1736 2873 aptans,
1749 2797 1898 2870 remisque

186 2889 269 2947 Rollo
282 2894 310 2945 et
324 2887 435 2956 Gnrim,
466 2893 494 2944 et
519 2888 652 2961 quicum
675 2906 710 2945 co
730 2895 824 2958 erant,
848 2891 1015 2949 exsilientes
1070 2906 1121 2947 eas
1146 2906 1306 2959 exornans,
1337 2896 1426 2965 atque
1452 2889 1612 2955 frumento,
1638 2889 1720 2956 vino,
1749 2889 1896 2960 tergisque

186 2978 224 3034 de
248 2976 375 3048 civitate,
398 2977 656 3050 persequebantur
673 2994 774 3048 regem
799 2984 882 3053 terga
902 2985 1016 3039 111111-
1032 3004 1051 3060 C
1071 2997 1161 3037 suum
1176 2996 1227 3037 eas
1242 2996 1382 3049 onerans,
1404 2979 1565 3037 velivolum
1586 2994 1670 3036 mare
1686 2977 1820 3036 celeriter
1832 2992 1895 3050 per-

187 3072 260 3136 tem,
287 3066 453 3138 fugamque
482 3066 682 3124 simulantem.
708 3071 905 3142 Transgresso
928 3071 1017 3143 igitur
1071 3085 1186 3138 means,
1210 3070 1322 3141 anglos
1350 3069 1532 3141 aggreditur,
1557 3068 1658 3142 ibique
1672 3067 1785 3124 morari
1800 3070 1891 3140 quiete

185 3153 287 3212 locum
310 3153 488 3210 insidiarum
523 3154 654 3221 Rollone.
683 3173 753 3230 pars
780 3160 924 3232 quaedam
952 3159 1016 3217 illa-
1072 3160 1124 3216 diu
1152 3160 1331 3234 suspicatur.
1360 3159 1521 3216 audientes
1535 3163 1635 3215 autem
1661 3157 1741 3214 illius
1762 3152 1889 3212 territorii

187 3261 256 3301 rum
270 3245 307 3301 de
319 3241 452 3302 latibulis
475 3260 605 3316 egressa,
630 3247 703 3319 petit
723 3248 839 3306 urbem.
862 3251 957 3317 Quam
972 3266 1018 3306 ar·
1072 3264 1231 3322 pagenses,
1258 3247 1341 3322 quod
1369 3247 1453 3305 Rollo
1489 3247 1584 3304 dacus
1611 3246 1776 3316 adveniret,
1803 3243 1891 3300 aciem

189 3334 311 3416 migeris
325 3350 454 3393 vacuam
481 3335 646 3404 inveniunt,
658 3335 804 3408 incendit3
821 3339 1017 3412 omniumque
1071 3339 1237 3396 maximam
1251 3343 1356 3396 contra
1369 3337 1454 3395 illum
1466 3339 1705 3403 construxerunt,
1716 3349 1846 3408 eumque
1857 3331 1893 3388 ab

188 3423 415 3498 supellectilium
438 3423 535 3498 spolia
558 3424 614 3480 sibi
635 3426 749 3484 detulit.
780 3428 925 3494 Quadam
948 3444 1017 3485 vero
1072 3427 1128 3484 illis
1141 3428 1253 3484 tinibus
1269 3428 1373 3498 fugare
1386 3428 1486 3485 conati
1499 3431 1576 3483 suut.
1592 3425 1646 3493 Qui
1662 3441 1745 3481 more
1759 3422 1846 3480 solito
1859 3418 1894 3478 ad

189 3512 371 3584 sequebatur
404 3511 569 3578 Rollonem,
605 3528 707 3582 regem
746 3515 844 3572 hostili
881 3517 1019 3574 immani·
1072 3516 1209 3590 praelium
1236 3516 1441 3575 indubitanter
1462 3517 1519 3574 illis
1533 3516 1670 3582 occurrit,
1694 3513 1895 3588 plurimosque

188 3605 247 3657 tate
274 3600 439 3670 fugantem.
461 3603 590 3657 Cernens
613 3606 953 3664 11111111111111111111
974 3623 1020 3664 11-
1072 3605 1192 3662 illorum
1207 3606 1378 3679 prostravit,
1401 3611 1491 3681 atque
1504 3609 1679 3664 caeterorum
1701 3603 1773 3674 iuga
1791 3605 1899 3659 verten-

188 3690 270 3757 bem,
293 3688 479 3761 insidiasque
491 3688 664 3762 prevalere,
690 3697 891 3763 retrogressus
902 3696 1019 3769 praelia·
1074 3696 1148 3753 tium
1176 3696 1269 3754 dorsa
1300 3697 1388 3754 hasta
1417 3696 1558 3768 fatigavit.
1588 3693 1720 3768 lienique
1754 3705 1897 3766 pagenses

188 3778 278 3834 batur
293 3782 398 3835 contra
420 3777 515 3834 illum.
532 3779 621 3836 Caesis
644 3796 715 3853 ergo
735 3798 772 3838 ex
790 3788 875 3856 parte
890 3785 1019 3844 Rollonis
1074 3783 1224 3858 prioribus
1249 3785 1349 3858 plures
1377 3789 1597 3849 coacervantes,
1620 3787 1725 3839 contra
1748 3779 1898 3837 Rollonem

189 3866 432 3941 quampluribus,
458 3866 564 3924 cecidit
578 3869 679 3926 Gnrim
706 3871 797 3929 frater
817 3873 882 3945 ejus
899 3875 931 3931 in
947 3891 1020 3950 pre·
1075 3876 1181 3933 iterum
1206 3875 1301 3932 aciem
1331 3875 1571 3932 robustissimam
1606 3872 1748 3942 dirigunt,
1773 3883 1899 3942 eumque

189 3956 238 4013 lio.
253 3957 361 4014 Videns
386 3961 488 4015 autem
510 3957 641 4016 11111111
663 3960 740 4018 inter
759 3967 921 4038 utrumque
941 3982 1022 4024 erer—
1075 3965 1220 4032 occidere,
1236 3969 1287 4022 aut
1306 3964 1378 4035 fuga
1399 3964 1459 4021 labi
1474 3967 1630 4020 conantur.
1646 3961 1695 4018 1111
1707 3975 1780 4017 1111
1799 3957 1900 4015 studiis

190 4045 292 4116 citum,
316 4063 413 4104 unum
436 4047 540 4118 fugam
569 4049 772 4120 simulantem,
795 4053 922 4112 alterum
949 4057 1022 4114 late·
1076 4054 1145 4111 belli
1171 4054 1307 4126 edoctus,
1333 4053 1566 4126 certaminisque
1586 4050 1764 4108 necessitate
1779 4045 1902 4122 asperri-

188 4135 252 4191 bris
278 4151 442 4206 egressum,
472 4136 655 4212 fratremque
682 4145 854 4212 mortuum;
882 4145 933 4202 vix
950 4147 1023 4204 liro·
1075 4160 1154 4212 mus,
1166 4142 1252 4216 galea
1266 4159 1341 4200 auro
1364 4141 1488 4198 mirifice
1510 4145 1641 4214 compta,
1658 4138 1802 4212 trilicique
1815 4137 1903 4193 lorica

190 4223 273 4280 ribus
309 4223 445 4297 plurimis
477 4227 634 4301 laceratus,
664 4246 731 4287 cum
770 4233 875 4305 paucis
908 4235 1024 4293 divertit
1076 4232 1209 4301 indutus,
1235 4236 1338 4288 eontra
1359 4230 1584 4302 objurgantium
1609 4231 1636 4284 11
1653 4225 1903 4300 proficiscentium

191 4312 231 4368 ab
252 4313 304 4368 eis.
334 4316 415 4404 Tunc
449 4331 501 4372 rex
526 4316 679 4388 obsidens,
704 4325 733 4376 11
768 4323 890 4395 capiens
920 4326 1020 4395 urbes,
1076 4323 1108 4379 in
1123 4338 1155 4378 sc
1182 4327 1299 4378 turmas
1320 4319 1497 4392 armigeras,
1525 4319 1664 4375 velociter
1678 4321 1768 4390 atque
1791 4313 1902 4372 indubi

191 4400 338 4476 populum
366 4409 470 4460 contra
485 4421 516 4462 se
530 4405 741 4478 objurgantem
768 4411 823 4468 sibi
839 4413 1020 4486 subjugavit.
1076 4415 1172 4468 tenter
1196 4410 1333 4483 perrexit,
1358 4408 1512 4482 milliaque
1524 4408 1642 4464 illorum
1658 4404 1829 4463 immaniter
1842 4418 1904 4477 pro·

191 4489 274 4547 Rollo
299 4507 370 4549 vero
394 4493 506 4550 morari
530 4510 591 4551 non
613 4496 715 4553 valens
738 4499 768 4555 in
784 4502 883 4573 Dacia,
899 4509 1022 4579 propter
1076 4501 1189 4573 stravit,
1217 4500 1336 4557 victrice
1358 4515 1461 4566 manu,
1486 4498 1635 4570 celerique
1657 4511 1749 4553 cursu
1762 4493 1904 4566 profugos

164 4595 293 4654 ¹regem
329 4580 469 4638 diffidens
502 4583 558 4652 sui,
599 4587 743 4644 scansam
779 4589 910 4648 insulam
951 4611 1020 4652 cum
1074 4606 1269 4664 persequens,
1280 4590 1451 4663 multosque
1473 4587 1643 4662 principum
1659 4585 1791 4658 capiens.
1807 4582 1905 4639 locum

191 4683 244 4725 sex
276 4669 403 4727 navibus
434 4687 595 4742 aggressus
633 4679 685 4752 111.
723 4679 804 4735 'func
847 4682 935 4739 Dacia
969 4685 1020 4758 pio
1075 4678 1168 4752 praelii
1183 4682 1343 4745 revertens,
1367 4676 1536 4734 occisorum
1552 4691 1678 4750 corpora
1701 4679 1779 4728 terra
1795 4669 1906 4734 condit,

191 4759 278 4832 duce,
305 4760 484 4835 patritioque
510 4767 600 4834 atque
632 4765 843 4826 robustissimo
875 4770 1020 4832 advocato
1075 4774 1256 4842 caeterosque
1280 4766 1377 4840 plagis
1401 4767 1526 4824 infectos
1543 4763 1720 4839 deportavit,
1744 4764 1908 4834 captosque

191 4848 315 4922 privata,
344 4866 458 4922 magno
482 4852 595 4924 ejulatu
617 4869 767 4914 concussa
788 4860 878 4933 coepit
891 4862 1020 4921 nimium
1073 4857 1203 4915 navibus
1225 4856 1395 4913 connexuit.
1407 4859 1488 4912 Tunc
1501 4853 1632 4912 11111οά1
1648 4866 1746 4910 111111
1761 4855 1906 4914 aestuans,

190 4936 271 4995 flete·
1074 4952 1099 5009 si
1131 4947 1252 5006 itaciam
1290 4949 1447 5019 repeteret,
1490 4960 1530 5001 an
1570 4942 1725 5002 Franciam
1763 4939 1908 5012 pergeret,

511 5047 703 5091 urosrnornu.
1074 5048 1126 5100 aut
1166 5036 1321 5108 anglicam
1367 5039 1476 5092 terram
1522 5032 1632 5107 praeliis
1673 5029 1829 5100 affligeret,
1886 5041 1900 5081 e

192 5115 281 5171 Dacia
294 5121 372 5174 sorte
386 5121 464 5188 tuos,
478 5137 548 5194 quaa
561 5123 649 5180 Gallis
663 5125 753 5183 mittis
766 5126 915 5198 alumnos,
1075 5132 1131 5190 sibi
1159 5125 1333 5196 vindicaret,
1371 5124 1461 5197 coepit
1498 5123 1614 5180 anxiari
1643 5119 1834 5191 nimiumque
1862 5113 1911 5171 tri·

191 5201 296 5273 indiga
310 5207 450 5277 promissi
463 5211 535 5279 veri,
552 5211 672 5272 dabitur
685 5217 768 5291 quod
783 5219 822 5276 ab
837 5221 935 5285 astris,
1076 5222 1155 5280 stari.

191 5291 328 5361 Praesagii
343 5297 372 5349 et
385 5297 492 5370 meriti,
506 5302 613 5360 mercis
628 5319 690 5362 non
706 5322 800 5374 gnara
813 5308 930 5382 futurae,
1302 5321 1484 5364 1111111111
1504 5321 1540 5360 an
1559 5317 1679 5359 111111.

191 5377 329 5438 Exhilara
345 5386 443 5454 temet,
459 5386 648 5463 deprensans
662 5396 751 5453 corde
765 5397 910 5455 dolorem.
1075 5399 1171 5467 hollo,
1186 5396 1258 5471 quid
1286 5394 1436 5452 horrescis
1453 5393 1596 5459 1111111111,
1617 5386 1787 5461 metuisque
1804 5385 1912 5442 111111·

191 5470 283 5526 Casus
298 5485 360 5528 non
372 5473 481 5533 animae
496 5483 549 5550 est,
565 5481 685 5542 fortuna
697 5485 804 5559 pulsus
816 5493 847 5544 at
861 5488 947 5544 acris,
1809 5473 1910 5548 llam?

191 5559 259 5614 11111
273 5560 400 5618 adversa
414 5564 494 5622 vices
509 5574 686 5632 converterit
696 5574 836 5649 improba
849 5593 978 5649 semper,
1075 5578 1152 5644 Ouid
1165 5581 1287 5652 torques
1309 5575 1447 5631 animum
1462 5569 1623 5627 meditatus
1640 5571 1723 5641 peste
1739 5562 1910 5639 repletum?

192 5645 335 5718 suggeret
350 5666 440 5712 11111
452 5653 569 5716 honum
581 5659 629 5718 isti
651 5678 798 5738 prospere
812 5665 903 5730 divite
919 5681 1029 5746 censu,
1063 5667 1140 5738 Quid
1154 5683 1206 5725 cor
1218 5664 1373 5728 comburis
1389 5675 1532 5718 curarum
1546 5657 1635 5716 sorde
1647 5653 1823 5714 refectum?
