3990 6184
182 137 252 203 latit
556 145 696 200 LElliilNi
715 141 864 200 taetris
882 141 910 198 S.
930 138 1081 200 vacasti
1099 137 1145 202 DE
1164 137 1311 200 abactio
1332 136 1516 198 cauabant.

418 807 652 896 Abalus
706 805 896 895 SANCTI
956 803 1186 892 venisti
1243 799 1652 891 A'frtbbtlssbsts

559 1049 891 1146 CONSTITUTIO
919 1048 985 1142 Dii
1014 1043 1227 1140 abicito
1266 1043 1513 1136 iiilNllitlbl

770 1273 904 1344 (litarat.
925 1271 1026 1342 Ampl.
1047 1267 1172 1327 Collect.
1193 1271 1214 1324 1.
1235 1267 1308 1338 tat.)

219 1661 238 1714 l.
261 1657 356 1714 Homo
369 1657 406 1714 de
420 1657 550 1728 generali
566 1657 675 1731 placito
691 1658 746 1716 tria
759 1659 869 1732 placita
882 1653 1009 1713 debetln
1028 1657 1051 1711 Α
1065 1651 1158 1713 dabit·
1176 1647 1204 1707 Si
1220 1651 1304 1710 extra
1318 1650 1416 1719 legem
1433 1663 1520 1704 suam
1541 1661 1665 1704 uxorem
1686 1643 1851 1721 acceperit,
1865 1649 1896 1704 il·

182 1762 273 1804 anno.
291 1749 388 1803 Unum
403 1763 432 1802 u
444 1747 517 1804 lenia
531 1751 599 1821 post
614 1747 822 1822 Epiphaniam,
834 1747 915 1804 alind
931 1761 957 1802 u
971 1744 1011 1800 le·
1064 1737 1175 1796 licitam
1197 1755 1261 1795 rem
1276 1741 1418 1812 operatus
1435 1739 1487 1808 est,
1504 1737 1620 1792 tantum
1643 1735 1728 1791 dabit
1747 1741 1895 1808 quantum

181 1834 226 1891 ria
240 1839 310 1908 post
328 1839 451 1893 octavas
475 1836 608 1905 Paschae,
624 1836 743 1893 tertium
758 1854 786 1892 vr
802 1837 876 1894 feria
889 1839 959 1909 post
973 1834 1011 1891 ie·
1064 1828 1219 1903 deprecari
1231 1828 1347 1900 poterit.
1365 1827 1392 1884 Si
1408 1825 1533 1882 liberam
1547 1824 1691 1881 leminam
1706 1841 1836 1881 uxorem
1848 1826 1897 1881 dn

182 1928 262 1981 stum
283 1927 310 1982 S.
324 1925 446 1981 ioannis
462 1925 605 1998 Baptista.
621 1929 652 1981 ln
667 1925 777 2003 quibus
791 1925 908 2004 placitis
927 1923 1010 1980 nulla
1063 1918 1149 1988 serit,
1163 1916 1236 1974 nihil
1257 1915 1351 1987 dabit,
1365 1916 1438 1988 quia
1459 1913 1628 1971 libertatem
1647 1913 1752 1972 uxoris
1775 1931 1839 1970 sure
1860 1915 1895 1970 ad

182 2016 323 2070 extranea
344 2016 476 2086 potestas
500 2012 589 2070 debet
608 2013 831 2088 venimusque
851 2013 1010 2088 praesidere
1063 2006 1161 2079 legem
1176 2021 1265 2063 suam
1281 2003 1434 2062 convertit.

182 2101 221 2158 ad
244 2100 455 2173 judicandum,
478 2116 576 2174 neque
597 2118 709 2173 eomeS,
730 2119 828 2176 nequa
848 2101 1011 2160 advocatus
1100 2098 1155 2153 Vll.
1177 2096 1274 2152 Homo
1291 2096 1314 2151 si
1329 2098 1466 2151 mortuus
1478 2092 1575 2162 luerit,
1587 2092 1723 2167 quinque
1736 2093 1895 2150 solidosde

182 2191 272 2262 iilius,
284 2191 341 2248 nisi
354 2195 471 2249 tantum
485 2191 581 2249 abbas
596 2196 648 2250 aut
660 2193 848 2266 praepositus.
1063 2189 1293 2243 mortua-manu
1308 2183 1392 2242 dabit
1404 2202 1410 2252 ;
1436 2183 1548 2240 lemine
1570 2199 1639 2239 cum
1662 2187 1786 2240 mortua
1800 2183 1894 2249 fuerit,

217 2282 250 2338 ll.
266 2281 351 2346 Quod
374 2281 480 2356 siquis
503 2281 706 2340 eminentioris
724 2283 875 2357 potentiae,
891 2283 937 2340 vel
959 2281 1011 2356 qul
1063 2274 1138 2332 nihil
1150 2274 1244 2346 dabit,
1260 2273 1333 2349 quia
1347 2273 1462 2347 prolem
1487 2288 1574 2330 snam
1589 2273 1620 2328 in
1635 2272 1835 2329 hereditatem
1849 2271 1893 2326 di-

181 2387 244 2428 non
267 2371 303 2428 sit
317 2372 355 2429 de
379 2371 443 2442 lege
465 2371 556 2444 hujus
578 2373 724 2443 generalis
746 2372 858 2446 placiti,
872 2372 1011 2429 babuerit
1064 2364 1161 2422 mittit.
1176 2365 1217 2421 De
1240 2364 1287 2421 bis
1310 2378 1432 2438 quoque
1456 2379 1472 2418 ι’
1492 2361 1606 2419 solidos
1629 2365 1692 2418 tarn
1713 2362 1751 2418 de
1769 2361 1892 2418 comedo
1985 2369 1986 2376 ’

182 2475 318 2532 eausam,
338 2459 521 2534 volueritque
548 2460 678 2520 clamare
703 2461 734 2518 in
756 2461 878 2535 placite,
895 2461 963 2523 iicet
984 2461 1011 2520 ai
1062 2465 1157 2529 quam
1181 2454 1217 2514 de
1233 2457 1469 2525 mortua-manu,
1483 2451 1635 2508 decimum
1655 2451 1818 2508 denarium
1831 2467 1894 2508 ma-

182 2549 282 2606 venire
297 2553 326 2606 et
340 2550 480 2616 clamare,
498 2553 526 2608 et
538 2552 706 2610 secundum
720 2551 816 2623 legem
832 2551 932 2626 placiti
944 2568 1013 2608 eau-
1061 2543 1110 2616 lor
1124 2541 1224 2616 plwlii
1242 2541 1374 2600 habebit·

182 2653 217 2694 sa
229 2637 308 2694 illius
326 2639 512 2711 judicabitur
532 2645 626 2711 recte;
647 2641 747 2714 sicque
771 2641 948 2712 egredietur,
964 2656 1010 2696 re·
1100 2636 1169 2690 Vlll.
1190 2637 1253 2689 Non
1266 2631 1334 2689 licet
1348 2631 1463 2688 bomini
1482 2630 1520 2687 de
1538 2630 1650 2705 placito
1674 2630 1813 2702 generali
1827 2646 1895 2687 ren-

181 2731 321 2783 manente
337 2726 448 2801 placito
465 2727 495 2784 in
511 2743 566 2785 sua
579 2728 725 2792 libertate.
860 2713 864 2723 ’
1065 2720 1135 2779 dere
1151 2725 1203 2780 aut
1216 2721 1247 2780 in
1261 2720 1469 2778 vadimonium
1490 2719 1605 2776 mittere
1626 2718 1764 2776 alodium
1788 2719 1894 2794 placiti,

215 2817 260 2872 ill.
277 2819 310 2871 ln
333 2816 391 2872 boc
414 2816 516 2889 itaque
540 2817 671 2887 generali
694 2815 813 2889 placito,
834 2816 1011 2890 praesidente
1065 2815 1117 2868 aut
1134 2811 1216 2869 alteri
1238 2809 1370 2868 eeclesiae
1393 2809 1476 2880 dara,
1490 2809 1548 2866 nisi
1571 2824 1625 2884 par
1637 2808 1794 2866 licentiam
1809 2809 1898 2866 abba·

179 2902 289 2958 abbate
323 2919 375 2959 seu
402 2903 575 2976 praeposito,
605 2903 892 2960 circumsedentibus
922 2906 1011 2962 etiam
1065 2901 1103 2958 tis
1116 2900 1162 2958 vel
1176 2900 1346 2975 praepositi;
1370 2915 1476 2957 verum
1500 2899 1525 2954 si
1547 2914 1610 2973 qua
1624 2901 1805 2956 necessitate
1819 2915 1897 2956 com-

179 2988 382 3058 scabionibns‚
398 2991 423 3046 si
438 2990 506 3063 quis
521 2991 667 3048 adversus
683 2991 809 3048 alterum
833 2992 925 3050 habet
940 3010 1011 3068 qne-
1029 3011 1050 3068 p
1065 2991 1181 3065 pulsus,
1201 2991 1329 3048 vendere
1344 2989 1390 3047 vel
1410 2989 1440 3046 in
1459 2989 1669 3046 vadimonium
1691 2990 1811 3046 mittere
1828 2989 1895 3046 illud

177 3075 281 3145 calam,
299 3077 390 3134 stabit
410 3082 440 3136 et
464 3078 552 3135 faciet
574 3078 738 3138 clamorem
764 3097 853 3138 sunm
876 3082 1006 3153 legitime
1061 3081 1199 3154 voluerit,
1214 3080 1312 3139 veniet
1334 3083 1361 3137 et
1383 3079 1487 3137 offeret
1508 3079 1631 3149 abbati3
1655 3079 1680 3136 si
1694 3079 1846 3154 placuerit
1860 3081 1897 3136 illi

177 3182 267 3240 super
281 3166 376 3239 iilum,
392 3168 590 3242 audieturque
614 3169 728 3227 clamor
747 3171 822 3242 ejus,
838 3176 867 3228 et
884 3172 1008 3244 diligen·
1062 3176 1094 3226 ut
1117 3170 1256 3239 redimat,
1283 3169 1378 3227 levius
1399 3168 1510 3225 habere
1533 3168 1625 3226 debet
1650 3185 1746 3242 quam
1772 3169 1898 3243 quilibet

176 3259 219 3313 ter
229 3257 412 3330 discutiebar,
428 3262 456 3316 et
471 3261 640 3317 seeundum
653 3261 751 3336 legem
770 3261 871 3340 placiti
894 3279 943 3322 res
963 3263 1007 3320 in·
1061 3259 1158 3328 alius;
1176 3260 1202 3316 sl
1212 3257 1341 3326 poluerit
1354 3257 1402 3325 vei
1416 3273 1478 3314 non
1492 3258 1622 3333 potuerit
1634 3257 1794 3326 redimere,
1811 3258 1897 3314 dabit

176 3352 219 3405 ter
234 3353 395 3423 utrumqne
410 3349 634 3422 dijudicabitur.
1061 3347 1088 3405 ei
1109 3347 1259 3406 licentiam
1281 3347 1441 3416 vendendi,
1464 3362 1527 3404 non
1551 3346 1640 3404 alicui
1662 3351 1817 3416 extraneo,
1843 3348 1895 3404 sed

211 3435 255 3491 IV.
276 3438 331 3504 Qui
355 3443 577 3496 sacramentum
597 3441 753 3515 acceperit,
778 3459 818 3498 xx
842 3447 945 3498 noctes
969 3443 1007 3499 de
1061 3437 1199 3511 proximo
1214 3438 1330 3510 generis
1343 3437 1400 3509 sui,
1415 3440 1467 3494 aut
1488 3436 1577 3494 abaci
1592 3437 1724 3510 ejusdem
1747 3436 1835 3508 legn's,
1851 3453 1892 3494 ne

175 3521 330 3582 interstitio
345 3525 477 3584 babebit.
1061 3527 1196 3586 alodium
1226 3527 1327 3602 placiti
1358 3526 1493 3585 videatur
1526 3525 1710 3583 exheredari.
1739 3524 1826 3590 Quod
1860 3527 1887 3581 si

210 3613 242 3668 V.
264 3612 320 3678 Qui
335 3613 445 3670 vadem
466 3615 614 3673 dederltv
634 3617 746 3674 solidos
765 3619 803 3673 de
830 3618 906 3688 lege,
921 3619 1008 3676 dabit
1061 3617 1212 3674 nesciente
1240 3617 1350 3674 abbate
1377 3617 1424 3673 vel
1453 3617 1611 3690 praeposito
1633 3615 1689 3672 boc
1715 3613 1828 3684 lecerit,
1855 3620 1885 3670 et

175 3715 235 3755 xxx
250 3700 319 3758 den.
336 3701 373 3757 de
388 3701 520 3772 fredo,et
529 3705 620 3775 hujus
635 3703 710 3761 fredi
723 3705 792 3762 duee
807 3711 907 3779 partes
921 3711 1009 3765 errent
1059 3706 1159 3764 sabas
1184 3721 1372 3778 cognoscens
1399 3708 1457 3763 hoc
1479 3707 1597 3780 insequi
1618 3705 1752 3774 voluerit,
1765 3721 1824 3762 nec
1848 3704 1892 3761 illi

175 3790 340 3864 praepositi,
351 3791 468 3848 tertiam
482 3807 552 3849 vero
567 3797 684 3866 partem
699 3793 822 3851 babebit
835 3796 934 3867 maj0r
945 3796 1008 3869 pla·
1062 3796 1230 3853 remanebit
1247 3797 1300 3870 qui
1324 3797 1405 3866 emit,
1421 3813 1476 3853 nec
1501 3796 1542 3852 ad
1563 3796 1649 3853 illum
1665 3799 1829 3852 revertetur
1843 3797 1894 3870 qui

175 3879 234 3938 citi.
252 3880 281 3938 Si
299 3885 401 3939 autem
425 3882 474 3939 lex
488 3882 607 3940 abbatis
622 3883 668 3940 vel
684 3885 835 3957 praepositi
849 3886 946 3959 luerit,
964 3892 1008 3944 to·
1062 3884 1204 3954 vendidit,
1231 3885 1283 3940 sad
1307 3884 1433 3942 eeclesia
1459 3882 1594 3942 alodium
1635 3901 1723 3942 suam
1745 3885 1815 3956 jure
1840 3884 1896 3941 sibi

174 3973 239 4026 inm
251 3969 371 4028 iredum
385 3971 484 4044 udae
505 3972 605 4045 placiti
620 3973 754 4030 babebit.
770 3977 806 4030 At
820 3990 890 4032 vero
905 3975 1008 4049 siquis
1063 3974 1236 4032 vindicabit.

175 4075 300 4118 cauam
315 4061 455 4119 clamoris
467 4061 596 4132 habens,
611 4063 641 4120 in
662 4064 802 4138 presenti
818 4065 948 4122 clamare
963 4066 1008 4122 di·
1098 4068 1141 4120 ut.
1162 4066 1243 4120 Hanc
1256 4077 1313 4134 ago
1326 4064 1364 4136 (t)
1377 4063 1540 4135 indolem,
1555 4063 1654 4122 abbas
1668 4063 1805 4122 ecchsiae
1819 4063 1896 4120 Beati

176 4148 298 4216 etulerit,
314 4167 409 4226 nsque
423 4151 463 4210 ad
474 4151 554 4210 diem
568 4151 689 4210 alterius
700 4151 801 4228 placiti
815 4154 939 4211 omnino
953 4155 1012 4214 cla.
1063 4153 1192 4224 vedasti,
1216 4152 1363 4209 rationem
1380 4151 1443 4208 sive
1467 4151 1710 4208 constitaitianem
1727 4149 1834 4225 placiti
1853 4165 1896 4222 ge·

176 4247 260 4292 mare
274 4251 336 4292 non
351 4239 468 4310 poterit.
486 4241 589 4298 Abbas
601 4246 702 4300 autem
717 4241 764 4300 val
779 4243 969 4316 praepositus,
985 4243 1009 4302 si
1063 4241 1182 4312 aeratis,
1199 4245 1230 4298 ut
1245 4239 1275 4300 in
1290 4239 1424 4300 libertate
1440 4255 1497 4302 sue
1517 4246 1616 4298 ratu·
1632 4243 1661 4298 et
1682 4239 1893 4298 inconvulsum

176 4328 221 4381 est
240 4325 323 4382 ande
337 4325 408 4382 velit
431 4327 573 4400 clamare,
589 4335 687 4404 potest
699 4332 784 4389 omni
802 4337 937 4406 tempore
956 4335 1008 4392 bo-
1026 4372 1045 4428 α
1064 4331 1148 4391 omni
1161 4335 1571 4406 temporeparmaneret,tam
1582 4331 1819 4410 posterisqaam
1826 4347 1895 4408 prce

176 4415 290 4472 minem
306 4415 343 4474 de
356 4414 469 4492 placito
489 4417 519 4473 ln
542 4435 663 4478 camera
683 4424 909 4492 adamandam,
925 4429 954 4481 et
968 4425 1005 4482 de
1060 4421 1194 4477 sentibus
1202 4419 1415 4480 boelesiaetiliis
1426 4421 1612 4492 etfidalibne,
1620 4421 1733 4494 scripto
1741 4435 1895 4482 eomm-

177 4506 273 4566 enlcln'
296 4524 352 4568 suo
372 4524 463 4584 super
487 4525 557 4568 eum
585 4509 715 4568 clamare
742 4517 770 4570 at
787 4513 885 4586 legem
900 4513 1008 4588 lacere,
1064 4509 1140 4567 dans
1152 4507 1305 4567 notificare
1316 4509 1895 4585 volari,consensuetdisposltlonetrnr

177 4597 305 4672 ipseque
314 4598 1010 4673 leanoeincameraabbetisfietconsaetudi-
1062 4597 1206 4679 temporis
1230 4599 1448 4659 advocatorum
1473 4603 1502 4658 et
1523 4597 1651 4664 atrorum
1667 4599 1812 4656 Ecclesiae
1828 4597 1896 4656 tide

178 4687 592 4762 nemplaoltidebettenara.
608 4689 831 4747 adclamarent
853 4707 924 4748 vero
937 4693 1009 4750 site-
1061 4689 1289 4763 linm,qucrum
1304 4691 1367 4748 baec
1382 4695 1452 4750 aunt
1465 4691 1591 4750 nomina
1605 4709 1611 4746 ι
1627 4687 1787 4762 liebertus,
1804 4689 1898 4748 Pasci-

177 4775 252 4844 rlus‚
269 4779 303 4833 nt
316 4775 430 4834 dictum
457 4781 511 4848 est,
525 4779 585 4836 nisi
608 4775 639 4836 in
657 4777 767 4854 placito
789 4779 906 4838 nullum
920 4781 1010 4839 debet
1062 4779 1157 4847 culus,
1173 4783 1202 4834 et
1230 4779 1372 4850 Helgoeas
1393 4779 1531 4837 advocati
1545 4785 1753 4836 assenserunt.
1769 4781 1896 4854 Stepbe

175 4863 322 4938 judicare.
1061 4885 1119 4926 nus
1134 4867 1255 4940 Becbcz,
1264 4867 1316 4942 qui
1331 4869 1430 4942 major
1442 4871 1504 4926 erat
1513 4869 1605 4941 hujus
1617 4868 1728 4943 placiti,
1745 4873 1776 4925 et
1790 4869 1896 4926 iram

215 4958 259 5013 vl.
279 4955 378 5014 Homo
392 4957 430 5014 de
444 4958 576 5028 generali
596 4959 707 5033 placito
727 4975 791 5020 non
812 4960 865 5020 dat
879 4975 1007 5018 censum
1061 4960 1126 5032 ejus
1141 4957 1337 5026 ilainboldus,
1351 4963 1379 5016 et
1394 4961 1596 5034 Gontraanus,
1611 4959 1761 5018 varnerus
1776 4957 1893 5016 malnis.

178 5045 326 5120 decapite
342 5061 408 5118 eno,
424 5047 540 5104 nubam
554 5049 607 5106 dat
628 5063 727 5124 neque
740 5050 831 5107 debet
845 5050 1009 5109 advocatu·
1065 5047 1166 5119 Wlego
1180 5048 1217 5105 de
1230 5048 1429 5118 walenscurt,
1444 5053 1474 5106 at
1486 5049 1637 5110 lebannes
1651 5045 1742 5106 irater
1756 5045 1837 5122 ejus,
1850 5047 1896 5106 al-

178 5144 256 5206 sam,
270 5135 343 5210 quia
356 5131 488 5195 liberast
507 5137 546 5195 ab
567 5137 626 5196 hac
649 5139 803 5196 exactione
816 5140 880 5198 sine
894 5141 1009 5214 inquie-
1062 5137 1164 5192 briena
1179 5136 1368 5206 castellanus,
1383 5137 1503 5196 tianeus
1517 5137 1556 5194 dc
1570 5137 1814 5208 Barchingdsen.

180 5225 293 5288 tudine.
313 5223 344 5282 Si
358 5241 484 5286 uxorem
498 5243 535 5288 ax
549 5227 615 5302 lega
632 5245 688 5288 sua
702 5230 858 5306 acceperit,
874 5229 1009 5304 quinque
1100 5227 1206 5282 Actum
1219 5229 1263 5282 est
1278 5231 1379 5284 autem
1393 5231 1528 5302 tempore
1547 5227 1665 5286 comitis
1679 5226 1821 5284 balduini
1835 5227 1895 5284 nrt

179 5315 293 5374 saddoc
316 5315 355 5373 de
373 5316 510 5387 comedo,
526 5317 557 5375 id
578 5323 622 5375 est
643 5318 763 5378 licentia
781 5318 826 5376 vir
848 5323 877 5376 et
896 5319 1010 5398 ¹tenurae
1063 5314 1259 5377 ebrae-barbe
1274 5317 1321 5390 (2).

218 5477 256 5548 (t)
276 5477 494 5562 lste‘Leduinns
509 5479 599 5536 etiam
611 5479 707 5564 abbas
721 5480 929 5538 iterolanensis
941 5485 1010 5554 post
1062 5483 1111 5562 tus
1127 5477 1201 5535 obiit
1216 5495 1296 5561 anno
1313 5484 1391 5553 toea,
1408 5483 1570 5564 postquam
1592 5483 1750 5550 regnasset
1763 5479 1795 5540 in
1811 5477 1890 5538 flan-

181 5551 431 5606 resteuratronem
445 5551 617 5609 monasterii
631 5551 751 5610 exstitit.
1061 5551 1140 5618 dria,
1156 5565 1243 5608 annis
1257 5555 1325 5609 ceto
1339 5556 1369 5610 et
1381 5552 1603 5628 quadringenta.

217 5619 257 5690 (t)
275 5619 439 5680 Balduinua
448 5621 701 5682 Parcae-enarra
715 5637 769 5682 aaa
779 5623 933 5683 eccam
946 5621 1009 5680 dic·
