<?xml version="1.0" encoding="UTF-8"?>
<!DOCTYPE html PUBLIC "-//W3C//DTD XHTML 1.0 Transitional//EN"
    "http://www.w3.org/TR/xhtml1/DTD/xhtml1-transitional.dtd">
<html xmlns="http://www.w3.org/1999/xhtml" xml:lang="en" lang="en">
 <head>
  <title>
</title>
<meta http-equiv="Content-Type" content="text/html;charset=utf-8" />
  <meta name='ocr-system' content='tesseract 3.04.00' />
  <meta name='ocr-capabilities' content='ocr_page ocr_carea ocr_par ocr_line ocrx_word'/>
</head>
<body>
  <div class='ocr_page' id='page_1' title='image "./patrologiaecurs127unkngoog_0643.png"; bbox 0 0 3996 6178; ppageno 0'>
   <div class='ocr_carea' id='block_1_1' title="bbox 98 111 1815 320">
    <p class='ocr_par' dir='ltr' id='par_1_1' title="bbox 98 111 1815 320">
     <span class='ocr_line' id='line_1_1' title="bbox 105 111 1813 206; baseline -0.004 -32"><span class='ocrx_word' id='word_1_1' title='bbox 105 122 175 176; x_wconf 71' lang='lat'><strong>{225</strong></span> <span class='ocrx_word' id='word_1_2' title='bbox 528 143 530 147; x_wconf 51' lang='lat'><strong><em>⁴</em></strong></span> <span class='ocrx_word' id='word_1_3' title='bbox 913 111 1003 169; x_wconf 72' lang='lat' dir='ltr'><strong>vlit.</strong></span> <span class='ocrx_word' id='word_1_4' title='bbox 1516 199 1521 206; x_wconf 88' lang='lat'><em>.</em></span> <span class='ocrx_word' id='word_1_5' title='bbox 1744 130 1813 188; x_wconf 67' lang='lat'><strong>{220</strong></span> 
     </span>
     <span class='ocr_line' id='line_1_2' title="bbox 98 234 1815 320; baseline 0.003 -21"><span class='ocrx_word' id='word_1_6' title='bbox 98 243 145 299; x_wconf 93' lang='lat' dir='ltr'><strong>dis</strong></span> <span class='ocrx_word' id='word_1_7' title='bbox 164 241 353 308; x_wconf 87' lang='lat' dir='ltr'><strong>subducitur,</strong></span> <span class='ocrx_word' id='word_1_8' title='bbox 368 243 397 297; x_wconf 92' lang='lat' dir='ltr'><strong>et</strong></span> <span class='ocrx_word' id='word_1_9' title='bbox 417 239 470 296; x_wconf 92' lang='lat' dir='ltr'><strong>ubi</strong></span> <span class='ocrx_word' id='word_1_10' title='bbox 489 237 583 312; x_wconf 78' lang='lat' dir='ltr'><strong>queri</strong></span> <span class='ocrx_word' id='word_1_11' title='bbox 606 237 701 310; x_wconf 79' lang='lat' dir='ltr'><strong>possit</strong></span> <span class='ocrx_word' id='word_1_12' title='bbox 720 236 761 294; x_wconf 91' lang='lat' dir='ltr'><strong>ab</strong></span> <span class='ocrx_word' id='word_1_13' title='bbox 788 234 966 294; x_wconf 81' lang='lat' dir='ltr'><strong>omnibusA</strong></span> <span class='ocrx_word' id='word_1_14' title='bbox 985 242 1141 310; x_wconf 74' lang='lat' dir='ltr'><strong>naverunt,</strong></span> <span class='ocrx_word' id='word_1_15' title='bbox 1166 239 1309 314; x_wconf 87' lang='lat' dir='ltr'><strong>bonaque</strong></span> <span class='ocrx_word' id='word_1_16' title='bbox 1344 240 1478 314; x_wconf 89' lang='lat' dir='ltr'><strong>ipsorum</strong></span> <span class='ocrx_word' id='word_1_17' title='bbox 1512 245 1707 320; x_wconf 89' lang='lat' dir='ltr'><strong>diripuerunt.</strong></span> <span class='ocrx_word' id='word_1_18' title='bbox 1737 255 1815 310; x_wconf 77' lang='lat' dir='ltr'><strong>inter</strong></span> 
     </span>
    </p>
   </div>
   <div class='ocr_carea' id='block_1_2' title="bbox 92 325 1899 3531">
    <p class='ocr_par' dir='ltr' id='par_1_2' title="bbox 92 325 1899 3531">
     <span class='ocr_line' id='line_1_3' title="bbox 98 325 1814 414; baseline 0.001 -25"><span class='ocrx_word' id='word_1_19' title='bbox 98 332 264 403; x_wconf 79' lang='lat' dir='ltr'><strong>ignoratur.</strong></span> <span class='ocrx_word' id='word_1_20' title='bbox 280 329 337 387; x_wconf 89' lang='lat' dir='ltr'><strong>Sed</strong></span> <span class='ocrx_word' id='word_1_21' title='bbox 351 328 499 404; x_wconf 81' lang='lat' dir='ltr'><strong>peregrini</strong></span> <span class='ocrx_word' id='word_1_22' title='bbox 511 343 573 385; x_wconf 90' lang='lat' dir='ltr'><strong>non</strong></span> <span class='ocrx_word' id='word_1_23' title='bbox 588 325 722 383; x_wconf 84' lang='lat' dir='ltr'><strong>valentes</strong></span> <span class='ocrx_word' id='word_1_24' title='bbox 746 340 876 399; x_wconf 90' lang='lat' dir='ltr'><strong>puerum</strong></span> <span class='ocrx_word' id='word_1_25' title='bbox 889 339 933 380; x_wconf 88' lang='lat' dir='ltr'><strong>re·</strong></span> <span class='ocrx_word' id='word_1_26' title='bbox 982 340 1060 398; x_wconf 89' lang='lat' dir='ltr'><strong>quos</strong></span> <span class='ocrx_word' id='word_1_27' title='bbox 1073 327 1207 401; x_wconf 79' lang='lat' dir='ltr'><strong>captivos</strong></span> <span class='ocrx_word' id='word_1_28' title='bbox 1222 328 1382 403; x_wconf 77' lang='lat' dir='ltr'><strong>pradictus</strong></span> <span class='ocrx_word' id='word_1_29' title='bbox 1396 329 1442 386; x_wconf 84' lang='lat' dir='ltr'><strong>vir</strong></span> <span class='ocrx_word' id='word_1_30' title='bbox 1466 345 1536 386; x_wconf 90' lang='lat' dir='ltr'><strong>cum</strong></span> <span class='ocrx_word' id='word_1_31' title='bbox 1559 337 1693 404; x_wconf 85' lang='lat' dir='ltr'><strong>quodam</strong></span> <span class='ocrx_word' id='word_1_32' title='bbox 1718 355 1814 414; x_wconf 66' lang='lat' dir='ltr'><strong>puero</strong></span> 
     </span>
     <span class='ocr_line' id='line_1_4' title="bbox 98 411 1814 500; baseline 0.002 -22"><span class='ocrx_word' id='word_1_33' title='bbox 98 422 205 497; x_wconf 89' lang='lat' dir='ltr'><strong>perire,</strong></span> <span class='ocrx_word' id='word_1_34' title='bbox 223 421 318 477; x_wconf 75' lang='lat' dir='ltr'><strong>tristes</strong></span> <span class='ocrx_word' id='word_1_35' title='bbox 330 420 455 476; x_wconf 90' lang='lat' dir='ltr'><strong>domum</strong></span> <span class='ocrx_word' id='word_1_36' title='bbox 469 417 605 486; x_wconf 86' lang='lat' dir='ltr'><strong>redeunt,</strong></span> <span class='ocrx_word' id='word_1_37' title='bbox 621 416 760 492; x_wconf 87' lang='lat' dir='ltr'><strong>patrique</strong></span> <span class='ocrx_word' id='word_1_38' title='bbox 775 432 844 490; x_wconf 79' lang='lat' dir='ltr'><strong>qua</strong></span> <span class='ocrx_word' id='word_1_39' title='bbox 854 413 934 472; x_wconf 86' lang='lat' dir='ltr'><strong>cirea</strong></span> <span class='ocrx_word' id='word_1_40' title='bbox 983 411 1047 469; x_wconf 88' lang='lat' dir='ltr'><strong>filio</strong></span> <span class='ocrx_word' id='word_1_41' title='bbox 1058 413 1155 473; x_wconf 85' lang='lat' dir='ltr'><strong>fratris</strong></span> <span class='ocrx_word' id='word_1_42' title='bbox 1168 417 1213 476; x_wconf 91' lang='lat' dir='ltr'><strong>sui</strong></span> <span class='ocrx_word' id='word_1_43' title='bbox 1228 419 1394 492; x_wconf 76' lang='lat' dir='ltr'><strong>captivatur</strong></span> <span class='ocrx_word' id='word_1_44' title='bbox 1406 421 1435 474; x_wconf 93' lang='lat' dir='ltr'><strong>et</strong></span> <span class='ocrx_word' id='word_1_45' title='bbox 1444 417 1475 474; x_wconf 90' lang='lat' dir='ltr'><strong>in</strong></span> <span class='ocrx_word' id='word_1_46' title='bbox 1483 419 1699 481; x_wconf 89' lang='lat' dir='ltr'><strong>remotissimas</strong></span> <span class='ocrx_word' id='word_1_47' title='bbox 1714 435 1814 500; x_wconf 75' lang='lat' dir='ltr'><strong>partas</strong></span> 
     </span>
     <span class='ocr_line' id='line_1_5' title="bbox 98 504 1816 582; baseline 0 -14"><span class='ocrx_word' id='word_1_48' title='bbox 98 511 194 568; x_wconf 90' lang='lat' dir='ltr'><strong>illium</strong></span> <span class='ocrx_word' id='word_1_49' title='bbox 210 514 372 566; x_wconf 84' lang='lat' dir='ltr'><strong>evenerant</strong></span> <span class='ocrx_word' id='word_1_50' title='bbox 385 506 608 566; x_wconf 84' lang='lat' dir='ltr'><strong>nuntiaverunt.</strong></span> <span class='ocrx_word' id='word_1_51' title='bbox 623 505 738 573; x_wconf 83' lang='lat' dir='ltr'><strong>Quibus</strong></span> <span class='ocrx_word' id='word_1_52' title='bbox 749 504 869 575; x_wconf 88' lang='lat' dir='ltr'><strong>auditis,</strong></span> <span class='ocrx_word' id='word_1_53' title='bbox 882 519 935 578; x_wconf 89' lang='lat' dir='ltr'><strong>pa·</strong></span> <span class='ocrx_word' id='word_1_54' title='bbox 984 517 1175 574; x_wconf 79' lang='lat' dir='ltr'><strong>paganorum</strong></span> <span class='ocrx_word' id='word_1_55' title='bbox 1184 506 1343 565; x_wconf 88' lang='lat' dir='ltr'><strong>deducitur</strong></span> <span class='ocrx_word' id='word_1_56' title='bbox 1356 525 1363 576; x_wconf 91' lang='grc'><strong>;</strong></span> <span class='ocrx_word' id='word_1_57' title='bbox 1379 506 1483 582; x_wconf 81' lang='lat' dir='ltr'><strong>ibique</strong></span> <span class='ocrx_word' id='word_1_58' title='bbox 1503 508 1535 563; x_wconf 94' lang='lat' dir='ltr'><strong>in</strong></span> <span class='ocrx_word' id='word_1_59' title='bbox 1557 509 1692 582; x_wconf 90' lang='lat' dir='ltr'><strong>quadam</strong></span> <span class='ocrx_word' id='word_1_60' title='bbox 1716 516 1816 577; x_wconf 69' lang='lat' dir='ltr'><strong>insuta</strong></span> 
     </span>
     <span class='ocr_line' id='line_1_6' title="bbox 98 591 1816 674; baseline 0.001 -16"><span class='ocrx_word' id='word_1_61' title='bbox 98 599 272 658; x_wconf 87' lang='lat' dir='ltr'><strong>terconcito</strong></span> <span class='ocrx_word' id='word_1_62' title='bbox 287 599 390 668; x_wconf 78' lang='lat' dir='ltr'><strong>surgit,</strong></span> <span class='ocrx_word' id='word_1_63' title='bbox 408 597 496 654; x_wconf 89' lang='lat' dir='ltr'><strong>tristis</strong></span> <span class='ocrx_word' id='word_1_64' title='bbox 511 597 550 655; x_wconf 87' lang='lat' dir='ltr'><strong>ad</strong></span> <span class='ocrx_word' id='word_1_65' title='bbox 565 611 677 670; x_wconf 89' lang='lat' dir='ltr'><strong>aquam</strong></span> <span class='ocrx_word' id='word_1_66' title='bbox 692 595 799 670; x_wconf 78' lang='lat' dir='ltr'><strong>pergit,</strong></span> <span class='ocrx_word' id='word_1_67' title='bbox 815 594 933 652; x_wconf 85' lang='lat' dir='ltr'><strong>navim-</strong></span> <span class='ocrx_word' id='word_1_68' title='bbox 986 591 1094 648; x_wconf 90' lang='lat' dir='ltr'><strong>Oceani</strong></span> <span class='ocrx_word' id='word_1_69' title='bbox 1107 593 1164 664; x_wconf 84' lang='grc'><strong>(96)</strong></span> <span class='ocrx_word' id='word_1_70' title='bbox 1172 595 1335 664; x_wconf 87' lang='lat' dir='ltr'><strong>detinetur,</strong></span> <span class='ocrx_word' id='word_1_71' title='bbox 1360 595 1413 654; x_wconf 92' lang='lat' dir='ltr'><strong>ubi</strong></span> <span class='ocrx_word' id='word_1_72' title='bbox 1437 612 1507 654; x_wconf 91' lang='lat' dir='ltr'><strong>cum</strong></span> <span class='ocrx_word' id='word_1_73' title='bbox 1529 595 1583 654; x_wconf 91' lang='lat' dir='ltr'><strong>diu</strong></span> <span class='ocrx_word' id='word_1_74' title='bbox 1606 599 1703 656; x_wconf 83' lang='lat' dir='ltr'><strong>servili</strong></span> <span class='ocrx_word' id='word_1_75' title='bbox 1726 617 1816 674; x_wconf 87' lang='lat' dir='ltr'><strong>opere</strong></span> 
     </span>
     <span class='ocr_line' id='line_1_7' title="bbox 100 678 1818 766; baseline 0.002 -20"><span class='ocrx_word' id='word_1_76' title='bbox 100 705 158 763; x_wconf 81' lang='lat' dir='ltr'><strong>que</strong></span> <span class='ocrx_word' id='word_1_77' title='bbox 171 689 261 760; x_wconf 72' lang='lat' dir='ltr'><strong>longe</strong></span> <span class='ocrx_word' id='word_1_78' title='bbox 273 687 455 745; x_wconf 85' lang='lat' dir='ltr'><strong>subductam</strong></span> <span class='ocrx_word' id='word_1_79' title='bbox 469 686 611 761; x_wconf 82' lang='lat' dir='ltr'><strong>requirit3</strong></span> <span class='ocrx_word' id='word_1_80' title='bbox 629 690 658 744; x_wconf 92' lang='lat' dir='ltr'><strong>et</strong></span> <span class='ocrx_word' id='word_1_81' title='bbox 670 689 703 743; x_wconf 95' lang='lat' dir='ltr'><strong>ut</strong></span> <span class='ocrx_word' id='word_1_82' title='bbox 714 684 811 743; x_wconf 89' lang='lat' dir='ltr'><strong>tilium</strong></span> <span class='ocrx_word' id='word_1_83' title='bbox 826 683 932 742; x_wconf 90' lang='lat' dir='ltr'><strong>saltem</strong></span> <span class='ocrx_word' id='word_1_84' title='bbox 985 678 1156 755; x_wconf 77' lang='lat' dir='ltr'><strong>desudaret,</strong></span> <span class='ocrx_word' id='word_1_85' title='bbox 1170 688 1200 741; x_wconf 90' lang='lat' dir='ltr'><strong>et</strong></span> <span class='ocrx_word' id='word_1_86' title='bbox 1213 685 1293 743; x_wconf 91' lang='lat' dir='ltr'><strong>unde</strong></span> <span class='ocrx_word' id='word_1_87' title='bbox 1305 685 1469 760; x_wconf 80' lang='lat' dir='ltr'><strong>eriperetur</strong></span> <span class='ocrx_word' id='word_1_88' title='bbox 1482 701 1545 744; x_wconf 88' lang='lat' dir='ltr'><strong>non</strong></span> <span class='ocrx_word' id='word_1_89' title='bbox 1559 686 1693 758; x_wconf 85' lang='lat' dir='ltr'><strong>haberet,</strong></span> <span class='ocrx_word' id='word_1_90' title='bbox 1713 695 1818 766; x_wconf 89' lang='lat' dir='ltr'><strong>utpote</strong></span> 
     </span>
     <span class='ocr_line' id='line_1_8' title="bbox 102 767 1818 850; baseline 0.001 -13"><span class='ocrx_word' id='word_1_91' title='bbox 102 783 252 837; x_wconf 89' lang='lat' dir='ltr'><strong>mortuum</strong></span> <span class='ocrx_word' id='word_1_92' title='bbox 268 793 337 834; x_wconf 90' lang='lat' dir='ltr'><strong>cum</strong></span> <span class='ocrx_word' id='word_1_93' title='bbox 350 791 419 842; x_wconf 73' lang='lat' dir='ltr'><strong>non,</strong></span> <span class='ocrx_word' id='word_1_94' title='bbox 427 781 529 850; x_wconf 88' lang='lat' dir='ltr'><strong>posset</strong></span> <span class='ocrx_word' id='word_1_95' title='bbox 540 775 656 847; x_wconf 79' lang='lat' dir='ltr'><strong>vivum,</strong></span> <span class='ocrx_word' id='word_1_96' title='bbox 681 773 856 834; x_wconf 80' lang='lat' dir='ltr'><strong>adinvenire</strong></span> <span class='ocrx_word' id='word_1_97' title='bbox 871 773 932 830; x_wconf 83' lang='lat' dir='ltr'><strong>ela·</strong></span> <span class='ocrx_word' id='word_1_98' title='bbox 984 767 1038 825; x_wconf 91' lang='lat' dir='ltr'><strong>ubi</strong></span> <span class='ocrx_word' id='word_1_99' title='bbox 1051 785 1134 827; x_wconf 81' lang='lat' dir='ltr'><strong>mare</strong></span> <span class='ocrx_word' id='word_1_100' title='bbox 1147 771 1281 847; x_wconf 90' lang='lat' dir='ltr'><strong>undique</strong></span> <span class='ocrx_word' id='word_1_101' title='bbox 1294 774 1523 844; x_wconf 80' lang='lat' dir='ltr'><strong>circumflueret,</strong></span> <span class='ocrx_word' id='word_1_102' title='bbox 1536 792 1593 834; x_wconf 91' lang='lat' dir='ltr'><strong>nec</strong></span> <span class='ocrx_word' id='word_1_103' title='bbox 1608 776 1705 836; x_wconf 89' lang='lat' dir='ltr'><strong>ullum</strong></span> <span class='ocrx_word' id='word_1_104' title='bbox 1715 777 1818 838; x_wconf 86' lang='lat' dir='ltr'><strong>locum</strong></span> 
     </span>
     <span class='ocr_line' id='line_1_9' title="bbox 100 857 1817 940; baseline 0.001 -15"><span class='ocrx_word' id='word_1_105' title='bbox 100 867 227 925; x_wconf 87' lang='lat' dir='ltr'><strong>beravit.</strong></span> <span class='ocrx_word' id='word_1_106' title='bbox 244 866 309 934; x_wconf 83' lang='lat' dir='ltr'><strong>Qui,</strong></span> <span class='ocrx_word' id='word_1_107' title='bbox 325 865 401 923; x_wconf 92' lang='lat' dir='ltr'><strong>dum</strong></span> <span class='ocrx_word' id='word_1_108' title='bbox 413 865 466 922; x_wconf 89' lang='lat' dir='ltr'><strong>diu</strong></span> <span class='ocrx_word' id='word_1_109' title='bbox 480 879 608 938; x_wconf 89' lang='lat' dir='ltr'><strong>puerum</strong></span> <span class='ocrx_word' id='word_1_110' title='bbox 622 863 653 922; x_wconf 91' lang='lat' dir='ltr'><strong>in</strong></span> <span class='ocrx_word' id='word_1_111' title='bbox 667 863 735 922; x_wconf 88' lang='lat' dir='ltr'><strong>loco</strong></span> <span class='ocrx_word' id='word_1_112' title='bbox 750 863 803 921; x_wconf 92' lang='lat' dir='ltr'><strong>ubi</strong></span> <span class='ocrx_word' id='word_1_113' title='bbox 816 861 933 920; x_wconf 90' lang='lat' dir='ltr'><strong>decide·</strong></span> <span class='ocrx_word' id='word_1_114' title='bbox 985 857 1134 916; x_wconf 83' lang='lat' dir='ltr'><strong>evadendi</strong></span> <span class='ocrx_word' id='word_1_115' title='bbox 1148 859 1301 933; x_wconf 83' lang='lat' dir='ltr'><strong>inveniret,</strong></span> <span class='ocrx_word' id='word_1_116' title='bbox 1317 863 1441 921; x_wconf 89' lang='lat' dir='ltr'><strong>tandem</strong></span> <span class='ocrx_word' id='word_1_117' title='bbox 1458 879 1490 921; x_wconf 88' lang='lat' dir='ltr'><strong>se</strong></span> <span class='ocrx_word' id='word_1_118' title='bbox 1512 867 1714 940; x_wconf 89' lang='lat' dir='ltr'><strong>patrocinium</strong></span> <span class='ocrx_word' id='word_1_119' title='bbox 1737 869 1817 928; x_wconf 88' lang='lat' dir='ltr'><strong>beati</strong></span> 
     </span>
     <span class='ocr_line' id='line_1_10' title="bbox 100 948 1817 1035; baseline 0.004 -23"><span class='ocrx_word' id='word_1_120' title='bbox 100 961 146 1013; x_wconf 89' lang='lat' dir='ltr'><strong>rat</strong></span> <span class='ocrx_word' id='word_1_121' title='bbox 160 963 316 1030; x_wconf 78' lang='lat' dir='ltr'><strong>quaereret,</strong></span> <span class='ocrx_word' id='word_1_122' title='bbox 332 971 386 1012; x_wconf 92' lang='lat' dir='ltr'><strong>nec</strong></span> <span class='ocrx_word' id='word_1_123' title='bbox 399 954 552 1023; x_wconf 87' lang='lat' dir='ltr'><strong>inveniret,</strong></span> <span class='ocrx_word' id='word_1_124' title='bbox 568 954 608 1011; x_wconf 90' lang='lat' dir='ltr'><strong>ad</strong></span> <span class='ocrx_word' id='word_1_125' title='bbox 631 957 741 1010; x_wconf 90' lang='lat' dir='ltr'><strong>terram</strong></span> <span class='ocrx_word' id='word_1_126' title='bbox 755 951 853 1024; x_wconf 90' lang='lat' dir='ltr'><strong>rediit,</strong></span> <span class='ocrx_word' id='word_1_127' title='bbox 875 967 932 1009; x_wconf 92' lang='lat' dir='ltr'><strong>nn·</strong></span> <span class='ocrx_word' id='word_1_128' title='bbox 985 948 1154 1006; x_wconf 89' lang='lat' dir='ltr'><strong>Godehardi</strong></span> <span class='ocrx_word' id='word_1_129' title='bbox 1173 951 1292 1025; x_wconf 89' lang='lat' dir='ltr'><strong>patroni</strong></span> <span class='ocrx_word' id='word_1_130' title='bbox 1314 953 1410 1010; x_wconf 87' lang='lat' dir='ltr'><strong>nostri</strong></span> <span class='ocrx_word' id='word_1_131' title='bbox 1428 953 1539 1013; x_wconf 89' lang='lat' dir='ltr'><strong>iturum</strong></span> <span class='ocrx_word' id='word_1_132' title='bbox 1564 957 1699 1028; x_wconf 82' lang='lat' dir='ltr'><strong>devovet,</strong></span> <span class='ocrx_word' id='word_1_133' title='bbox 1715 959 1740 1017; x_wconf 91' lang='lat' dir='ltr'><strong>si</strong></span> <span class='ocrx_word' id='word_1_134' title='bbox 1762 977 1817 1035; x_wconf 91' lang='lat' dir='ltr'><strong>per</strong></span> 
     </span>
     <span class='ocr_line' id='line_1_11' title="bbox 100 1041 1815 1123; baseline 0.003 -21"><span class='ocrx_word' id='word_1_135' title='bbox 100 1063 170 1104; x_wconf 88' lang='lat' dir='ltr'><strong>cum</strong></span> <span class='ocrx_word' id='word_1_136' title='bbox 184 1046 322 1120; x_wconf 74' lang='lat' dir='ltr'><strong>quesivit</strong></span> <span class='ocrx_word' id='word_1_137' title='bbox 337 1061 344 1100; x_wconf 77' lang='grc' dir='ltr'><strong><em>ε</em></strong></span> <span class='ocrx_word' id='word_1_138' title='bbox 360 1060 423 1118; x_wconf 92' lang='lat' dir='ltr'><strong>quo</strong></span> <span class='ocrx_word' id='word_1_139' title='bbox 435 1049 564 1118; x_wconf 89' lang='lat' dir='ltr'><strong>reperto,</strong></span> <span class='ocrx_word' id='word_1_140' title='bbox 578 1042 785 1118; x_wconf 78' lang='lat' dir='ltr'><strong>postlongum</strong></span> <span class='ocrx_word' id='word_1_141' title='bbox 800 1043 932 1118; x_wconf 90' lang='lat' dir='ltr'><strong>spatium</strong></span> <span class='ocrx_word' id='word_1_142' title='bbox 983 1053 1079 1111; x_wconf 87' lang='lat' dir='ltr'><strong>quam</strong></span> <span class='ocrx_word' id='word_1_143' title='bbox 1094 1043 1210 1112; x_wconf 86' lang='lat' dir='ltr'><strong>partem</strong></span> <span class='ocrx_word' id='word_1_144' title='bbox 1236 1055 1346 1098; x_wconf 89' lang='lat' dir='ltr'><strong>manus</strong></span> <span class='ocrx_word' id='word_1_145' title='bbox 1361 1041 1481 1099; x_wconf 86' lang='lat' dir='ltr'><strong>iliorum</strong></span> <span class='ocrx_word' id='word_1_146' title='bbox 1496 1044 1626 1117; x_wconf 82' lang='lat' dir='ltr'><strong>effugere</strong></span> <span class='ocrx_word' id='word_1_147' title='bbox 1639 1053 1752 1123; x_wconf 87' lang='lat' dir='ltr'><strong>posset,</strong></span> <span class='ocrx_word' id='word_1_148' title='bbox 1773 1050 1815 1108; x_wconf 95' lang='lat' dir='ltr'><strong>illi</strong></span> 
     </span>
     <span class='ocr_line' id='line_1_12' title="bbox 99 1125 1815 1211; baseline 0 -17"><span class='ocrx_word' id='word_1_149' title='bbox 99 1153 227 1211; x_wconf 91' lang='lat' dir='ltr'><strong>puerum</strong></span> <span class='ocrx_word' id='word_1_150' title='bbox 242 1134 366 1192; x_wconf 85' lang='lat' dir='ltr'><strong>invenit.</strong></span> <span class='ocrx_word' id='word_1_151' title='bbox 389 1134 437 1192; x_wconf 86' lang='lat' dir='ltr'><strong>tiis</strong></span> <span class='ocrx_word' id='word_1_152' title='bbox 451 1134 492 1192; x_wconf 89' lang='lat' dir='ltr'><strong>ita</strong></span> <span class='ocrx_word' id='word_1_153' title='bbox 505 1133 605 1205; x_wconf 79' lang='lat' dir='ltr'><strong>gestis,</strong></span> <span class='ocrx_word' id='word_1_154' title='bbox 629 1133 661 1190; x_wconf 96' lang='lat' dir='ltr'><strong>in</strong></span> <span class='ocrx_word' id='word_1_155' title='bbox 685 1133 814 1190; x_wconf 90' lang='lat' dir='ltr'><strong>domum</strong></span> <span class='ocrx_word' id='word_1_156' title='bbox 834 1132 933 1206; x_wconf 81' lang='lat' dir='ltr'><strong>proxi·</strong></span> <span class='ocrx_word' id='word_1_157' title='bbox 984 1125 1213 1186; x_wconf 79' lang='lat' dir='ltr'><strong>demonstraret.</strong></span> <span class='ocrx_word' id='word_1_158' title='bbox 1242 1129 1293 1186; x_wconf 85' lang='lat' dir='ltr'><strong>His</strong></span> <span class='ocrx_word' id='word_1_159' title='bbox 1318 1130 1360 1189; x_wconf 93' lang='lat' dir='ltr'><strong>ita</strong></span> <span class='ocrx_word' id='word_1_160' title='bbox 1385 1133 1486 1206; x_wconf 79' lang='lat' dir='ltr'><strong>gestis,</strong></span> <span class='ocrx_word' id='word_1_161' title='bbox 1510 1135 1644 1208; x_wconf 89' lang='lat' dir='ltr'><strong>quadam</strong></span> <span class='ocrx_word' id='word_1_162' title='bbox 1669 1138 1815 1200; x_wconf 85' lang='lat' dir='ltr'><strong>diadum</strong></span> 
     </span>
     <span class='ocr_line' id='line_1_13' title="bbox 99 1215 1814 1298; baseline 0.001 -14"><span class='ocrx_word' id='word_1_163' title='bbox 99 1243 182 1284; x_wconf 89' lang='lat' dir='ltr'><strong>mam</strong></span> <span class='ocrx_word' id='word_1_164' title='bbox 196 1224 364 1294; x_wconf 79' lang='lat' dir='ltr'><strong>declinarit,</strong></span> <span class='ocrx_word' id='word_1_165' title='bbox 380 1223 483 1298; x_wconf 88' lang='lat' dir='ltr'><strong>ibique</strong></span> <span class='ocrx_word' id='word_1_166' title='bbox 497 1240 627 1298; x_wconf 88' lang='lat' dir='ltr'><strong>puerum</strong></span> <span class='ocrx_word' id='word_1_167' title='bbox 645 1227 811 1294; x_wconf 86' lang='lat' dir='ltr'><strong>mortuum,</strong></span> <span class='ocrx_word' id='word_1_168' title='bbox 823 1227 852 1280; x_wconf 89' lang='lat' dir='ltr'><strong>et</strong></span> <span class='ocrx_word' id='word_1_169' title='bbox 866 1221 932 1280; x_wconf 89' lang='lat' dir='ltr'><strong>nul-</strong></span> <span class='ocrx_word' id='word_1_170' title='bbox 984 1215 1064 1274; x_wconf 87' lang='lat' dir='ltr'><strong>eirea</strong></span> <span class='ocrx_word' id='word_1_171' title='bbox 1075 1217 1157 1275; x_wconf 89' lang='lat' dir='ltr'><strong>littus</strong></span> <span class='ocrx_word' id='word_1_172' title='bbox 1171 1219 1263 1276; x_wconf 90' lang='lat' dir='ltr'><strong>maris</strong></span> <span class='ocrx_word' id='word_1_173' title='bbox 1277 1222 1491 1293; x_wconf 75' lang='lat' dir='ltr'><strong>angustiante,</strong></span> <span class='ocrx_word' id='word_1_174' title='bbox 1505 1227 1533 1282; x_wconf 89' lang='lat' dir='ltr'><strong>et</strong></span> <span class='ocrx_word' id='word_1_175' title='bbox 1547 1225 1732 1284; x_wconf 90' lang='lat' dir='ltr'><strong>orationihus</strong></span> <span class='ocrx_word' id='word_1_176' title='bbox 1743 1229 1814 1286; x_wconf 91' lang='lat' dir='ltr'><strong>insi-</strong></span> 
     </span>
     <span class='ocr_line' id='line_1_14' title="bbox 99 1306 1815 1388; baseline 0.001 -15"><span class='ocrx_word' id='word_1_177' title='bbox 99 1317 163 1374; x_wconf 90' lang='lat' dir='ltr'><strong>tum</strong></span> <span class='ocrx_word' id='word_1_178' title='bbox 173 1316 242 1374; x_wconf 77' lang='lat' dir='ltr'><strong>rite</strong></span> <span class='ocrx_word' id='word_1_179' title='bbox 257 1314 379 1388; x_wconf 77' lang='lat' dir='ltr'><strong>signum</strong></span> <span class='ocrx_word' id='word_1_180' title='bbox 393 1313 555 1371; x_wconf 78' lang='lat' dir='ltr'><strong>habentem</strong></span> <span class='ocrx_word' id='word_1_181' title='bbox 580 1313 730 1388; x_wconf 85' lang='lat' dir='ltr'><strong>deposuit,</strong></span> <span class='ocrx_word' id='word_1_182' title='bbox 753 1316 931 1386; x_wconf 87' lang='lat' dir='ltr'><strong>tantumque</strong></span> <span class='ocrx_word' id='word_1_183' title='bbox 985 1307 1091 1364; x_wconf 79' lang='lat' dir='ltr'><strong>stando</strong></span> <span class='ocrx_word' id='word_1_184' title='bbox 1102 1306 1321 1378; x_wconf 89' lang='lat' dir='ltr'><strong>deambularet,</strong></span> <span class='ocrx_word' id='word_1_185' title='bbox 1338 1310 1482 1383; x_wconf 82' lang='lat' dir='ltr'><strong>cymbam</strong></span> <span class='ocrx_word' id='word_1_186' title='bbox 1496 1328 1624 1386; x_wconf 80' lang='lat' dir='ltr'><strong>parvam</strong></span> <span class='ocrx_word' id='word_1_187' title='bbox 1641 1315 1672 1371; x_wconf 90' lang='lat' dir='ltr'><strong>in</strong></span> <span class='ocrx_word' id='word_1_188' title='bbox 1686 1316 1815 1376; x_wconf 90' lang='lat' dir='ltr'><strong>obscuro</strong></span> 
     </span>
     <span class='ocr_line' id='line_1_15' title="bbox 100 1393 1817 1480; baseline 0.003 -18"><span class='ocrx_word' id='word_1_189' title='bbox 100 1422 164 1480; x_wconf 80' lang='lat' dir='ltr'><strong>quse</strong></span> <span class='ocrx_word' id='word_1_190' title='bbox 180 1405 329 1480; x_wconf 83' lang='lat' dir='ltr'><strong>exsequiis</strong></span> <span class='ocrx_word' id='word_1_191' title='bbox 346 1404 517 1462; x_wconf 86' lang='lat' dir='ltr'><strong>necessaria</strong></span> <span class='ocrx_word' id='word_1_192' title='bbox 531 1409 616 1462; x_wconf 88' lang='lat' dir='ltr'><strong>erant</strong></span> <span class='ocrx_word' id='word_1_193' title='bbox 637 1402 760 1460; x_wconf 81' lang='lat' dir='ltr'><strong>sollicite</strong></span> <span class='ocrx_word' id='word_1_194' title='bbox 780 1401 929 1476; x_wconf 76' lang='lat' dir='ltr'><strong>qnaesivit.</strong></span> <span class='ocrx_word' id='word_1_195' title='bbox 983 1393 1051 1453; x_wconf 79' lang='lat'><strong>10⁰0</strong></span> <span class='ocrx_word' id='word_1_196' title='bbox 1064 1396 1169 1455; x_wconf 71' lang='lat' dir='ltr'><strong>littoris</strong></span> <span class='ocrx_word' id='word_1_197' title='bbox 1183 1399 1306 1468; x_wconf 61' lang='lat' dir='ltr'><strong>invenlt,</strong></span> <span class='ocrx_word' id='word_1_198' title='bbox 1322 1399 1354 1456; x_wconf 93' lang='lat' dir='ltr'><strong>in</strong></span> <span class='ocrx_word' id='word_1_199' title='bbox 1380 1416 1442 1474; x_wconf 65' lang='lat'><strong>&lt;1¹1⁸</strong></span> <span class='ocrx_word' id='word_1_200' title='bbox 1461 1417 1492 1458; x_wconf 76' lang='lat'><strong>⁵0</strong></span> <span class='ocrx_word' id='word_1_201' title='bbox 1505 1418 1590 1460; x_wconf 67' lang='lat' dir='ltr'><strong>mare</strong></span> <span class='ocrx_word' id='word_1_202' title='bbox 1604 1406 1741 1475; x_wconf 71' lang='lat' dir='ltr'><strong>transite,</strong></span> <span class='ocrx_word' id='word_1_203' title='bbox 1766 1407 1817 1464; x_wconf 85' lang='lat' dir='ltr'><strong>Dei</strong></span> 
     </span>
     <span class='ocr_line' id='line_1_16' title="bbox 100 1485 1817 1567; baseline -0.001 -15"><span class='ocrx_word' id='word_1_204' title='bbox 100 1498 175 1552; x_wconf 88' lang='lat' dir='ltr'><strong>lium</strong></span> <span class='ocrx_word' id='word_1_205' title='bbox 189 1495 254 1552; x_wconf 80' lang='lat' dir='ltr'><strong>baso</strong></span> <span class='ocrx_word' id='word_1_206' title='bbox 269 1495 310 1552; x_wconf 89' lang='lat' dir='ltr'><strong>sic</strong></span> <span class='ocrx_word' id='word_1_207' title='bbox 325 1499 478 1566; x_wconf 83' lang='lat' dir='ltr'><strong>geruntur,</strong></span> <span class='ocrx_word' id='word_1_208' title='bbox 504 1498 600 1552; x_wconf 90' lang='lat' dir='ltr'><strong>mater</strong></span> <span class='ocrx_word' id='word_1_209' title='bbox 622 1493 709 1567; x_wconf 91' lang='lat' dir='ltr'><strong>pueri</strong></span> <span class='ocrx_word' id='word_1_210' title='bbox 734 1508 804 1549; x_wconf 91' lang='lat' dir='ltr'><strong>cnm</strong></span> <span class='ocrx_word' id='word_1_211' title='bbox 818 1491 931 1550; x_wconf 76' lang='lat' dir='ltr'><strong>ceteris</strong></span> <span class='ocrx_word' id='word_1_212' title='bbox 983 1485 1143 1558; x_wconf 79' lang='lat' dir='ltr'><strong>adjutorio,</strong></span> <span class='ocrx_word' id='word_1_213' title='bbox 1161 1489 1312 1562; x_wconf 84' lang='lat' dir='ltr'><strong>speravit3</strong></span> <span class='ocrx_word' id='word_1_214' title='bbox 1337 1489 1391 1546; x_wconf 91' lang='lat' dir='ltr'><strong>sed</strong></span> <span class='ocrx_word' id='word_1_215' title='bbox 1413 1490 1486 1564; x_wconf 90' lang='lat' dir='ltr'><strong>quia</strong></span> <span class='ocrx_word' id='word_1_216' title='bbox 1509 1507 1592 1549; x_wconf 89' lang='lat' dir='ltr'><strong>mare</strong></span> <span class='ocrx_word' id='word_1_217' title='bbox 1616 1509 1764 1565; x_wconf 79' lang='lat' dir='ltr'><strong>magnum</strong></span> <span class='ocrx_word' id='word_1_218' title='bbox 1788 1499 1817 1552; x_wconf 90' lang='lat' dir='ltr'><strong>et</strong></span> 
     </span>
     <span class='ocr_line' id='line_1_17' title="bbox 98 1575 1817 1660; baseline 0 -18"><span class='ocrx_word' id='word_1_219' title='bbox 98 1584 274 1642; x_wconf 91' lang='lat' dir='ltr'><strong>mulieribus</strong></span> <span class='ocrx_word' id='word_1_220' title='bbox 288 1599 419 1658; x_wconf 88' lang='lat' dir='ltr'><strong>quarum</strong></span> <span class='ocrx_word' id='word_1_221' title='bbox 432 1599 546 1656; x_wconf 78' lang='lat' dir='ltr'><strong>magna</strong></span> <span class='ocrx_word' id='word_1_222' title='bbox 559 1583 719 1642; x_wconf 91' lang='lat' dir='ltr'><strong>multitudo</strong></span> <span class='ocrx_word' id='word_1_223' title='bbox 741 1582 868 1640; x_wconf 90' lang='lat' dir='ltr'><strong>domum</strong></span> <span class='ocrx_word' id='word_1_224' title='bbox 887 1582 931 1639; x_wconf 91' lang='lat' dir='ltr'><strong>in·</strong></span> <span class='ocrx_word' id='word_1_225' title='bbox 944 1605 966 1660; x_wconf 71' lang='grc' dir='ltr'><strong>Β</strong></span> <span class='ocrx_word' id='word_1_226' title='bbox 984 1575 1151 1650; x_wconf 85' lang='lat' dir='ltr'><strong>spetiosum</strong></span> <span class='ocrx_word' id='word_1_227' title='bbox 1165 1576 1271 1648; x_wconf 86' lang='lat' dir='ltr'><strong>fuerat,</strong></span> <span class='ocrx_word' id='word_1_228' title='bbox 1284 1582 1401 1637; x_wconf 89' lang='lat' dir='ltr'><strong>tantum</strong></span> <span class='ocrx_word' id='word_1_229' title='bbox 1415 1580 1583 1654; x_wconf 89' lang='lat' dir='ltr'><strong>periculum</strong></span> <span class='ocrx_word' id='word_1_230' title='bbox 1596 1587 1740 1645; x_wconf 88' lang='lat' dir='ltr'><strong>attentare</strong></span> <span class='ocrx_word' id='word_1_231' title='bbox 1762 1589 1817 1642; x_wconf 91' lang='lat' dir='ltr'><strong>tre·</strong></span> 
     </span>
     <span class='ocr_line' id='line_1_18' title="bbox 99 1664 1816 1742; baseline -0.006 -10"><span class='ocrx_word' id='word_1_232' title='bbox 99 1674 229 1742; x_wconf 78' lang='lat' dir='ltr'><strong>inoleret,</strong></span> <span class='ocrx_word' id='word_1_233' title='bbox 244 1673 483 1732; x_wconf 87' lang='lat' dir='ltr'><strong>misericordiam</strong></span> <span class='ocrx_word' id='word_1_234' title='bbox 495 1673 613 1732; x_wconf 83' lang='lat' dir='ltr'><strong>Domini</strong></span> <span class='ocrx_word' id='word_1_235' title='bbox 626 1678 655 1730; x_wconf 91' lang='lat' dir='ltr'><strong>et</strong></span> <span class='ocrx_word' id='word_1_236' title='bbox 668 1671 747 1731; x_wconf 86' lang='lat' dir='ltr'><strong>beati</strong></span> <span class='ocrx_word' id='word_1_237' title='bbox 761 1671 930 1730; x_wconf 87' lang='lat' dir='ltr'><strong>Godchardi</strong></span> <span class='ocrx_word' id='word_1_238' title='bbox 984 1664 1121 1739; x_wconf 84' lang='lat' dir='ltr'><strong>pidabat,</strong></span> <span class='ocrx_word' id='word_1_239' title='bbox 1154 1682 1281 1740; x_wconf 86' lang='lat' dir='ltr'><strong>seseque</strong></span> <span class='ocrx_word' id='word_1_240' title='bbox 1314 1667 1501 1726; x_wconf 84' lang='lat' dir='ltr'><strong>orationibus</strong></span> <span class='ocrx_word' id='word_1_241' title='bbox 1537 1668 1617 1728; x_wconf 81' lang='lat' dir='ltr'><strong>beati</strong></span> <span class='ocrx_word' id='word_1_242' title='bbox 1645 1672 1816 1731; x_wconf 76' lang='lat' dir='ltr'><strong>Godehardj</strong></span> 
     </span>
     <span class='ocr_line' id='line_1_19' title="bbox 98 1754 1817 1837; baseline -0.001 -17"><span class='ocrx_word' id='word_1_243' title='bbox 98 1763 242 1837; x_wconf 90' lang='lat' dir='ltr'><strong>implorat</strong></span> <span class='ocrx_word' id='word_1_244' title='bbox 253 1781 261 1832; x_wconf 79' lang='lat'><em>3</em></span> <span class='ocrx_word' id='word_1_245' title='bbox 272 1767 312 1835; x_wconf 92' lang='lat' dir='ltr'><strong>et,</strong></span> <span class='ocrx_word' id='word_1_246' title='bbox 325 1768 357 1822; x_wconf 96' lang='lat' dir='ltr'><strong>ut</strong></span> <span class='ocrx_word' id='word_1_247' title='bbox 369 1763 489 1822; x_wconf 88' lang='lat' dir='ltr'><strong>solitam</strong></span> <span class='ocrx_word' id='word_1_248' title='bbox 502 1763 728 1836; x_wconf 75' lang='lat' dir='ltr'><strong>benignitatem,</strong></span> <span class='ocrx_word' id='word_1_249' title='bbox 750 1779 844 1837; x_wconf 87' lang='lat' dir='ltr'><strong>quam</strong></span> <span class='ocrx_word' id='word_1_250' title='bbox 869 1775 932 1819; x_wconf 89' lang='lat' dir='ltr'><strong>om·</strong></span> <span class='ocrx_word' id='word_1_251' title='bbox 985 1754 1230 1828; x_wconf 77' lang='lat' dir='ltr'><strong>commendabat,</strong></span> <span class='ocrx_word' id='word_1_252' title='bbox 1245 1761 1351 1829; x_wconf 78' lang='lat' dir='ltr'><strong>petens</strong></span> <span class='ocrx_word' id='word_1_253' title='bbox 1361 1761 1394 1814; x_wconf 89' lang='lat' dir='ltr'><strong>ut</strong></span> <span class='ocrx_word' id='word_1_254' title='bbox 1405 1757 1508 1816; x_wconf 89' lang='lat' dir='ltr'><strong>animo</strong></span> <span class='ocrx_word' id='word_1_255' title='bbox 1522 1757 1599 1816; x_wconf 89' lang='lat' dir='ltr'><strong>illius</strong></span> <span class='ocrx_word' id='word_1_256' title='bbox 1611 1760 1779 1836; x_wconf 88' lang='lat' dir='ltr'><strong>inspiraret,</strong></span> <span class='ocrx_word' id='word_1_257' title='bbox 1787 1766 1817 1821; x_wconf 88' lang='lat' dir='ltr'><strong>et</strong></span> 
     </span>
     <span class='ocr_line' id='line_1_20' title="bbox 99 1844 1815 1926; baseline 0.006 -17"><span class='ocrx_word' id='word_1_258' title='bbox 99 1853 191 1909; x_wconf 88' lang='lat' dir='ltr'><strong>nibus</strong></span> <span class='ocrx_word' id='word_1_259' title='bbox 204 1852 403 1926; x_wconf 85' lang='lat' dir='ltr'><strong>impenderat,</strong></span> <span class='ocrx_word' id='word_1_260' title='bbox 419 1851 547 1910; x_wconf 90' lang='lat' dir='ltr'><strong>nonsibi</strong></span> <span class='ocrx_word' id='word_1_261' title='bbox 559 1852 726 1921; x_wconf 87' lang='lat' dir='ltr'><strong>subtrahat,</strong></span> <span class='ocrx_word' id='word_1_262' title='bbox 739 1849 931 1909; x_wconf 83' lang='lat' dir='ltr'><strong>devotissima</strong></span> <span class='ocrx_word' id='word_1_263' title='bbox 985 1846 1184 1918; x_wconf 67' lang='lat' dir='ltr'><strong>competentia</strong></span> <span class='ocrx_word' id='word_1_264' title='bbox 1209 1844 1394 1904; x_wconf 67' lang='lat' dir='ltr'><strong>adminicula</strong></span> <span class='ocrx_word' id='word_1_265' title='bbox 1426 1848 1452 1904; x_wconf 71' lang='lat' dir='ltr'><strong>ei</strong></span> <span class='ocrx_word' id='word_1_266' title='bbox 1481 1855 1675 1924; x_wconf 66' lang='lat' dir='ltr'><strong>pfaepssfflreb</strong></span> <span class='ocrx_word' id='word_1_267' title='bbox 1704 1852 1815 1925; x_wconf 71' lang='lat' dir='ltr'><strong>quibus</strong></span> 
     </span>
     <span class='ocr_line' id='line_1_21' title="bbox 99 1933 1813 2016; baseline -0.002 -18"><span class='ocrx_word' id='word_1_268' title='bbox 99 1947 212 1998; x_wconf 85' lang='lat' dir='ltr'><strong>exorat.</strong></span> <span class='ocrx_word' id='word_1_269' title='bbox 230 1941 308 2010; x_wconf 76' lang='lat' dir='ltr'><strong>Otiid</strong></span> <span class='ocrx_word' id='word_1_270' title='bbox 327 1941 437 2015; x_wconf 82' lang='lat' dir='ltr'><strong>plural</strong></span> <span class='ocrx_word' id='word_1_271' title='bbox 459 1945 527 2014; x_wconf 89' lang='lat' dir='ltr'><strong>post</strong></span> <span class='ocrx_word' id='word_1_272' title='bbox 549 1957 678 2016; x_wconf 82' lang='lat' dir='ltr'><strong>parvum</strong></span> <span class='ocrx_word' id='word_1_273' title='bbox 700 1945 829 2014; x_wconf 89' lang='lat' dir='ltr'><strong>tempus,</strong></span> <span class='ocrx_word' id='word_1_274' title='bbox 855 1955 932 2013; x_wconf 86' lang='lat' dir='ltr'><strong>puer</strong></span> <span class='ocrx_word' id='word_1_275' title='bbox 984 1937 1098 1991; x_wconf 76' lang='lat' dir='ltr'><strong>anem</strong></span> <span class='ocrx_word' id='word_1_276' title='bbox 1113 1933 1469 1995; x_wconf 84' lang='lat' dir='ltr'><strong>tribulationemevadere</strong></span> <span class='ocrx_word' id='word_1_277' title='bbox 1483 1939 1637 2010; x_wconf 88' lang='lat' dir='ltr'><strong>potuisset.</strong></span> <span class='ocrx_word' id='word_1_278' title='bbox 1650 1937 1813 2008; x_wconf 86' lang='lat' dir='ltr'><strong>Histinitis,</strong></span> 
     </span>
     <span class='ocr_line' id='line_1_22' title="bbox 100 2022 1814 2104; baseline -0.002 -17"><span class='ocrx_word' id='word_1_279' title='bbox 100 2031 247 2101; x_wconf 74' lang='lat' dir='ltr'><strong>aingrdtns</strong></span> <span class='ocrx_word' id='word_1_280' title='bbox 262 2030 384 2098; x_wconf 82' lang='lat' dir='ltr'><strong>emittit3</strong></span> <span class='ocrx_word' id='word_1_281' title='bbox 398 2045 488 2104; x_wconf 87' lang='lat' dir='ltr'><strong>equa,</strong></span> <span class='ocrx_word' id='word_1_282' title='bbox 504 2045 597 2102; x_wconf 88' lang='lat' dir='ltr'><strong>quam</strong></span> <span class='ocrx_word' id='word_1_283' title='bbox 611 2031 762 2098; x_wconf 79' lang='lat' dir='ltr'><strong>hauserat,</strong></span> <span class='ocrx_word' id='word_1_284' title='bbox 779 2044 850 2086; x_wconf 89' lang='lat' dir='ltr'><strong>cum</strong></span> <span class='ocrx_word' id='word_1_285' title='bbox 864 2044 929 2086; x_wconf 89' lang='lat' dir='ltr'><strong>ma·</strong></span> <span class='ocrx_word' id='word_1_286' title='bbox 979 2022 1045 2093; x_wconf 86' lang='lat' dir='ltr'><strong>jam</strong></span> <span class='ocrx_word' id='word_1_287' title='bbox 1059 2039 1121 2082; x_wconf 85' lang='lat' dir='ltr'><strong>nox</strong></span> <span class='ocrx_word' id='word_1_288' title='bbox 1134 2023 1298 2083; x_wconf 82' lang='lat' dir='ltr'><strong>advenerat</strong></span> <span class='ocrx_word' id='word_1_289' title='bbox 1312 2041 1383 2084; x_wconf 91' lang='lat' dir='ltr'><strong>aum</strong></span> <span class='ocrx_word' id='word_1_290' title='bbox 1392 2026 1458 2098; x_wconf 84' lang='lat' dir='ltr'><strong>jam</strong></span> <span class='ocrx_word' id='word_1_291' title='bbox 1470 2025 1532 2085; x_wconf 82' lang='lat' dir='ltr'><strong>fixo</strong></span> <span class='ocrx_word' id='word_1_292' title='bbox 1544 2027 1647 2086; x_wconf 93' lang='lat' dir='ltr'><strong>animo</strong></span> <span class='ocrx_word' id='word_1_293' title='bbox 1669 2044 1700 2085; x_wconf 92' lang='lat' dir='ltr'><strong>se</strong></span> <span class='ocrx_word' id='word_1_294' title='bbox 1715 2028 1756 2086; x_wconf 91' lang='lat' dir='ltr'><strong>ad</strong></span> <span class='ocrx_word' id='word_1_295' title='bbox 1769 2028 1814 2084; x_wconf 86' lang='lat' dir='ltr'><strong>iu-</strong></span> 
     </span>
     <span class='ocr_line' id='line_1_23' title="bbox 98 2112 1814 2192; baseline 0 -18"><span class='ocrx_word' id='word_1_296' title='bbox 98 2134 159 2188; x_wconf 77' lang='lat' dir='ltr'><strong>gna</strong></span> <span class='ocrx_word' id='word_1_297' title='bbox 172 2118 286 2191; x_wconf 89' lang='lat' dir='ltr'><strong>impetu</strong></span> <span class='ocrx_word' id='word_1_298' title='bbox 308 2117 433 2187; x_wconf 84' lang='lat' dir='ltr'><strong>affluxit,</strong></span> <span class='ocrx_word' id='word_1_299' title='bbox 449 2122 478 2174; x_wconf 90' lang='lat' dir='ltr'><strong>et</strong></span> <span class='ocrx_word' id='word_1_300' title='bbox 509 2116 633 2175; x_wconf 90' lang='lat' dir='ltr'><strong>tandem</strong></span> <span class='ocrx_word' id='word_1_301' title='bbox 646 2117 740 2175; x_wconf 62' lang='lat' dir='ltr'><strong>vium</strong></span> <span class='ocrx_word' id='word_1_302' title='bbox 767 2117 928 2192; x_wconf 88' lang='lat' dir='ltr'><strong>pristinam</strong></span> <span class='ocrx_word' id='word_1_303' title='bbox 983 2127 1054 2183; x_wconf 81' lang='lat' dir='ltr'><strong>gam</strong></span> <span class='ocrx_word' id='word_1_304' title='bbox 1068 2112 1268 2188; x_wconf 77' lang='lat' dir='ltr'><strong>praeparabat.</strong></span> <span class='ocrx_word' id='word_1_305' title='bbox 1285 2115 1421 2190; x_wconf 79' lang='lat' dir='ltr'><strong>Acceptis</strong></span> <span class='ocrx_word' id='word_1_306' title='bbox 1435 2117 1524 2187; x_wconf 77' lang='lat' dir='ltr'><strong>igitur</strong></span> <span class='ocrx_word' id='word_1_307' title='bbox 1538 2116 1658 2176; x_wconf 91' lang='lat' dir='ltr'><strong>duabus</strong></span> <span class='ocrx_word' id='word_1_308' title='bbox 1671 2117 1814 2176; x_wconf 87' lang='lat' dir='ltr'><strong>lanceolis</strong></span> 
     </span>
     <span class='ocr_line' id='line_1_24' title="bbox 95 2203 1814 2281; baseline 0.001 -19"><span class='ocrx_word' id='word_1_309' title='bbox 95 2206 269 2281; x_wconf 87' lang='lat' dir='ltr'><strong>resumpsit.</strong></span> <span class='ocrx_word' id='word_1_310' title='bbox 982 2206 1011 2259; x_wconf 88' lang='lat' dir='ltr'><strong>et</strong></span> <span class='ocrx_word' id='word_1_311' title='bbox 1021 2217 1123 2276; x_wconf 90' lang='lat' dir='ltr'><strong>panno</strong></span> <span class='ocrx_word' id='word_1_312' title='bbox 1137 2203 1175 2260; x_wconf 89' lang='lat' dir='ltr'><strong>de</strong></span> <span class='ocrx_word' id='word_1_313' title='bbox 1194 2203 1316 2264; x_wconf 86' lang='lat' dir='ltr'><strong>culcitra</strong></span> <span class='ocrx_word' id='word_1_314' title='bbox 1340 2205 1488 2274; x_wconf 87' lang='lat' dir='ltr'><strong>abstraeo,</strong></span> <span class='ocrx_word' id='word_1_315' title='bbox 1513 2207 1552 2264; x_wconf 91' lang='lat' dir='ltr'><strong>ad</strong></span> <span class='ocrx_word' id='word_1_316' title='bbox 1574 2222 1703 2281; x_wconf 87' lang='lat' dir='ltr'><strong>puerum</strong></span> <span class='ocrx_word' id='word_1_317' title='bbox 1717 2207 1814 2263; x_wconf 89' lang='lat' dir='ltr'><strong>tilium</strong></span> 
     </span>
     <span class='ocr_line' id='line_1_25' title="bbox 132 2291 1812 2370; baseline 0.002 -19"><span class='ocrx_word' id='word_1_318' title='bbox 132 2299 176 2352; x_wconf 79' lang='lat' dir='ltr'><strong>ta.</strong></span> <span class='ocrx_word' id='word_1_319' title='bbox 203 2295 267 2352; x_wconf 84' lang='lat' dir='ltr'><strong>Fuit</strong></span> <span class='ocrx_word' id='word_1_320' title='bbox 286 2311 357 2352; x_wconf 87' lang='lat' dir='ltr'><strong>vero</strong></span> <span class='ocrx_word' id='word_1_321' title='bbox 380 2295 460 2352; x_wconf 88' lang='lat' dir='ltr'><strong>cirea</strong></span> <span class='ocrx_word' id='word_1_322' title='bbox 482 2295 564 2353; x_wconf 91' lang='lat' dir='ltr'><strong>idem</strong></span> <span class='ocrx_word' id='word_1_323' title='bbox 580 2299 703 2370; x_wconf 88' lang='lat' dir='ltr'><strong>tempus</strong></span> <span class='ocrx_word' id='word_1_324' title='bbox 723 2296 929 2354; x_wconf 80' lang='lat' dir='ltr'><strong>virmeroato·</strong></span> <span class='ocrx_word' id='word_1_325' title='bbox 982 2291 1080 2348; x_wconf 80' lang='lat' dir='ltr'><strong>fratris</strong></span> <span class='ocrx_word' id='word_1_326' title='bbox 1107 2292 1165 2362; x_wconf 82' lang='lat' dir='ltr'><strong>sui,</strong></span> <span class='ocrx_word' id='word_1_327' title='bbox 1191 2291 1296 2365; x_wconf 90' lang='lat' dir='ltr'><strong>quiin</strong></span> <span class='ocrx_word' id='word_1_328' title='bbox 1320 2293 1464 2352; x_wconf 80' lang='lat' dir='ltr'><strong>allavilla</strong></span> <span class='ocrx_word' id='word_1_329' title='bbox 1492 2295 1679 2368; x_wconf 83' lang='lat' dir='ltr'><strong>morabatur,</strong></span> <span class='ocrx_word' id='word_1_330' title='bbox 1705 2295 1812 2369; x_wconf 74' lang='lat' dir='ltr'><strong>pergit,</strong></span> 
     </span>
     <span class='ocr_line' id='line_1_26' title="bbox 94 2383 1813 2457; baseline 0 -17"><span class='ocrx_word' id='word_1_331' title='bbox 94 2384 146 2440; x_wconf 79' lang='lat' dir='ltr'><strong>ria</strong></span> <span class='ocrx_word' id='word_1_332' title='bbox 173 2383 226 2441; x_wconf 89' lang='lat' dir='ltr'><strong>arti</strong></span> <span class='ocrx_word' id='word_1_333' title='bbox 254 2383 383 2450; x_wconf 87' lang='lat' dir='ltr'><strong>deditus,</strong></span> <span class='ocrx_word' id='word_1_334' title='bbox 420 2383 474 2457; x_wconf 91' lang='lat' dir='ltr'><strong>qui</strong></span> <span class='ocrx_word' id='word_1_335' title='bbox 500 2383 685 2456; x_wconf 80' lang='lat' dir='ltr'><strong>negotiando</strong></span> <span class='ocrx_word' id='word_1_336' title='bbox 713 2383 846 2442; x_wconf 89' lang='lat' dir='ltr'><strong>diversas</strong></span> <span class='ocrx_word' id='word_1_337' title='bbox 874 2388 929 2442; x_wconf 91' lang='lat' dir='ltr'><strong>ter·</strong></span> <span class='ocrx_word' id='word_1_338' title='bbox 982 2397 1113 2455; x_wconf 90' lang='lat' dir='ltr'><strong>eumque</strong></span> <span class='ocrx_word' id='word_1_339' title='bbox 1129 2398 1232 2440; x_wconf 86' lang='lat' dir='ltr'><strong>secum</strong></span> <span class='ocrx_word' id='word_1_340' title='bbox 1246 2383 1380 2442; x_wconf 85' lang='lat' dir='ltr'><strong>abduxit.</strong></span> <span class='ocrx_word' id='word_1_341' title='bbox 1408 2385 1465 2442; x_wconf 89' lang='lat' dir='ltr'><strong>Sed</strong></span> <span class='ocrx_word' id='word_1_342' title='bbox 1492 2400 1561 2442; x_wconf 91' lang='lat' dir='ltr'><strong>cnm</strong></span> <span class='ocrx_word' id='word_1_343' title='bbox 1583 2384 1623 2442; x_wconf 88' lang='lat' dir='ltr'><strong>ad</strong></span> <span class='ocrx_word' id='word_1_344' title='bbox 1637 2385 1813 2442; x_wconf 86' lang='lat' dir='ltr'><strong>naviculum</strong></span> 
     </span>
     <span class='ocr_line' id='line_1_27' title="bbox 93 2471 1809 2550; baseline 0.001 -20"><span class='ocrx_word' id='word_1_345' title='bbox 93 2490 145 2531; x_wconf 89' lang='lat' dir='ltr'><strong>ras</strong></span> <span class='ocrx_word' id='word_1_346' title='bbox 157 2472 367 2547; x_wconf 85' lang='lat' dir='ltr'><strong>pertransibat,</strong></span> <span class='ocrx_word' id='word_1_347' title='bbox 383 2477 413 2529; x_wconf 91' lang='lat' dir='ltr'><strong>et</strong></span> <span class='ocrx_word' id='word_1_348' title='bbox 426 2472 484 2529; x_wconf 88' lang='lat' dir='ltr'><strong>sibi</strong></span> <span class='ocrx_word' id='word_1_349' title='bbox 500 2472 623 2546; x_wconf 88' lang='lat' dir='ltr'><strong>suisque</strong></span> <span class='ocrx_word' id='word_1_350' title='bbox 635 2472 748 2530; x_wconf 79' lang='lat' dir='ltr'><strong>rictum</strong></span> <span class='ocrx_word' id='word_1_351' title='bbox 770 2471 930 2530; x_wconf 83' lang='lat' dir='ltr'><strong>difficulter</strong></span> <span class='ocrx_word' id='word_1_352' title='bbox 981 2471 1121 2541; x_wconf 79' lang='lat' dir='ltr'><strong>venisset,</strong></span> <span class='ocrx_word' id='word_1_353' title='bbox 1136 2472 1279 2530; x_wconf 89' lang='lat' dir='ltr'><strong>lanceolis</strong></span> <span class='ocrx_word' id='word_1_354' title='bbox 1291 2477 1320 2530; x_wconf 92' lang='lat' dir='ltr'><strong>et</strong></span> <span class='ocrx_word' id='word_1_355' title='bbox 1331 2489 1434 2547; x_wconf 86' lang='lat' dir='ltr'><strong>panno</strong></span> <span class='ocrx_word' id='word_1_356' title='bbox 1447 2491 1539 2548; x_wconf 92' lang='lat' dir='ltr'><strong>quem</strong></span> <span class='ocrx_word' id='word_1_357' title='bbox 1554 2475 1809 2550; x_wconf 85' lang='lat' dir='ltr'><strong>seonmportavit,</strong></span> 
     </span>
     <span class='ocr_line' id='line_1_28' title="bbox 92 2559 1814 2636; baseline 0.002 -16"><span class='ocrx_word' id='word_1_358' title='bbox 92 2562 259 2636; x_wconf 79' lang='lat' dir='ltr'><strong>querebat.</strong></span> <span class='ocrx_word' id='word_1_359' title='bbox 275 2561 404 2633; x_wconf 79' lang='lat' dir='ltr'><strong>Contigit</strong></span> <span class='ocrx_word' id='word_1_360' title='bbox 426 2576 499 2618; x_wconf 89' lang='lat' dir='ltr'><strong>vero</strong></span> <span class='ocrx_word' id='word_1_361' title='bbox 513 2565 547 2618; x_wconf 92' lang='lat' dir='ltr'><strong>ut</strong></span> <span class='ocrx_word' id='word_1_362' title='bbox 565 2561 614 2617; x_wconf 91' lang='lat' dir='ltr'><strong>hic</strong></span> <span class='ocrx_word' id='word_1_363' title='bbox 637 2561 772 2634; x_wconf 89' lang='lat' dir='ltr'><strong>quodam</strong></span> <span class='ocrx_word' id='word_1_364' title='bbox 793 2565 929 2636; x_wconf 85' lang='lat' dir='ltr'><strong>tempore</strong></span> <span class='ocrx_word' id='word_1_365' title='bbox 981 2559 1084 2617; x_wconf 82' lang='lat' dir='ltr'><strong>velum</strong></span> <span class='ocrx_word' id='word_1_366' title='bbox 1098 2561 1264 2636; x_wconf 85' lang='lat' dir='ltr'><strong>adaptavit,</strong></span> <span class='ocrx_word' id='word_1_367' title='bbox 1279 2562 1362 2619; x_wconf 87' lang='lat' dir='ltr'><strong>etsie</strong></span> <span class='ocrx_word' id='word_1_368' title='bbox 1375 2564 1632 2622; x_wconf 77' lang='lat' dir='ltr'><strong>semiserioordiaa</strong></span> <span class='ocrx_word' id='word_1_369' title='bbox 1654 2565 1772 2622; x_wconf 89' lang='lat' dir='ltr'><strong>Domini</strong></span> <span class='ocrx_word' id='word_1_370' title='bbox 1784 2569 1814 2624; x_wconf 92' lang='lat' dir='ltr'><strong>et</strong></span> 
     </span>
     <span class='ocr_line' id='line_1_29' title="bbox 93 2649 1813 2729; baseline 0.001 -18"><span class='ocrx_word' id='word_1_371' title='bbox 93 2669 189 2711; x_wconf 83' lang='lat' dir='ltr'><strong>causa</strong></span> <span class='ocrx_word' id='word_1_372' title='bbox 211 2656 387 2710; x_wconf 74' lang='lat' dir='ltr'><strong>mercaturae</strong></span> <span class='ocrx_word' id='word_1_373' title='bbox 416 2667 486 2708; x_wconf 88' lang='lat' dir='ltr'><strong>curn</strong></span> <span class='ocrx_word' id='word_1_374' title='bbox 513 2649 653 2724; x_wconf 91' lang='lat' dir='ltr'><strong>pluribus</strong></span> <span class='ocrx_word' id='word_1_375' title='bbox 677 2650 743 2708; x_wconf 86' lang='lat' dir='ltr'><strong>aliis</strong></span> <span class='ocrx_word' id='word_1_376' title='bbox 772 2651 848 2708; x_wconf 87' lang='lat' dir='ltr'><strong>inter</strong></span> <span class='ocrx_word' id='word_1_377' title='bbox 877 2666 930 2725; x_wconf 90' lang='lat' dir='ltr'><strong>pa·</strong></span> <span class='ocrx_word' id='word_1_378' title='bbox 982 2649 1062 2708; x_wconf 88' lang='lat' dir='ltr'><strong>beati</strong></span> <span class='ocrx_word' id='word_1_379' title='bbox 1076 2650 1246 2708; x_wconf 83' lang='lat' dir='ltr'><strong>Godabardi</strong></span> <span class='ocrx_word' id='word_1_380' title='bbox 1260 2653 1493 2710; x_wconf 87' lang='lat' dir='ltr'><strong>commendavit.</strong></span> <span class='ocrx_word' id='word_1_381' title='bbox 1510 2654 1597 2722; x_wconf 88' lang='lat' dir='ltr'><strong>Quod</strong></span> <span class='ocrx_word' id='word_1_382' title='bbox 1610 2655 1745 2712; x_wconf 84' lang='lat' dir='ltr'><strong>videntes</strong></span> <span class='ocrx_word' id='word_1_383' title='bbox 1759 2654 1813 2729; x_wconf 91' lang='lat' dir='ltr'><strong>qui</strong></span> 
     </span>
     <span class='ocr_line' id='line_1_30' title="bbox 93 2739 1813 2819; baseline 0.002 -19"><span class='ocrx_word' id='word_1_384' title='bbox 93 2759 192 2815; x_wconf 78' lang='lat' dir='ltr'><strong>genos</strong></span> <span class='ocrx_word' id='word_1_385' title='bbox 217 2741 361 2813; x_wconf 87' lang='lat' dir='ltr'><strong>tenderet,</strong></span> <span class='ocrx_word' id='word_1_386' title='bbox 385 2745 414 2799; x_wconf 87' lang='lat' dir='ltr'><strong>et</strong></span> <span class='ocrx_word' id='word_1_387' title='bbox 436 2739 664 2814; x_wconf 88' lang='lat' dir='ltr'><strong>possessionem</strong></span> <span class='ocrx_word' id='word_1_388' title='bbox 691 2756 753 2798; x_wconf 92' lang='lat' dir='ltr'><strong>non</strong></span> <span class='ocrx_word' id='word_1_389' title='bbox 775 2739 928 2799; x_wconf 87' lang='lat' dir='ltr'><strong>modicam</strong></span> <span class='ocrx_word' id='word_1_390' title='bbox 981 2739 1125 2798; x_wconf 89' lang='lat' dir='ltr'><strong>ininsula</strong></span> <span class='ocrx_word' id='word_1_391' title='bbox 1147 2741 1423 2815; x_wconf 89' lang='lat' dir='ltr'><strong>commorabantur,</strong></span> <span class='ocrx_word' id='word_1_392' title='bbox 1446 2759 1516 2802; x_wconf 92' lang='lat' dir='ltr'><strong>eum</strong></span> <span class='ocrx_word' id='word_1_393' title='bbox 1541 2743 1640 2802; x_wconf 87' lang='lat' dir='ltr'><strong>subito</strong></span> <span class='ocrx_word' id='word_1_394' title='bbox 1661 2743 1813 2819; x_wconf 87' lang='lat' dir='ltr'><strong>prosecuti</strong></span> 
     </span>
     <span class='ocr_line' id='line_1_31' title="bbox 94 2829 1899 2909; baseline 0.001 -19"><span class='ocrx_word' id='word_1_395' title='bbox 94 2830 353 2890; x_wconf 87' lang='lat' dir='ltr'><strong>seeumdeferret.</strong></span> <span class='ocrx_word' id='word_1_396' title='bbox 370 2830 515 2897; x_wconf 80' lang='lat' dir='ltr'><strong>Quidum</strong></span> <span class='ocrx_word' id='word_1_397' title='bbox 536 2833 713 2903; x_wconf 89' lang='lat' dir='ltr'><strong>prosperato</strong></span> <span class='ocrx_word' id='word_1_398' title='bbox 734 2829 838 2886; x_wconf 89' lang='lat' dir='ltr'><strong>itinere</strong></span> <span class='ocrx_word' id='word_1_399' title='bbox 859 2845 927 2905; x_wconf 90' lang='lat' dir='ltr'><strong>per-</strong></span> <span class='ocrx_word' id='word_1_400' title='bbox 982 2833 1070 2900; x_wconf 87' lang='lat' dir='ltr'><strong>sunt;</strong></span> <span class='ocrx_word' id='word_1_401' title='bbox 1096 2831 1158 2900; x_wconf 85' lang='lat' dir='ltr'><strong>sed,</strong></span> <span class='ocrx_word' id='word_1_402' title='bbox 1177 2832 1236 2888; x_wconf 81' lang='lat' dir='ltr'><strong>lieo</strong></span> <span class='ocrx_word' id='word_1_403' title='bbox 1261 2831 1434 2906; x_wconf 84' lang='lat' dir='ltr'><strong>adjuvante,</strong></span> <span class='ocrx_word' id='word_1_404' title='bbox 1461 2849 1531 2891; x_wconf 90' lang='lat' dir='ltr'><strong>eum</strong></span> <span class='ocrx_word' id='word_1_405' title='bbox 1558 2835 1812 2909; x_wconf 86' lang='lat' dir='ltr'><strong>comprehendere</strong></span> <span class='ocrx_word' id='word_1_406' title='bbox 1894 2867 1899 2877; x_wconf 88' lang='lat'><strong>·</strong></span> 
     </span>
     <span class='ocr_line' id='line_1_32' title="bbox 93 2916 1811 3019; baseline 0.003 -41"><span class='ocrx_word' id='word_1_407' title='bbox 93 2924 210 2992; x_wconf 78' lang='lat' dir='ltr'><strong>gerent,</strong></span> <span class='ocrx_word' id='word_1_408' title='bbox 223 2918 347 2990; x_wconf 77' lang='lat' dir='ltr'><strong>contigit</strong></span> <span class='ocrx_word' id='word_1_409' title='bbox 364 2935 415 2976; x_wconf 92' lang='lat' dir='ltr'><strong>eos</strong></span> <span class='ocrx_word' id='word_1_410' title='bbox 437 2923 554 2976; x_wconf 83' lang='lat' dir='ltr'><strong>vastam</strong></span> <span class='ocrx_word' id='word_1_411' title='bbox 578 2916 769 2976; x_wconf 89' lang='lat' dir='ltr'><strong>solitudinem</strong></span> <span class='ocrx_word' id='word_1_412' title='bbox 795 2918 926 2988; x_wconf 89' lang='lat' dir='ltr'><strong>introire,</strong></span> <span class='ocrx_word' id='word_1_413' title='bbox 942 2961 963 3019; x_wconf 76' lang='lat' dir='ltr'>C</span> <span class='ocrx_word' id='word_1_414' title='bbox 981 2919 1158 2994; x_wconf 84' lang='lat' dir='ltr'><strong>nequibant,</strong></span> <span class='ocrx_word' id='word_1_415' title='bbox 1185 2921 1374 2996; x_wconf 86' lang='lat' dir='ltr'><strong>domumque</strong></span> <span class='ocrx_word' id='word_1_416' title='bbox 1400 2922 1509 2981; x_wconf 89' lang='lat' dir='ltr'><strong>infecto</strong></span> <span class='ocrx_word' id='word_1_417' title='bbox 1537 2925 1657 2997; x_wconf 80' lang='lat' dir='ltr'><strong>negotio</strong></span> <span class='ocrx_word' id='word_1_418' title='bbox 1681 2925 1811 2998; x_wconf 83' lang='lat' dir='ltr'><strong>remiga-</strong></span> 
     </span>
     <span class='ocr_line' id='line_1_33' title="bbox 94 3007 1811 3092; baseline 0.005 -24"><span class='ocrx_word' id='word_1_419' title='bbox 94 3010 148 3068; x_wconf 91' lang='lat' dir='ltr'><strong>ubi</strong></span> <span class='ocrx_word' id='word_1_420' title='bbox 162 3025 224 3068; x_wconf 92' lang='lat' dir='ltr'><strong>non</strong></span> <span class='ocrx_word' id='word_1_421' title='bbox 239 3008 392 3066; x_wconf 88' lang='lat' dir='ltr'><strong>modicam</strong></span> <span class='ocrx_word' id='word_1_422' title='bbox 412 3007 636 3066; x_wconf 86' lang='lat' dir='ltr'><strong>multitudinem</strong></span> <span class='ocrx_word' id='word_1_423' title='bbox 659 3023 850 3082; x_wconf 80' lang='lat' dir='ltr'><strong>paganorum</strong></span> <span class='ocrx_word' id='word_1_424' title='bbox 872 3008 926 3066; x_wconf 92' lang='lat' dir='ltr'><strong>ob·</strong></span> <span class='ocrx_word' id='word_1_425' title='bbox 980 3009 1064 3069; x_wconf 88' lang='lat' dir='ltr'><strong>hant.</strong></span> <span class='ocrx_word' id='word_1_426' title='bbox 1080 3012 1321 3072; x_wconf 78' lang='lat' dir='ltr'><strong>Praedictusvero</strong></span> <span class='ocrx_word' id='word_1_427' title='bbox 1335 3013 1390 3085; x_wconf 88' lang='lat' dir='ltr'><strong>vir,</strong></span> <span class='ocrx_word' id='word_1_428' title='bbox 1402 3030 1464 3074; x_wconf 92' lang='lat' dir='ltr'><strong>non</strong></span> <span class='ocrx_word' id='word_1_429' title='bbox 1482 3015 1644 3075; x_wconf 89' lang='lat' dir='ltr'><strong>immemor</strong></span> <span class='ocrx_word' id='word_1_430' title='bbox 1656 3017 1739 3092; x_wconf 91' lang='lat' dir='ltr'><strong>quod</strong></span> <span class='ocrx_word' id='word_1_431' title='bbox 1751 3020 1811 3076; x_wconf 84' lang='lat' dir='ltr'><strong>beo</strong></span> 
     </span>
     <span class='ocr_line' id='line_1_34' title="bbox 93 3098 1813 3179; baseline 0.005 -24"><span class='ocrx_word' id='word_1_432' title='bbox 93 3099 177 3156; x_wconf 90' lang='lat' dir='ltr'><strong>viam</strong></span> <span class='ocrx_word' id='word_1_433' title='bbox 191 3099 335 3158; x_wconf 89' lang='lat' dir='ltr'><strong>habuere.</strong></span> <span class='ocrx_word' id='word_1_434' title='bbox 350 3098 438 3166; x_wconf 81' lang='lat' dir='ltr'><strong>Quod</strong></span> <span class='ocrx_word' id='word_1_435' title='bbox 458 3099 594 3156; x_wconf 86' lang='lat' dir='ltr'><strong>videntes</strong></span> <span class='ocrx_word' id='word_1_436' title='bbox 616 3100 657 3156; x_wconf 90' lang='lat' dir='ltr'><strong>ad</strong></span> <span class='ocrx_word' id='word_1_437' title='bbox 679 3115 765 3156; x_wconf 89' lang='lat' dir='ltr'><strong>arma</strong></span> <span class='ocrx_word' id='word_1_438' title='bbox 790 3115 927 3157; x_wconf 87' lang='lat' dir='ltr'><strong>cucurre-</strong></span> <span class='ocrx_word' id='word_1_439' title='bbox 979 3105 1113 3172; x_wconf 85' lang='lat' dir='ltr'><strong>voverat,</strong></span> <span class='ocrx_word' id='word_1_440' title='bbox 1139 3101 1202 3159; x_wconf 88' lang='lat' dir='ltr'><strong>sine</strong></span> <span class='ocrx_word' id='word_1_441' title='bbox 1229 3118 1315 3160; x_wconf 88' lang='lat' dir='ltr'><strong>mora</strong></span> <span class='ocrx_word' id='word_1_442' title='bbox 1329 3104 1368 3160; x_wconf 90' lang='lat' dir='ltr'><strong>ad</strong></span> <span class='ocrx_word' id='word_1_443' title='bbox 1394 3105 1594 3179; x_wconf 83' lang='lat' dir='ltr'><strong>patrocinium</strong></span> <span class='ocrx_word' id='word_1_444' title='bbox 1615 3106 1696 3164; x_wconf 89' lang='lat' dir='ltr'><strong>beati</strong></span> <span class='ocrx_word' id='word_1_445' title='bbox 1720 3107 1813 3164; x_wconf 82' lang='lat' dir='ltr'><strong>Goda-</strong></span> 
     </span>
     <span class='ocr_line' id='line_1_35' title="bbox 92 3187 1811 3268; baseline 0.004 -22"><span class='ocrx_word' id='word_1_446' title='bbox 92 3191 175 3262; x_wconf 81' lang='lat' dir='ltr'><strong>nmt,</strong></span> <span class='ocrx_word' id='word_1_447' title='bbox 204 3187 399 3246; x_wconf 78' lang='lat' dir='ltr'><strong>defensacula</strong></span> <span class='ocrx_word' id='word_1_448' title='bbox 421 3187 555 3263; x_wconf 88' lang='lat' dir='ltr'><strong>undique</strong></span> <span class='ocrx_word' id='word_1_449' title='bbox 583 3187 640 3245; x_wconf 89' lang='lat' dir='ltr'><strong>sihi</strong></span> <span class='ocrx_word' id='word_1_450' title='bbox 663 3193 925 3263; x_wconf 75' lang='lat' dir='ltr'><strong>preparaverunt;</strong></span> <span class='ocrx_word' id='word_1_451' title='bbox 979 3189 1066 3248; x_wconf 89' lang='lat' dir='ltr'><strong>hardi</strong></span> <span class='ocrx_word' id='word_1_452' title='bbox 1080 3190 1229 3261; x_wconf 85' lang='lat' dir='ltr'><strong>veniebat,</strong></span> <span class='ocrx_word' id='word_1_453' title='bbox 1246 3195 1275 3249; x_wconf 89' lang='lat' dir='ltr'><strong>et</strong></span> <span class='ocrx_word' id='word_1_454' title='bbox 1288 3191 1409 3250; x_wconf 87' lang='lat' dir='ltr'><strong>lanceas</strong></span> <span class='ocrx_word' id='word_1_455' title='bbox 1424 3197 1453 3250; x_wconf 89' lang='lat' dir='ltr'><strong>et</strong></span> <span class='ocrx_word' id='word_1_456' title='bbox 1464 3209 1601 3268; x_wconf 89' lang='lat' dir='ltr'><strong>pannum</strong></span> <span class='ocrx_word' id='word_1_457' title='bbox 1616 3196 1697 3254; x_wconf 89' lang='lat' dir='ltr'><strong>unde</strong></span> <span class='ocrx_word' id='word_1_458' title='bbox 1709 3196 1811 3253; x_wconf 81' lang='lat' dir='ltr'><strong>velum</strong></span> 
     </span>
     <span class='ocr_line' id='line_1_36' title="bbox 93 3276 1812 3348; baseline 0.004 -14"><span class='ocrx_word' id='word_1_459' title='bbox 93 3277 149 3334; x_wconf 88' lang='lat' dir='ltr'><strong>sed</strong></span> <span class='ocrx_word' id='word_1_460' title='bbox 163 3276 347 3335; x_wconf 89' lang='lat' dir='ltr'><strong>multitudini</strong></span> <span class='ocrx_word' id='word_1_461' title='bbox 370 3276 491 3335; x_wconf 89' lang='lat' dir='ltr'><strong>iliorum</strong></span> <span class='ocrx_word' id='word_1_462' title='bbox 514 3277 650 3334; x_wconf 88' lang='lat' dir='ltr'><strong>resistere</strong></span> <span class='ocrx_word' id='word_1_463' title='bbox 672 3293 736 3335; x_wconf 88' lang='lat' dir='ltr'><strong>nou</strong></span> <span class='ocrx_word' id='word_1_464' title='bbox 756 3276 924 3336; x_wconf 80' lang='lat' dir='ltr'><strong>valuerunt.</strong></span> <span class='ocrx_word' id='word_1_465' title='bbox 980 3277 1099 3348; x_wconf 88' lang='lat' dir='ltr'><strong>iecerat,</strong></span> <span class='ocrx_word' id='word_1_466' title='bbox 1115 3279 1145 3336; x_wconf 93' lang='lat' dir='ltr'><strong>in</strong></span> <span class='ocrx_word' id='word_1_467' title='bbox 1155 3280 1334 3337; x_wconf 91' lang='lat' dir='ltr'><strong>memoriam</strong></span> <span class='ocrx_word' id='word_1_468' title='bbox 1345 3281 1419 3338; x_wconf 89' lang='lat' dir='ltr'><strong>tanti</strong></span> <span class='ocrx_word' id='word_1_469' title='bbox 1430 3281 1567 3340; x_wconf 88' lang='lat' dir='ltr'><strong>miraculi</strong></span> <span class='ocrx_word' id='word_1_470' title='bbox 1580 3283 1610 3340; x_wconf 93' lang='lat' dir='ltr'><strong>in</strong></span> <span class='ocrx_word' id='word_1_471' title='bbox 1621 3283 1746 3341; x_wconf 88' lang='lat' dir='ltr'><strong>ecclesia</strong></span> <span class='ocrx_word' id='word_1_472' title='bbox 1758 3298 1812 3342; x_wconf 92' lang='lat' dir='ltr'><strong>no·</strong></span> 
     </span>
     <span class='ocr_line' id='line_1_37' title="bbox 95 3365 1353 3442; baseline 0.005 -20"><span class='ocrx_word' id='word_1_473' title='bbox 95 3365 183 3425; x_wconf 87' lang='lat' dir='ltr'><strong>Tune</strong></span> <span class='ocrx_word' id='word_1_474' title='bbox 211 3383 282 3426; x_wconf 81' lang='lat' dir='ltr'><strong>voro</strong></span> <span class='ocrx_word' id='word_1_475' title='bbox 307 3365 459 3441; x_wconf 85' lang='lat' dir='ltr'><strong>quosdam</strong></span> <span class='ocrx_word' id='word_1_476' title='bbox 485 3381 522 3424; x_wconf 85' lang='lat' dir='ltr'><strong>ex</strong></span> <span class='ocrx_word' id='word_1_477' title='bbox 553 3366 627 3441; x_wconf 87' lang='lat' dir='ltr'><strong>ipsis</strong></span> <span class='ocrx_word' id='word_1_478' title='bbox 652 3365 739 3424; x_wconf 89' lang='lat' dir='ltr'><strong>morti</strong></span> <span class='ocrx_word' id='word_1_479' title='bbox 768 3365 926 3438; x_wconf 82' lang='lat' dir='ltr'><strong>dederimt,</strong></span> <span class='ocrx_word' id='word_1_480' title='bbox 980 3372 1042 3427; x_wconf 88' lang='lat' dir='ltr'><strong>stra</strong></span> <span class='ocrx_word' id='word_1_481' title='bbox 1057 3368 1202 3442; x_wconf 87' lang='lat' dir='ltr'><strong>suspendi</strong></span> <span class='ocrx_word' id='word_1_482' title='bbox 1216 3369 1353 3441; x_wconf 77' lang='lat' dir='ltr'><strong>rogabat.</strong></span> 
     </span>
     <span class='ocr_line' id='line_1_38' title="bbox 94 3453 929 3531; baseline 0 -19"><span class='ocrx_word' id='word_1_483' title='bbox 94 3453 246 3529; x_wconf 89' lang='lat' dir='ltr'><strong>quosdam</strong></span> <span class='ocrx_word' id='word_1_484' title='bbox 271 3469 397 3528; x_wconf 86' lang='lat' dir='ltr'><strong>corpore</strong></span> <span class='ocrx_word' id='word_1_485' title='bbox 418 3459 642 3528; x_wconf 86' lang='lat' dir='ltr'><strong>truncaverunt,</strong></span> <span class='ocrx_word' id='word_1_486' title='bbox 663 3455 813 3530; x_wconf 88' lang='lat' dir='ltr'><strong>quosdam</strong></span> <span class='ocrx_word' id='word_1_487' title='bbox 838 3455 929 3531; x_wconf 88' lang='lat' dir='ltr'><strong>eapti-</strong></span> 
     </span>
    </p>
   </div>
   <div class='ocr_carea' id='block_1_3' title="bbox 798 3804 1098 3894">
    <p class='ocr_par' dir='ltr' id='par_1_3' title="bbox 798 3804 1098 3894">
     <span class='ocr_line' id='line_1_39' title="bbox 798 3804 1098 3894; baseline 0.003 -2"><span class='ocrx_word' id='word_1_488' title='bbox 798 3804 1098 3894; x_wconf 82' lang='lat' dir='ltr'><strong>APPENDIX.</strong></span> 
     </span>
    </p>
   </div>
   <div class='ocr_carea' id='block_1_4' title="bbox 93 4000 1813 4706">
    <p class='ocr_par' dir='ltr' id='par_1_4' title="bbox 93 4000 1813 4706">
     <span class='ocr_line' id='line_1_40' title="bbox 130 4000 1810 4079; baseline 0.002 -19"><span class='ocrx_word' id='word_1_489' title='bbox 130 4004 175 4061; x_wconf 81' lang='lat' dir='ltr'><strong>ts.</strong></span> <span class='ocrx_word' id='word_1_490' title='bbox 192 4006 306 4060; x_wconf 86' lang='lat' dir='ltr'><strong>interea</strong></span> <span class='ocrx_word' id='word_1_491' title='bbox 318 4000 393 4058; x_wconf 90' lang='lat' dir='ltr'><strong>dum</strong></span> <span class='ocrx_word' id='word_1_492' title='bbox 404 4001 469 4058; x_wconf 78' lang='lat' dir='ltr'><strong>baec</strong></span> <span class='ocrx_word' id='word_1_493' title='bbox 484 4003 625 4071; x_wconf 77' lang='lat' dir='ltr'><strong>aguntur,</strong></span> <span class='ocrx_word' id='word_1_494' title='bbox 637 4002 820 4059; x_wconf 88' lang='lat' dir='ltr'><strong>atmemoria</strong></span> <span class='ocrx_word' id='word_1_495' title='bbox 843 4002 924 4060; x_wconf 90' lang='lat' dir='ltr'><strong>beati</strong></span> <span class='ocrx_word' id='word_1_496' title='bbox 979 4001 1028 4059; x_wconf 92' lang='lat' dir='ltr'><strong>citi</strong></span> <span class='ocrx_word' id='word_1_497' title='bbox 1042 4001 1218 4070; x_wconf 88' lang='lat' dir='ltr'><strong>sumus,ubi</strong></span> <span class='ocrx_word' id='word_1_498' title='bbox 1229 4002 1255 4058; x_wconf 90' lang='lat' dir='ltr'><strong>is</strong></span> <span class='ocrx_word' id='word_1_499' title='bbox 1265 4003 1393 4060; x_wconf 85' lang='lat' dir='ltr'><strong>adesset.</strong></span> <span class='ocrx_word' id='word_1_500' title='bbox 1406 4007 1469 4060; x_wconf 86' lang='lat' dir='ltr'><strong>Non</strong></span> <span class='ocrx_word' id='word_1_501' title='bbox 1480 4003 1576 4060; x_wconf 90' lang='lat' dir='ltr'><strong>multo</strong></span> <span class='ocrx_word' id='word_1_502' title='bbox 1587 4009 1654 4077; x_wconf 88' lang='lat' dir='ltr'><strong>post</strong></span> <span class='ocrx_word' id='word_1_503' title='bbox 1665 4006 1810 4079; x_wconf 83' lang='lat' dir='ltr'><strong>ternpore,</strong></span> 
     </span>
     <span class='ocr_line' id='line_1_41' title="bbox 95 4081 1812 4168; baseline 0.003 -22"><span class='ocrx_word' id='word_1_504' title='bbox 95 4090 266 4150; x_wconf 80' lang='lat' dir='ltr'><strong>Godebardi</strong></span> <span class='ocrx_word' id='word_1_505' title='bbox 280 4089 369 4149; x_wconf 85' lang='lat' dir='ltr'><strong>valde</strong></span> <span class='ocrx_word' id='word_1_506' title='bbox 383 4087 509 4148; x_wconf 87' lang='lat' dir='ltr'><strong>celebris</strong></span> <span class='ocrx_word' id='word_1_507' title='bbox 532 4089 669 4160; x_wconf 90' lang='lat' dir='ltr'><strong>hahetur,</strong></span> <span class='ocrx_word' id='word_1_508' title='bbox 685 4090 808 4164; x_wconf 78' lang='lat' dir='ltr'><strong>contigit</strong></span> <span class='ocrx_word' id='word_1_509' title='bbox 827 4095 861 4148; x_wconf 90' lang='lat' dir='ltr'><strong>ut</strong></span> <span class='ocrx_word' id='word_1_510' title='bbox 880 4107 925 4148; x_wconf 88' lang='lat' dir='ltr'><strong>ar·</strong></span> <span class='ocrx_word' id='word_1_511' title='bbox 979 4090 1122 4148; x_wconf 90' lang='lat' dir='ltr'><strong>dominus</strong></span> <span class='ocrx_word' id='word_1_512' title='bbox 1131 4093 1233 4147; x_wconf 88' lang='lat' dir='ltr'><strong>noster</strong></span> <span class='ocrx_word' id='word_1_513' title='bbox 1243 4106 1312 4148; x_wconf 93' lang='lat' dir='ltr'><strong>cum</strong></span> <span class='ocrx_word' id='word_1_514' title='bbox 1322 4091 1621 4150; x_wconf 84' lang='lat' dir='ltr'><strong>inconventunostro</strong></span> <span class='ocrx_word' id='word_1_515' title='bbox 1632 4081 1696 4150; x_wconf 79' lang='lat' dir='ltr'><strong>hac</strong></span> <span class='ocrx_word' id='word_1_516' title='bbox 1709 4109 1812 4168; x_wconf 89' lang='lat' dir='ltr'><strong>supra·</strong></span> 
     </span>
     <span class='ocr_line' id='line_1_42' title="bbox 94 4179 1811 4258; baseline 0.002 -20"><span class='ocrx_word' id='word_1_517' title='bbox 94 4181 306 4256; x_wconf 84' lang='lat' dir='ltr'><strong>chiepiscopus</strong></span> <span class='ocrx_word' id='word_1_518' title='bbox 317 4179 513 4252; x_wconf 87' lang='lat' dir='ltr'><strong>coloniensis,</strong></span> <span class='ocrx_word' id='word_1_519' title='bbox 541 4179 685 4238; x_wconf 87' lang='lat' dir='ltr'><strong>Hearicus</strong></span> <span class='ocrx_word' id='word_1_520' title='bbox 708 4180 763 4254; x_wconf 81' lang='lat'><strong>(97)</strong></span> <span class='ocrx_word' id='word_1_521' title='bbox 790 4181 923 4253; x_wconf 90' lang='lat' dir='ltr'><strong>nomine,</strong></span> <span class='ocrx_word' id='word_1_522' title='bbox 978 4180 1059 4237; x_wconf 86' lang='lat' dir='ltr'><strong>dicta</strong></span> <span class='ocrx_word' id='word_1_523' title='bbox 1073 4179 1272 4251; x_wconf 81' lang='lat' dir='ltr'><strong>cognovisset,</strong></span> <span class='ocrx_word' id='word_1_524' title='bbox 1283 4179 1417 4254; x_wconf 90' lang='lat' dir='ltr'><strong>petitioni</strong></span> <span class='ocrx_word' id='word_1_525' title='bbox 1426 4180 1642 4256; x_wconf 87' lang='lat' dir='ltr'><strong>archiepiscopi</strong></span> <span class='ocrx_word' id='word_1_526' title='bbox 1653 4183 1811 4258; x_wconf 85' lang='lat' dir='ltr'><strong>acquievit,</strong></span> 
     </span>
     <span class='ocr_line' id='line_1_43' title="bbox 94 4269 1809 4350; baseline 0.003 -22"><span class='ocrx_word' id='word_1_527' title='bbox 94 4271 245 4329; x_wconf 84' lang='lat' dir='ltr'><strong>civitatem</strong></span> <span class='ocrx_word' id='word_1_528' title='bbox 260 4274 397 4329; x_wconf 89' lang='lat' dir='ltr'><strong>nostram</strong></span> <span class='ocrx_word' id='word_1_529' title='bbox 412 4285 483 4328; x_wconf 88' lang='lat' dir='ltr'><strong>eum</strong></span> <span class='ocrx_word' id='word_1_530' title='bbox 496 4284 559 4326; x_wconf 91' lang='lat' dir='ltr'><strong>non</strong></span> <span class='ocrx_word' id='word_1_531' title='bbox 572 4269 692 4327; x_wconf 87' lang='lat' dir='ltr'><strong>modica</strong></span> <span class='ocrx_word' id='word_1_532' title='bbox 706 4285 800 4327; x_wconf 89' lang='lat' dir='ltr'><strong>mann</strong></span> <span class='ocrx_word' id='word_1_533' title='bbox 814 4269 884 4328; x_wconf 86' lang='lat' dir='ltr'><strong>cleri</strong></span> <span class='ocrx_word' id='word_1_534' title='bbox 898 4273 962 4328; x_wconf 82' lang='lat' dir='ltr'><strong>etl)</strong></span> <span class='ocrx_word' id='word_1_535' title='bbox 979 4273 1090 4344; x_wconf 84' lang='lat' dir='ltr'><strong>atquae</strong></span> <span class='ocrx_word' id='word_1_536' title='bbox 1104 4269 1144 4328; x_wconf 90' lang='lat' dir='ltr'><strong>ab</strong></span> <span class='ocrx_word' id='word_1_537' title='bbox 1159 4285 1194 4328; x_wconf 91' lang='lat' dir='ltr'><strong>eo</strong></span> <span class='ocrx_word' id='word_1_538' title='bbox 1206 4270 1440 4345; x_wconf 88' lang='lat' dir='ltr'><strong>postulabantur</strong></span> <span class='ocrx_word' id='word_1_539' title='bbox 1453 4271 1509 4328; x_wconf 92' lang='lat' dir='ltr'><strong>sibi</strong></span> <span class='ocrx_word' id='word_1_540' title='bbox 1530 4272 1638 4330; x_wconf 91' lang='lat' dir='ltr'><strong>donari</strong></span> <span class='ocrx_word' id='word_1_541' title='bbox 1659 4275 1809 4350; x_wconf 79' lang='lat' dir='ltr'><strong>praecepit.</strong></span> 
     </span>
     <span class='ocr_line' id='line_1_44' title="bbox 93 4357 1812 4438; baseline 0.003 -21"><span class='ocrx_word' id='word_1_542' title='bbox 93 4360 201 4435; x_wconf 90' lang='lat' dir='ltr'><strong>populi</strong></span> <span class='ocrx_word' id='word_1_543' title='bbox 213 4361 416 4435; x_wconf 86' lang='lat' dir='ltr'><strong>pertransiret,</strong></span> <span class='ocrx_word' id='word_1_544' title='bbox 431 4363 461 4416; x_wconf 90' lang='lat' dir='ltr'><strong>et</strong></span> <span class='ocrx_word' id='word_1_545' title='bbox 472 4358 617 4434; x_wconf 79' lang='lat' dir='ltr'><strong>praedicta</strong></span> <span class='ocrx_word' id='word_1_546' title='bbox 631 4357 788 4427; x_wconf 88' lang='lat' dir='ltr'><strong>miracula,</strong></span> <span class='ocrx_word' id='word_1_547' title='bbox 797 4375 865 4434; x_wconf 80' lang='lat' dir='ltr'><strong>quar</strong></span> <span class='ocrx_word' id='word_1_548' title='bbox 873 4375 928 4434; x_wconf 90' lang='lat' dir='ltr'><strong>per</strong></span> <span class='ocrx_word' id='word_1_549' title='bbox 980 4362 1046 4418; x_wconf 81' lang='lat' dir='ltr'><strong>llox</strong></span> <span class='ocrx_word' id='word_1_550' title='bbox 1059 4359 1155 4418; x_wconf 89' lang='lat' dir='ltr'><strong>abbas</strong></span> <span class='ocrx_word' id='word_1_551' title='bbox 1168 4359 1249 4417; x_wconf 87' lang='lat' dir='ltr'><strong>beati</strong></span> <span class='ocrx_word' id='word_1_552' title='bbox 1263 4360 1431 4419; x_wconf 87' lang='lat' dir='ltr'><strong>Godehardi</strong></span> <span class='ocrx_word' id='word_1_553' title='bbox 1443 4360 1484 4419; x_wconf 89' lang='lat' dir='ltr'><strong>ad</strong></span> <span class='ocrx_word' id='word_1_554' title='bbox 1499 4379 1569 4420; x_wconf 92' lang='lat' dir='ltr'><strong>eum</strong></span> <span class='ocrx_word' id='word_1_555' title='bbox 1588 4380 1658 4421; x_wconf 91' lang='lat' dir='ltr'><strong>eum</strong></span> <span class='ocrx_word' id='word_1_556' title='bbox 1675 4365 1812 4438; x_wconf 89' lang='lat' dir='ltr'><strong>portione</strong></span> 
     </span>
     <span class='ocr_line' id='line_1_45' title="bbox 93 4448 1813 4524; baseline 0.002 -18"><span class='ocrx_word' id='word_1_557' title='bbox 93 4466 166 4507; x_wconf 90' lang='lat' dir='ltr'><strong>eum</strong></span> <span class='ocrx_word' id='word_1_558' title='bbox 180 4449 304 4518; x_wconf 86' lang='lat' dir='ltr'><strong>fiebant,</strong></span> <span class='ocrx_word' id='word_1_559' title='bbox 315 4453 520 4523; x_wconf 76' lang='lat' dir='ltr'><strong>cognosceret.</strong></span> <span class='ocrx_word' id='word_1_560' title='bbox 532 4451 564 4505; x_wconf 92' lang='lat' dir='ltr'><strong>ln</strong></span> <span class='ocrx_word' id='word_1_561' title='bbox 578 4451 762 4506; x_wconf 87' lang='lat' dir='ltr'><strong>conventum</strong></span> <span class='ocrx_word' id='word_1_562' title='bbox 776 4464 848 4520; x_wconf 79' lang='lat' dir='ltr'><strong>ergo</strong></span> <span class='ocrx_word' id='word_1_563' title='bbox 871 4449 928 4507; x_wconf 89' lang='lat' dir='ltr'><strong>lra-</strong></span> <span class='ocrx_word' id='word_1_564' title='bbox 980 4448 1175 4524; x_wconf 88' lang='lat' dir='ltr'><strong>reliquiarum</strong></span> <span class='ocrx_word' id='word_1_565' title='bbox 1184 4450 1394 4510; x_wconf 89' lang='lat' dir='ltr'><strong>transmittitur</strong></span> <span class='ocrx_word' id='word_1_566' title='bbox 1405 4456 1433 4510; x_wconf 92' lang='lat' dir='ltr'><strong>et</strong></span> <span class='ocrx_word' id='word_1_567' title='bbox 1444 4452 1483 4510; x_wconf 89' lang='lat' dir='ltr'><strong>ab</strong></span> <span class='ocrx_word' id='word_1_568' title='bbox 1494 4469 1530 4510; x_wconf 89' lang='lat' dir='ltr'><strong>eo</strong></span> <span class='ocrx_word' id='word_1_569' title='bbox 1548 4454 1741 4511; x_wconf 82' lang='lat' dir='ltr'><strong>devotissime</strong></span> <span class='ocrx_word' id='word_1_570' title='bbox 1765 4470 1813 4509; x_wconf 90' lang='lat' dir='ltr'><strong>su-</strong></span> 
     </span>
     <span class='ocr_line' id='line_1_46' title="bbox 95 4537 1813 4618; baseline 0 -20"><span class='ocrx_word' id='word_1_571' title='bbox 95 4544 176 4598; x_wconf 89' lang='lat' dir='ltr'><strong>trnrn</strong></span> <span class='ocrx_word' id='word_1_572' title='bbox 188 4543 362 4598; x_wconf 89' lang='lat' dir='ltr'><strong>nostrorum</strong></span> <span class='ocrx_word' id='word_1_573' title='bbox 375 4537 480 4610; x_wconf 76' lang='lat' dir='ltr'><strong>venit,</strong></span> <span class='ocrx_word' id='word_1_574' title='bbox 503 4540 533 4596; x_wconf 89' lang='lat' dir='ltr'><strong>et</strong></span> <span class='ocrx_word' id='word_1_575' title='bbox 553 4537 770 4596; x_wconf 68' lang='lat' dir='ltr'><strong>fraternitatem</strong></span> <span class='ocrx_word' id='word_1_576' title='bbox 789 4543 925 4597; x_wconf 88' lang='lat' dir='ltr'><strong>nostram</strong></span> <span class='ocrx_word' id='word_1_577' title='bbox 981 4538 1113 4614; x_wconf 90' lang='lat' dir='ltr'><strong>scipitur.</strong></span> <span class='ocrx_word' id='word_1_578' title='bbox 1129 4539 1213 4599; x_wconf 88' lang='lat' dir='ltr'><strong>Hanc</strong></span> <span class='ocrx_word' id='word_1_579' title='bbox 1229 4557 1299 4599; x_wconf 80' lang='lat' dir='ltr'><strong>vero</strong></span> <span class='ocrx_word' id='word_1_580' title='bbox 1320 4543 1490 4618; x_wconf 89' lang='lat' dir='ltr'><strong>portionem</strong></span> <span class='ocrx_word' id='word_1_581' title='bbox 1514 4542 1758 4616; x_wconf 85' lang='lat' dir='ltr'><strong>archiepiscopus</strong></span> <span class='ocrx_word' id='word_1_582' title='bbox 1781 4542 1813 4598; x_wconf 87' lang='lat' dir='ltr'><strong>in</strong></span> 
     </span>
     <span class='ocr_line' id='line_1_47' title="bbox 95 4627 1813 4706; baseline 0 -18"><span class='ocrx_word' id='word_1_583' title='bbox 95 4630 203 4688; x_wconf 80' lang='lat' dir='ltr'><strong>devote</strong></span> <span class='ocrx_word' id='word_1_584' title='bbox 217 4629 389 4706; x_wconf 85' lang='lat' dir='ltr'><strong>postulavit.</strong></span> <span class='ocrx_word' id='word_1_585' title='bbox 405 4628 451 4687; x_wconf 76' lang='lat' dir='ltr'><strong>Ad</strong></span> <span class='ocrx_word' id='word_1_586' title='bbox 462 4627 549 4702; x_wconf 76' lang='lat' dir='ltr'><strong>euJus</strong></span> <span class='ocrx_word' id='word_1_587' title='bbox 565 4627 756 4686; x_wconf 85' lang='lat' dir='ltr'><strong>fraternitatis</strong></span> <span class='ocrx_word' id='word_1_588' title='bbox 765 4629 927 4688; x_wconf 88' lang='lat' dir='ltr'><strong>conflrma-</strong></span> <span class='ocrx_word' id='word_1_589' title='bbox 981 4633 1092 4688; x_wconf 87' lang='lat' dir='ltr'><strong>terram</strong></span> <span class='ocrx_word' id='word_1_590' title='bbox 1103 4631 1266 4691; x_wconf 86' lang='lat' dir='ltr'><strong>nativitatis</strong></span> <span class='ocrx_word' id='word_1_591' title='bbox 1280 4649 1353 4702; x_wconf 76' lang='lat' dir='ltr'><strong>sue,</strong></span> <span class='ocrx_word' id='word_1_592' title='bbox 1367 4633 1398 4689; x_wconf 92' lang='lat' dir='ltr'><strong>id</strong></span> <span class='ocrx_word' id='word_1_593' title='bbox 1409 4636 1454 4689; x_wconf 89' lang='lat' dir='ltr'><strong>est</strong></span> <span class='ocrx_word' id='word_1_594' title='bbox 1467 4632 1498 4688; x_wconf 94' lang='lat' dir='ltr'><strong>in</strong></span> <span class='ocrx_word' id='word_1_595' title='bbox 1511 4631 1660 4701; x_wconf 86' lang='lat' dir='ltr'><strong>sueviam,</strong></span> <span class='ocrx_word' id='word_1_596' title='bbox 1674 4629 1813 4688; x_wconf 91' lang='lat' dir='ltr'><strong>transmi-</strong></span> 
     </span>
    </p>
   </div>
   <div class='ocr_carea' id='block_1_5' title="bbox 11 4717 1812 4794">
    <p class='ocr_par' dir='ltr' id='par_1_5' title="bbox 11 4717 1812 4794">
     <span class='ocr_line' id='line_1_48' title="bbox 11 4717 1812 4794; baseline -0.002 -16"><span class='ocrx_word' id='word_1_597' title='bbox 11 4747 13 4754; x_wconf 40' lang='lat' dir='ltr'>v</span> <span class='ocrx_word' id='word_1_598' title='bbox 94 4719 208 4778; x_wconf 86' lang='lat' dir='ltr'><strong>tionem</strong></span> <span class='ocrx_word' id='word_1_599' title='bbox 218 4719 284 4778; x_wconf 91' lang='lat' dir='ltr'><strong>dari</strong></span> <span class='ocrx_word' id='word_1_600' title='bbox 294 4719 352 4777; x_wconf 85' lang='lat' dir='ltr'><strong>sibi</strong></span> <span class='ocrx_word' id='word_1_601' title='bbox 361 4718 399 4776; x_wconf 96' lang='lat' dir='ltr'><strong>de</strong></span> <span class='ocrx_word' id='word_1_602' title='bbox 409 4717 757 4794; x_wconf 87' lang='lat' dir='ltr'><strong>reliquiisbeatipatroni</strong></span> <span class='ocrx_word' id='word_1_603' title='bbox 766 4718 928 4776; x_wconf 89' lang='lat' dir='ltr'><strong>nostribu-</strong></span> <span class='ocrx_word' id='word_1_604' title='bbox 981 4718 1027 4788; x_wconf 88' lang='lat' dir='ltr'><strong>sit,</strong></span> <span class='ocrx_word' id='word_1_605' title='bbox 1038 4717 1140 4792; x_wconf 87' lang='lat' dir='ltr'><strong>ibique</strong></span> <span class='ocrx_word' id='word_1_606' title='bbox 1154 4721 1322 4794; x_wconf 87' lang='lat' dir='ltr'><strong>quamdam</strong></span> <span class='ocrx_word' id='word_1_607' title='bbox 1337 4719 1494 4777; x_wconf 87' lang='lat' dir='ltr'><strong>eeclesiam</strong></span> <span class='ocrx_word' id='word_1_608' title='bbox 1514 4717 1705 4776; x_wconf 90' lang='lat' dir='ltr'><strong>inhonorem</strong></span> <span class='ocrx_word' id='word_1_609' title='bbox 1719 4719 1812 4792; x_wconf 89' lang='lat' dir='ltr'><strong>ipsius</strong></span> 
     </span>
    </p>
   </div>
   <div class='ocr_carea' id='block_1_6' title="bbox 12 4807 1815 5244">
    <p class='ocr_par' dir='ltr' id='par_1_6' title="bbox 12 4807 1815 5244">
     <span class='ocr_line' id='line_1_49' title="bbox 94 4807 1812 4884; baseline -0.001 -18"><span class='ocrx_word' id='word_1_610' title='bbox 94 4809 203 4868; x_wconf 90' lang='lat' dir='ltr'><strong>militer</strong></span> <span class='ocrx_word' id='word_1_611' title='bbox 216 4809 308 4884; x_wconf 90' lang='lat' dir='ltr'><strong>petiit,</strong></span> <span class='ocrx_word' id='word_1_612' title='bbox 321 4807 498 4884; x_wconf 88' lang='lat' dir='ltr'><strong>promittens</strong></span> <span class='ocrx_word' id='word_1_613' title='bbox 512 4823 543 4864; x_wconf 88' lang='lat' dir='ltr'><strong>se</strong></span> <span class='ocrx_word' id='word_1_614' title='bbox 559 4807 709 4866; x_wconf 83' lang='lat' dir='ltr'><strong>iacturum</strong></span> <span class='ocrx_word' id='word_1_615' title='bbox 724 4811 757 4866; x_wconf 91' lang='lat' dir='ltr'><strong>ut</strong></span> <span class='ocrx_word' id='word_1_616' title='bbox 784 4807 815 4864; x_wconf 90' lang='lat' dir='ltr'><strong>in</strong></span> <span class='ocrx_word' id='word_1_617' title='bbox 843 4807 927 4866; x_wconf 93' lang='lat' dir='ltr'><strong>omni</strong></span> <span class='ocrx_word' id='word_1_618' title='bbox 979 4808 1122 4866; x_wconf 90' lang='lat' dir='ltr'><strong>instituit:</strong></span> <span class='ocrx_word' id='word_1_619' title='bbox 1138 4810 1178 4867; x_wconf 95' lang='lat' dir='ltr'><strong>ad</strong></span> <span class='ocrx_word' id='word_1_620' title='bbox 1190 4825 1283 4884; x_wconf 89' lang='lat' dir='ltr'><strong>quam</strong></span> <span class='ocrx_word' id='word_1_621' title='bbox 1298 4826 1367 4867; x_wconf 90' lang='lat' dir='ltr'><strong>cum</strong></span> <span class='ocrx_word' id='word_1_622' title='bbox 1383 4807 1469 4866; x_wconf 90' lang='lat' dir='ltr'><strong>multi</strong></span> <span class='ocrx_word' id='word_1_623' title='bbox 1483 4807 1679 4880; x_wconf 88' lang='lat' dir='ltr'><strong>confluerent,</strong></span> <span class='ocrx_word' id='word_1_624' title='bbox 1700 4813 1729 4865; x_wconf 91' lang='lat' dir='ltr'><strong>et</strong></span> <span class='ocrx_word' id='word_1_625' title='bbox 1750 4824 1812 4866; x_wconf 90' lang='lat' dir='ltr'><strong>cer-</strong></span> 
     </span>
     <span class='ocr_line' id='line_1_50' title="bbox 94 4897 1812 4972; baseline 0 -16"><span class='ocrx_word' id='word_1_626' title='bbox 94 4898 217 4957; x_wconf 86' lang='lat' dir='ltr'><strong>dioeoesi</strong></span> <span class='ocrx_word' id='word_1_627' title='bbox 232 4915 288 4957; x_wconf 89' lang='lat' dir='ltr'><strong>sua</strong></span> <span class='ocrx_word' id='word_1_628' title='bbox 299 4897 424 4957; x_wconf 89' lang='lat' dir='ltr'><strong>celebris</strong></span> <span class='ocrx_word' id='word_1_629' title='bbox 435 4897 606 4969; x_wconf 86' lang='lat' dir='ltr'><strong>baberetur,</strong></span> <span class='ocrx_word' id='word_1_630' title='bbox 623 4900 653 4956; x_wconf 90' lang='lat' dir='ltr'><strong>et</strong></span> <span class='ocrx_word' id='word_1_631' title='bbox 666 4913 818 4972; x_wconf 78' lang='lat' dir='ltr'><strong>congruus</strong></span> <span class='ocrx_word' id='word_1_632' title='bbox 829 4897 927 4956; x_wconf 88' lang='lat' dir='ltr'><strong>honor</strong></span> <span class='ocrx_word' id='word_1_633' title='bbox 980 4897 1128 4957; x_wconf 90' lang='lat' dir='ltr'><strong>tissimam</strong></span> <span class='ocrx_word' id='word_1_634' title='bbox 1143 4897 1270 4956; x_wconf 88' lang='lat' dir='ltr'><strong>salutem</strong></span> <span class='ocrx_word' id='word_1_635' title='bbox 1286 4899 1396 4956; x_wconf 84' lang='lat' dir='ltr'><strong>animae</strong></span> <span class='ocrx_word' id='word_1_636' title='bbox 1408 4903 1437 4956; x_wconf 92' lang='lat' dir='ltr'><strong>et</strong></span> <span class='ocrx_word' id='word_1_637' title='bbox 1450 4897 1812 4972; x_wconf 86' lang='lat' dir='ltr'><strong>corporisrecuperarent,</strong></span> 
     </span>
     <span class='ocr_line' id='line_1_51' title="bbox 95 4985 1815 5061; baseline -0.001 -14"><span class='ocrx_word' id='word_1_638' title='bbox 95 4987 253 5047; x_wconf 80' lang='lat' dir='ltr'><strong>tantoviro</strong></span> <span class='ocrx_word' id='word_1_639' title='bbox 268 4987 471 5055; x_wconf 85' lang='lat' dir='ltr'><strong>exhiberetur;</strong></span> <span class='ocrx_word' id='word_1_640' title='bbox 493 4985 547 5042; x_wconf 89' lang='lat' dir='ltr'><strong>sed</strong></span> <span class='ocrx_word' id='word_1_641' title='bbox 569 4985 642 5060; x_wconf 90' lang='lat' dir='ltr'><strong>quia</strong></span> <span class='ocrx_word' id='word_1_642' title='bbox 662 4987 835 5061; x_wconf 86' lang='lat' dir='ltr'><strong>petitionem</strong></span> <span class='ocrx_word' id='word_1_643' title='bbox 862 4987 927 5060; x_wconf 77' lang='lat' dir='ltr'><strong>eius</strong></span> <span class='ocrx_word' id='word_1_644' title='bbox 981 4987 1105 5060; x_wconf 77' lang='lat' dir='ltr'><strong>contigit</strong></span> <span class='ocrx_word' id='word_1_645' title='bbox 1122 4991 1156 5044; x_wconf 92' lang='lat' dir='ltr'><strong>ut</strong></span> <span class='ocrx_word' id='word_1_646' title='bbox 1169 4987 1304 5061; x_wconf 87' lang='lat' dir='ltr'><strong>quadam</strong></span> <span class='ocrx_word' id='word_1_647' title='bbox 1323 4988 1371 5045; x_wconf 90' lang='lat' dir='ltr'><strong>die</strong></span> <span class='ocrx_word' id='word_1_648' title='bbox 1399 4986 1520 5045; x_wconf 90' lang='lat' dir='ltr'><strong>cuidam</strong></span> <span class='ocrx_word' id='word_1_649' title='bbox 1542 4987 1607 5043; x_wconf 84' lang='lat' dir='ltr'><strong>viro</strong></span> <span class='ocrx_word' id='word_1_650' title='bbox 1631 5003 1741 5045; x_wconf 91' lang='lat' dir='ltr'><strong>manus</strong></span> <span class='ocrx_word' id='word_1_651' title='bbox 1762 4988 1815 5045; x_wconf 92' lang='lat' dir='ltr'><strong>ab·</strong></span> 
     </span>
     <span class='ocr_line' id='line_1_52' title="bbox 12 5075 1815 5154; baseline 0.001 -20"><span class='ocrx_word' id='word_1_652' title='bbox 12 5147 14 5154; x_wconf 47' lang='lat'><strong>,</strong></span> <span class='ocrx_word' id='word_1_653' title='bbox 95 5082 219 5153; x_wconf 92' lang='lat' dir='ltr'><strong>propter</strong></span> <span class='ocrx_word' id='word_1_654' title='bbox 232 5077 402 5136; x_wconf 83' lang='lat' dir='ltr'><strong>absentiam</strong></span> <span class='ocrx_word' id='word_1_655' title='bbox 424 5075 553 5150; x_wconf 88' lang='lat' dir='ltr'><strong>pastoris</strong></span> <span class='ocrx_word' id='word_1_656' title='bbox 577 5075 672 5132; x_wconf 88' lang='lat' dir='ltr'><strong>nostri</strong></span> <span class='ocrx_word' id='word_1_657' title='bbox 693 5076 874 5147; x_wconf 87' lang='lat' dir='ltr'><strong>distulimus,</strong></span> <span class='ocrx_word' id='word_1_658' title='bbox 899 5080 928 5135; x_wconf 90' lang='lat' dir='ltr'><strong>et</strong></span> <span class='ocrx_word' id='word_1_659' title='bbox 982 5077 1177 5146; x_wconf 72' lang='lat' dir='ltr'><strong>scinderetur,</strong></span> <span class='ocrx_word' id='word_1_660' title='bbox 1194 5077 1271 5135; x_wconf 91' lang='lat' dir='ltr'><strong>adeo</strong></span> <span class='ocrx_word' id='word_1_661' title='bbox 1286 5081 1319 5136; x_wconf 92' lang='lat' dir='ltr'><strong>ut</strong></span> <span class='ocrx_word' id='word_1_662' title='bbox 1332 5093 1388 5136; x_wconf 92' lang='lat' dir='ltr'><strong>nec</strong></span> <span class='ocrx_word' id='word_1_663' title='bbox 1403 5077 1530 5134; x_wconf 89' lang='lat' dir='ltr'><strong>minima</strong></span> <span class='ocrx_word' id='word_1_664' title='bbox 1538 5076 1686 5150; x_wconf 87' lang='lat' dir='ltr'><strong>particula</strong></span> <span class='ocrx_word' id='word_1_665' title='bbox 1695 5077 1815 5152; x_wconf 87' lang='lat' dir='ltr'><strong>corpori</strong></span> 
     </span>
     <span class='ocr_line' id='line_1_53' title="bbox 95 5163 1814 5244; baseline 0.001 -19"><span class='ocrx_word' id='word_1_666' title='bbox 95 5172 173 5226; x_wconf 83' lang='lat' dir='ltr'><strong>tunc</strong></span> <span class='ocrx_word' id='word_1_667' title='bbox 199 5183 255 5227; x_wconf 82' lang='lat' dir='ltr'><strong>nce</strong></span> <span class='ocrx_word' id='word_1_668' title='bbox 286 5165 490 5227; x_wconf 74' lang='lat' dir='ltr'><strong>satisfacturos</strong></span> <span class='ocrx_word' id='word_1_669' title='bbox 527 5163 675 5223; x_wconf 86' lang='lat' dir='ltr'><strong>voluntati</strong></span> <span class='ocrx_word' id='word_1_670' title='bbox 715 5166 809 5244; x_wconf 74' lang='lat' dir='ltr'><strong>ipsius</strong></span> <span class='ocrx_word' id='word_1_671' title='bbox 844 5166 928 5244; x_wconf 85' lang='lat' dir='ltr'><strong>polli-</strong></span> <span class='ocrx_word' id='word_1_672' title='bbox 980 5169 1166 5242; x_wconf 79' lang='lat' dir='ltr'><strong>jungeretur.</strong></span> <span class='ocrx_word' id='word_1_673' title='bbox 1180 5165 1289 5225; x_wconf 84' lang='lat' dir='ltr'><strong>Videas</strong></span> <span class='ocrx_word' id='word_1_674' title='bbox 1303 5183 1375 5240; x_wconf 78' lang='lat' dir='ltr'><strong>ergo</strong></span> <span class='ocrx_word' id='word_1_675' title='bbox 1388 5181 1534 5225; x_wconf 89' lang='lat' dir='ltr'><strong>mancum</strong></span> <span class='ocrx_word' id='word_1_676' title='bbox 1556 5182 1588 5223; x_wconf 90' lang='lat' dir='ltr'><strong>se</strong></span> <span class='ocrx_word' id='word_1_677' title='bbox 1600 5182 1814 5237; x_wconf 70' lang='lat' dir='ltr'><strong>assemanum</strong></span> 
     </span>
    </p>
   </div>
   <div class='ocr_carea' id='block_1_7' title="bbox 13 5307 1815 5394">
    <p class='ocr_par' dir='ltr' id='par_1_7' title="bbox 13 5307 1815 5394">
     <span class='ocr_line' id='line_1_54' title="bbox 13 5307 1815 5394; baseline -0.002 -22"><span class='ocrx_word' id='word_1_678' title='bbox 13 5331 14 5336; x_wconf 49' lang='lat'>¹</span> <span class='ocrx_word' id='word_1_679' title='bbox 119 5311 191 5394; x_wconf 58' lang='lat' dir='ltr'><strong>tait)</strong></span> <span class='ocrx_word' id='word_1_680' title='bbox 206 5311 337 5370; x_wconf 76' lang='lat' dir='ltr'><strong>insuam</strong></span> <span class='ocrx_word' id='word_1_681' title='bbox 347 5307 771 5382; x_wconf 71' lang='lat' dir='ltr'><strong>marisiiatticimalletlegera</strong></span> <span class='ocrx_word' id='word_1_682' title='bbox 782 5311 930 5369; x_wconf 87' lang='lat' dir='ltr'><strong>tlenscbe-</strong></span> <span class='ocrx_word' id='word_1_683' title='bbox 984 5309 1042 5367; x_wconf 90' lang='lat' dir='ltr'><strong>tius</strong></span> <span class='ocrx_word' id='word_1_684' title='bbox 1062 5308 1111 5366; x_wconf 91' lang='lat' dir='ltr'><strong>hic</strong></span> <span class='ocrx_word' id='word_1_685' title='bbox 1136 5309 1288 5382; x_wconf 75' lang='lat' dir='ltr'><strong>designari</strong></span> <span class='ocrx_word' id='word_1_686' title='bbox 1310 5310 1426 5368; x_wconf 83' lang='lat' dir='ltr'><strong>videtur</strong></span> <span class='ocrx_word' id='word_1_687' title='bbox 1449 5324 1543 5382; x_wconf 86' lang='lat' dir='ltr'><strong>quam</strong></span> <span class='ocrx_word' id='word_1_688' title='bbox 1558 5309 1703 5367; x_wconf 70' lang='lat' dir='ltr'><strong>ilenmcus</strong></span> <span class='ocrx_word' id='word_1_689' title='bbox 1727 5311 1750 5367; x_wconf 91' lang='lat' dir='ltr'><strong>lt</strong></span> <span class='ocrx_word' id='word_1_690' title='bbox 1776 5309 1815 5368; x_wconf 92' lang='lat' dir='ltr'><strong>de</strong></span> 
     </span>
    </p>
   </div>
   <div class='ocr_carea' id='block_1_8' title="bbox 13 5380 1816 5524">
    <p class='ocr_par' dir='ltr' id='par_1_8' title="bbox 13 5380 1816 5524">
     <span class='ocr_line' id='line_1_55' title="bbox 13 5380 1814 5454; baseline -0.002 -13"><span class='ocrx_word' id='word_1_691' title='bbox 13 5393 15 5400; x_wconf 80' lang='grc'><strong>“</strong></span> <span class='ocrx_word' id='word_1_692' title='bbox 94 5399 165 5441; x_wconf 81' lang='lat' dir='ltr'><strong>nius</strong></span> <span class='ocrx_word' id='word_1_693' title='bbox 180 5381 388 5441; x_wconf 79' lang='lat' dir='ltr'><strong>verosimiliter</strong></span> <span class='ocrx_word' id='word_1_694' title='bbox 401 5381 542 5454; x_wconf 76' lang='lat' dir='ltr'><strong>Rugiam,</strong></span> <span class='ocrx_word' id='word_1_695' title='bbox 567 5385 714 5438; x_wconf 88' lang='lat' dir='ltr'><strong>terrarum</strong></span> <span class='ocrx_word' id='word_1_696' title='bbox 728 5395 748 5438; x_wconf 91' lang='lat' dir='ltr'><strong>a</strong></span> <span class='ocrx_word' id='word_1_697' title='bbox 762 5381 857 5440; x_wconf 85' lang='lat' dir='ltr'><strong>Salvis</strong></span> <span class='ocrx_word' id='word_1_698' title='bbox 879 5381 929 5440; x_wconf 86' lang='lat' dir='ltr'><strong>da·</strong></span> <span class='ocrx_word' id='word_1_699' title='bbox 983 5380 1197 5453; x_wconf 80' lang='lat' dir='ltr'><strong>Wirnamberg</strong></span> <span class='ocrx_word' id='word_1_700' title='bbox 1209 5397 1290 5440; x_wconf 90' lang='lat' dir='ltr'><strong>anno</strong></span> <span class='ocrx_word' id='word_1_701' title='bbox 1307 5387 1375 5440; x_wconf 75' lang='lat'>¹³06</span> <span class='ocrx_word' id='word_1_702' title='bbox 1389 5381 1554 5439; x_wconf 87' lang='lat' dir='ltr'><strong>ordinatus.</strong></span> <span class='ocrx_word' id='word_1_703' title='bbox 1578 5381 1665 5448; x_wconf 85' lang='lat' dir='ltr'><strong>Quod</strong></span> <span class='ocrx_word' id='word_1_704' title='bbox 1685 5381 1814 5439; x_wconf 88' lang='lat' dir='ltr'><strong>miracu·</strong></span> 
     </span>
     <span class='ocr_line' id='line_1_56' title="bbox 13 5450 1816 5524; baseline 0.002 -16"><span class='ocrx_word' id='word_1_705' title='bbox 13 5501 14 5508; x_wconf 71' lang='grc'>,</span> <span class='ocrx_word' id='word_1_706' title='bbox 95 5459 249 5514; x_wconf 86' lang='lat' dir='ltr'><strong>tantarum</strong></span> <span class='ocrx_word' id='word_1_707' title='bbox 262 5453 410 5512; x_wconf 90' lang='lat' dir='ltr'><strong>ultimam.</strong></span> <span class='ocrx_word' id='word_1_708' title='bbox 982 5451 1047 5510; x_wconf 91' lang='lat' dir='ltr'><strong>lum</strong></span> <span class='ocrx_word' id='word_1_709' title='bbox 1069 5450 1148 5510; x_wconf 85' lang='lat' dir='ltr'><strong>inira</strong></span> <span class='ocrx_word' id='word_1_710' title='bbox 1164 5469 1250 5511; x_wconf 90' lang='lat' dir='ltr'><strong>num.</strong></span> <span class='ocrx_word' id='word_1_711' title='bbox 1280 5457 1309 5510; x_wconf 79' lang='lat' dir='ltr'><strong>et</strong></span> <span class='ocrx_word' id='word_1_712' title='bbox 1340 5453 1477 5524; x_wconf 88' lang='lat' dir='ltr'><strong>relatum,</strong></span> <span class='ocrx_word' id='word_1_713' title='bbox 1503 5451 1622 5512; x_wconf 74' lang='lat' dir='ltr'><strong>cesarii</strong></span> <span class='ocrx_word' id='word_1_714' title='bbox 1650 5453 1816 5512; x_wconf 85' lang='lat' dir='ltr'><strong>lleisterba-</strong></span> 
     </span>
    </p>
   </div>
   <div class='ocr_carea' id='block_1_9' title="bbox 161 5522 1426 5669">
    <p class='ocr_par' dir='ltr' id='par_1_9' title="bbox 161 5522 1426 5669">
     <span class='ocr_line' id='line_1_57' title="bbox 161 5522 1426 5600; baseline -0.002 -15"><span class='ocrx_word' id='word_1_715' title='bbox 161 5531 189 5596; x_wconf 80' lang='lat'><strong>7)</strong></span> <span class='ocrx_word' id='word_1_716' title='bbox 203 5525 347 5586; x_wconf 77' lang='lat' dir='ltr'><strong>Henricus</strong></span> <span class='ocrx_word' id='word_1_717' title='bbox 362 5527 374 5584; x_wconf 92' lang='lat' dir='ltr'><strong>l</strong></span> <span class='ocrx_word' id='word_1_718' title='bbox 392 5539 494 5585; x_wconf 80' lang='lat' dir='ltr'><strong>comes</strong></span> <span class='ocrx_word' id='word_1_719' title='bbox 507 5523 546 5581; x_wconf 88' lang='lat' dir='ltr'><strong>de</strong></span> <span class='ocrx_word' id='word_1_720' title='bbox 560 5522 729 5582; x_wconf 81' lang='lat' dir='ltr'><strong>ltolcnarch</strong></span> <span class='ocrx_word' id='word_1_721' title='bbox 747 5527 851 5581; x_wconf 88' lang='lat' dir='ltr'><strong>sancto</strong></span> <span class='ocrx_word' id='word_1_722' title='bbox 875 5525 930 5582; x_wconf 80' lang='lat' dir='ltr'><strong>En·</strong></span> <span class='ocrx_word' id='word_1_723' title='bbox 984 5524 1103 5584; x_wconf 85' lang='lat' dir='ltr'><strong>ohansis</strong></span> <span class='ocrx_word' id='word_1_724' title='bbox 1114 5529 1201 5584; x_wconf 80' lang='lat' dir='ltr'><strong>catate</strong></span> <span class='ocrx_word' id='word_1_725' title='bbox 1213 5529 1366 5600; x_wconf 88' lang='lat' dir='ltr'><strong>patratum</strong></span> <span class='ocrx_word' id='word_1_726' title='bbox 1380 5525 1426 5583; x_wconf 87' lang='lat' dir='ltr'><strong>sit.</strong></span> 
     </span>
     <span class='ocr_line' id='line_1_58' title="bbox 245 5594 929 5669; baseline -0.013 -9"><span class='ocrx_word' id='word_1_727' title='bbox 245 5594 620 5660; x_wconf 62' lang='lat' dir='ltr'><strong>memoratam</strong></span> <span class='ocrx_word' id='word_1_728' title='bbox 638 5594 929 5669; x_wconf 78' lang='lat' dir='ltr'><strong>maostt,qnipc-</strong></span> 
     </span>
    </p>
   </div>
   <div class='ocr_carea' id='block_1_10' title="bbox 243 5685 1671 5746">
    <p class='ocr_par' dir='ltr' id='par_1_10' title="bbox 243 5685 1671 5746">
     <span class='ocr_line' id='line_1_59' title="bbox 243 5685 1671 5746; baseline -0.002 0"><span class='ocrx_word' id='word_1_729' title='bbox 243 5685 367 5746; x_wconf 63' lang='grc' dir='ltr'><strong>ΡΜ</strong></span> <span class='ocrx_word' id='word_1_730' title='bbox 387 5686 476 5746; x_wconf 81' lang='lat' dir='ltr'><strong>extr.</strong></span> <span class='ocrx_word' id='word_1_731' title='bbox 1637 5689 1671 5744; x_wconf 71' lang='lat'><strong>2⁹</strong></span> 
     </span>
    </p>
   </div>
   <div class='ocr_carea' id='block_1_11' title="bbox 0 0 2002 6178">
    <p class='ocr_par' dir='ltr' id='par_1_11' title="bbox 0 0 2002 6178">
     <span class='ocr_line' id='line_1_60' title="bbox 0 0 2002 6178; baseline 0 0"><span class='ocrx_word' id='word_1_732' title='bbox 0 0 2002 6178; x_wconf 95' lang='lat' dir='ltr'><strong> </strong></span> 
     </span>
    </p>
   </div>
  </div>
 </body>
</html>
