3996 6178
31 139 91 194 rua
451 127 476 138 “’
643 138 819 200 sersaonn
838 135 1115 201 arrianorum.
1561 117 1566 129 “
1665 147 1735 208 ttae

27 261 211 329 conveniant,
225 265 376 338 quatenus
390 268 511 323 auctore
524 267 584 323 beo
593 270 674 324 recto
689 265 848 340 utrobique
863 269 887 322 h
906 281 973 322 rum
983 271 1012 324 et
1026 266 1202 325 clericorum
1216 270 1400 338 nostrorum,
1413 267 1517 328 aedem
1531 271 1735 348 episcopatem

25 351 121 425 possis
135 367 200 408 esse
213 352 405 425 conspicuus.
906 353 943 410 de
958 355 1022 411 Ziza
1036 356 1066 412 in
1081 358 1257 429 Nnemburg
1271 358 1433 416 hansierre
1455 359 1670 420 concessimus.
1694 368 1736 422 tta

59 443 158 512 ltaque
172 440 234 498 vita
248 445 300 498 tua
313 439 382 498 filiis
395 441 453 500 tuis
473 442 511 499 sit
524 443 629 514 regula
643 461 650 514 ;
669 444 700 502 in
722 445 801 517 ipsa,
827 442 852 498 si
905 459 986 501 nunc
1000 458 1122 520 quoque
1135 448 1188 505 ttbi
1201 447 1568 522 praesentioumclerotuo
1583 453 1611 506 et
1624 450 1738 522 dignio-

24 545 83 602 qua
93 529 234 586 tortitudo
249 529 307 586 illis
321 529 431 602 injecta
444 535 500 600 est,
515 532 656 604 dirigant,
681 533 712 590 in
727 549 763 590 ea
777 533 851 607 quid
904 533 988 591 ribus
999 535 1037 591 de
1049 537 1163 609 populo
1184 541 1212 595 et
1238 538 1351 596 nunbis
1374 537 1509 612 praedicti
1532 537 1736 612 imperatoris,

24 618 172 675 imitentur
194 618 350 692 aspiciant,
378 619 409 676 in
439 621 505 695 ipsa
529 637 560 677 se
580 637 699 696 semper
713 623 851 680 conside·
905 627 934 679 et
948 623 1166 699 archicpiscopi
1187 626 1312 685 consilio
1337 625 1514 684 eorumdem
1539 627 1738 702 archiepisco·

23 707 119 765 raudo
134 707 302 782 proficiant,
327 713 361 766 ut
378 710 463 767 tuum
490 716 559 786 post
584 715 687 782 beum,
715 711 852 769 videatur
904 728 1015 786 porum
1030 714 1737 792 etclericorumnostrorumtantumprobamns,

24 798 217 855 essebonum
231 799 333 872 quoad
347 799 483 857 vixerint.
502 802 558 857 Cor
572 817 644 874 crgo
663 817 761 876 neque
785 817 853 876 pro·
905 806 935 858 et
948 805 1011 859 tam
1026 801 1080 859 tihi
1093 818 1188 876 quam
1203 805 1344 862 omnihus
1359 805 1584 863 successoribus
1599 805 1658 863 tuis
1673 822 1739 880 per·

24 903 112 962 spera
131 903 200 961 quae
222 889 423 962 temporaliter
446 889 653 958 blandiuntur,
680 907 778 966 neque
798 891 852 948 ad·
905 895 997 964 petua
1012 891 1171 950 stabilitate
1186 892 1414 952 confirmamus.
1430 894 1515 962 Quod
1530 895 1611 953 enim
1631 911 1737 954 secun·

22 993 109 1034 versa
124 977 272 1049 dejiciant,
289 978 342 1035 sed
356 979 505 1053 quidquid
523 977 597 1037 illud
621 981 718 1051 fuerit,
745 981 852 1038 virtute
906 980 980 1037 dnm
995 995 1128 1038 canones
1143 995 1199 1055 pro
1214 983 1388 1040 necessitate
1403 999 1482 1058 saepe
1504 983 1619 1042 iactum
1644 985 1736 1044 inisse

21 1067 170 1140 patientia
184 1068 330 1126 vincatur.
905 1068 1043 1140 legimus,
1073 1071 1183 1127 nostris
1213 1085 1334 1146 quoque
1365 1071 1550 1145 temporibus
1578 1072 1644 1130 fieri
1673 1090 1737 1132 non

59 1157 136 1212 tram
149 1157 262 1229 judicio
274 1157 401 1227 refrena,
417 1163 446 1217 et
459 1175 602 1217 mensura
621 1159 786 1234 disciplima
810 1160 853 1218 sic
906 1158 1113 1232 prohibemns.
1128 1159 1278 1228 Quoniam
1290 1161 1380 1232 igitur
1392 1161 1547 1234 canonice,
1562 1164 1591 1218 et
1604 1177 1739 1220 commu·

24 1250 104 1302 utere
118 1249 151 1301 ut
164 1249 193 1302 et
204 1245 309 1320 culpas
319 1246 420 1318 terias,
439 1253 468 1305 et
491 1265 510 1305 a
530 1248 687 1306 dilectione
709 1265 853 1322 persona·
905 1247 937 1305 ni
951 1261 1102 1305 consensu
1114 1249 1252 1306 omniurn
1267 1247 1307 1305 ad
1320 1264 1399 1322 quos
1415 1246 1569 1317 attinebat,
1585 1250 1666 1306 sedis
1680 1256 1737 1308 tuae

23 1351 93 1390 rum
106 1351 181 1408 quas
195 1335 318 1406 corrigis
333 1351 395 1394 non
410 1337 543 1395 recedas.
571 1337 790 1396 misericordem
813 1342 851 1408 te,
906 1337 1060 1395 translatio
1080 1338 1159 1396 lacta
1180 1343 1233 1408 est,
1257 1338 1373 1412 absque
1399 1338 1483 1395 omni
1506 1339 1739 1397 contradictione

24 1428 113 1495 prout
127 1424 219 1481 virtus
228 1425 350 1500 patitur,
366 1427 553 1501 pauperibus
569 1427 686 1498 exhibe,
702 1427 853 1502 oppressis
906 1427 1039 1485 universi
1052 1443 1241 1486 successores
1253 1428 1327 1486 tuia
1342 1427 1582 1500 Nuemhurgensi
1597 1427 1687 1497 clero,
1710 1431 1740 1485 et

23 1511 159 1571 defensio
185 1519 237 1572 tna
265 1515 435 1582 subveniat,
455 1517 695 1592 opprimentibus
717 1516 854 1575 modesta
905 1517 1020 1592 populo
1038 1516 1197 1592 eligantur,
1213 1523 1304 1592 atque
1319 1517 1357 1576 ad
1371 1517 1514 1575 cumdem
1526 1517 1646 1575 titulum
1654 1533 1741 1590 regu-

22 1603 166 1660 correctio
181 1604 374 1662 contradicat.
391 1605 504 1664 Nullius
518 1605 626 1664 taciem
647 1611 750 1665 contra
767 1607 853 1678 justi·
868 1623 889 1682 g
906 1606 1006 1665 laritcr
1019 1613 1241 1676 consecrentur,
1257 1611 1286 1665 et
1309 1606 1618 1678 llagdebnrgensihus
1641 1607 1740 1665 archi-

21 1692 96 1748 tiam
109 1693 248 1768 accipies,
263 1694 381 1751 nullum
394 1699 578 1769 quaerentem
590 1697 672 1768 J'usta
692 1697 852 1771 despicias.
908 1697 1067 1772 episcopis,
1082 1711 1214 1772 quornm
1229 1695 1384 1754 dioecesim
1400 1695 1555 1754 translatio
1568 1711 1630 1754 non
1656 1713 1741 1754 exce-

20 1782 165 1840 Custodia
180 1784 212 1840 in
232 1787 260 1840 te
275 1785 423 1858 requitatis
443 1785 577 1854 excellat,
603 1790 635 1843 ut
654 1801 710 1844 ncc
731 1786 854 1843 divitem
908 1787 960 1858 dit,
974 1791 1077 1861 utpote
1090 1785 1327 1860 metropolitanis
1342 1786 1404 1842 suis
1419 1784 1501 1842 omni
1515 1785 1635 1859 pietatis
1649 1786 1742 1844 davo«

17 1871 158 1944 potentia
171 1888 227 1928 sua
240 1873 354 1947 aliquid
368 1875 451 1950 apud
465 1890 520 1932 vos
536 1879 619 1933 extra
634 1876 715 1932 mam
729 1875 855 1932 suadeat
908 1877 986 1932 tione
999 1875 1057 1932 sint
1072 1875 1209 1947 subjecti.
1226 1877 1286 1932 lloc
1299 1889 1421 1948 quoque
1434 1875 1659 1933 communicato
1671 1889 1741 1932 con-

15 1960 150 2018 rationis
165 1961 285 2031 audire;
308 1977 363 2020 nec
386 1979 552 2039 pauperem
576 1964 614 2021 de
638 1981 669 2021 se
690 1981 746 2022 sua
766 1964 855 2022 iaciat
908 1964 973 2022 cilio
1001 1965 1099 2040 placet
1127 1965 1249 2035 addere,
1272 1964 1356 2039 quod
1378 1962 1508 2022 Ecclesia
1534 1963 1687 2022 Citicensis
1706 1964 1741 2024 in

14 2050 178 2108 humilitas
191 2052 362 2126 desperare,
378 2057 527 2127 quatenus
540 2057 600 2111 beo
613 2054 773 2112 miserante
787 2053 854 2112 talis
906 2055 1053 2112 honorem
1082 2053 1241 2112 beatorum
1268 2053 1475 2128 apostolorum
1499 2053 1574 2110 Petri
1602 2057 1632 2110 et
1657 2053 1742 2112 Pauli

13 2139 122 2212 possis
137 2140 262 2196 existere
282 2141 404 2215 qualem
429 2157 515 2199 sacra
536 2139 623 2199 lectio
643 2143 788 2217 precipit,
809 2143 854 2202 di·
907 2147 1083 2201 consecrata
1097 2159 1159 2201 non
1175 2141 1361 2201 omnimodis
1374 2143 1553 2215 negligatur,
1568 2141 1743 2214 sedinloco

15 2241 93 2282 cens
112 2244 118 2281 :
140 2228 262 2298 Oportet
283 2231 452 2302 marorum
474 2233 766 2302 irreprebensibilem
784 2249 854 2291 csse.
908 2233 1085 2290 clericorum
1107 2233 1139 2289 in
1165 2231 1339 2304 Nuemhurg
1358 2229 1576 2289 transeuntium
1599 2231 1743 2289 monachi

17 2315 78 2372 Sed
95 2315 129 2372 in
142 2315 188 2372 his
201 2317 343 2374 omnibus
359 2317 402 2374 uti
417 2317 577 2377 salubriter
597 2322 719 2396 poteris,
744 2323 768 2378 si
790 2337 856 2380 ma-
908 2322 956 2378 vel
969 2320 1106 2380 canonici
1121 2322 1349 2388 substituantur,
1364 2319 1417 2394 qui
1431 2319 1577 2390 integrius
1588 2318 1743 2394 stipendiis

16 2404 149 2474 gistrum
172 2405 347 2464 charitatem
366 2407 525 2476 hahueris;
550 2425 645 2482 quam
670 2411 722 2483 qui
737 2415 857 2468 secatus
910 2411 1047 2483 ejusdem
1062 2410 1194 2468 ecclesia
1207 2410 1282 2467 inibi
1297 2413 1357 2467 beo
1372 2407 1513 2479 serviant,
1528 2411 1557 2465 et
1571 2409 1648 2465 sicut
1659 2407 1743 2482 pacis

16 2493 121 2563 suerit,
137 2509 156 2550 a
170 2498 250 2552 recto
262 2495 427 2570 aliquando
442 2499 559 2554 tramite
570 2513 632 2555 non
647 2499 767 2556 recedit.
910 2499 962 2557 filii
977 2501 1065 2557 matri
1080 2517 1140 2556 snae
1153 2499 1393 2570 ltuemburgensi
1409 2497 1544 2555 Ecclesiae
1565 2497 1596 2554 in
1616 2497 1742 2555 Domino

53 2585 145 2652 Ecce,
160 2583 250 2642 frater
259 2585 446 2656 charissime,
460 2587 537 2644 inter
549 2587 644 2646 multa
656 2588 778 2646 aliaista
789 2593 859 2646 sunt
911 2605 1030 2663 semper
1043 2589 1150 2646 devote
1165 2588 1318 2646 obediant.
1335 2587 1364 2646 Si
1376 2587 1446 2662 quis
1459 2590 1571 2654 autem,
1590 2586 1674 2660 quod
1689 2585 1744 2643 mi-

17 2671 196 2744 sacerdotii,
212 2675 268 2731 iste
283 2679 354 2733 sunt
367 2673 459 2750 pallii,
486 2681 515 2734 at
535 2677 747 2751 praedictarum
770 2678 860 2736 virtu·
909 2679 992 2736 nime
1012 2679 1174 2748 credimus,
1201 2677 1360 2736 temeraria
1381 2675 1617 2751 presumptione
1641 2679 1746 2734 contra

16 2770 85 2820 tum
108 2779 196 2837 :quae
215 2764 240 2820 si
254 2764 387 2822 studiose
402 2767 575 2835 servaveris,
591 2767 675 2841 quod
688 2768 759 2824 ioris
773 2785 859 2825 acce·
911 2769 969 2825 hoc
984 2771 1120 2825 nostrum
1133 2767 1332 2842 apostolicum
1346 2765 1536 2840 privilegium
1561 2765 1670 2834 venire,
1694 2767 1747 2822 aut

15 2854 106 2926 pisse
121 2852 297 2924 ostenderis,
324 2855 404 2912 intus
432 2855 571 2913 habebis.
599 2859 709 2915 Sancta
733 2859 858 2916 Trinitas
911 2859 942 2916 in
958 2858 1059 2932 aliquo
1074 2859 1221 2916 contraire
1234 2855 1472 2932 praesumpserit,
1486 2871 1540 2912 sen
1552 2854 1679 2914 violator
1698 2869 1747 2912 ex·

15 2941 242 3000 fraternitatem
271 2947 355 3000 tuam
382 2944 484 3014 gratiae
510 2961 572 3001 suae
599 2945 783 3020 protectione
805 2947 895 3036 cir-0
913 2948 1027 3016 stiterit,
1058 2948 1132 3006 sciat
1155 2963 1196 3020 se,
1224 2947 1398 3005 auctoritate
1419 2944 1470 3003 bei
1491 2941 1706 3018 omnipotentis
1718 2947 1748 3002 et

16 3029 166 3100 cumdet;
184 3035 274 3104 atque
289 3030 319 3088 in
334 3032 451 3090 timoris
472 3033 518 3089 sui
531 3032 612 3091 viam
627 3049 683 3091 nos
695 3035 814 3108 dirigat,
829 3041 860 3093 ut
914 3037 993 3096 beati
1007 3037 1213 3112 apostolorum
1228 3036 1373 3111 principis
1388 3036 1474 3104 Petri,
1490 3051 1526 3093 ac
1549 3039 1653 3093 nostra
1676 3049 1748 3092 ana·

16 3126 93 3193 post
103 3120 170 3176 vitre
185 3121 277 3194 hujus
293 3121 536 3193 amaritudinem,
559 3123 599 3180 ad
613 3128 756 3182 aeternam
771 3124 861 3183 simul
913 3127 1053 3184 thematis
1067 3126 1187 3184 vinculo
1202 3142 1267 3184 csse
1281 3125 1472 3198 innodatum,
1497 3128 1526 3181 et
1549 3140 1567 3182 a
1585 3137 1680 3196 ragno
1696 3123 1749 3180 bei

16 3210 183 3285 pervenire
196 3209 389 3268 dulcedinem
402 3226 584 3270 mereamur.
916 3216 1059 3285 alienum,
1074 3220 1165 3291 atque
1179 3231 1247 3272 cum
1262 3213 1340 3272 tuda
1354 3213 1496 3272 traditore
1517 3212 1637 3270 bomini
1652 3211 1750 3269 nostri

56 3299 214 3373 Scriptum
228 3316 283 3373 por
295 3316 405 3358 manus
419 3301 512 3372 Sergii
530 3304 638 3360 notarii
651 3303 812 3374 regionarii
833 3308 862 3363 ct
914 3309 983 3363 lesu
998 3305 1104 3365 Christi
1117 3305 1233 3362 socium
1249 3305 1384 3362 intutum
1397 3301 1526 3372 inferno,
1545 3300 1751 3360 excommuni-

17 3388 174 3447 scriniarii
188 3393 300 3447 sanctae
314 3393 456 3449 Romanae
469 3391 617 3462 Ecclesia,
635 3407 738 3451 mense
750 3394 861 3452 lanua·
916 3395 1085 3470 rationique
1101 3395 1268 3468 subjaceat,
1289 3394 1387 3452 donec
1414 3393 1592 3468 resipiscens
1618 3389 1659 3450 ad
1682 3389 1751 3448 sati·

16 3480 77 3554 rio,
97 3477 261 3536 indictione
273 3479 379 3554 quinta
392 3480 521 3539 decima.
916 3486 1092 3543 abactionem
1117 3489 1146 3542 et
1167 3499 1334 3557 congruam
1356 3482 1600 3541 emendationem
1621 3484 1751 3540 reverta·

413 3560 503 3630 Etll.v
916 3580 972 3633 tur.
999 3575 1055 3643 Qui
1083 3589 1154 3632 vero
1182 3591 1238 3632 suo
1266 3573 1373 3631 iutuitu
1397 3577 1516 3631 curator
1534 3577 1563 3630 et
1576 3572 1751 3630 observator-

15 3663 163 3718 Jonnnes
189 3659 264 3718 XiX
279 3661 376 3720 sedem
401 3663 597 3733 epbcoputent
625 3665 696 3721 Cizo
719 3665 861 3722 Narbon·
915 3665 1007 3738 hnjus
1020 3663 1114 3723 nostri
1133 3662 1291 3739 apostolici
1314 3663 1462 3737 privilegii
1485 3662 1637 3732 exstiterit,
1662 3661 1752 3720 bene·

54 3767 139 3825 qum
167 3753 348 3810 translatum
374 3759 483 3825 rogatu
510 3753 697 3812 Hitdirenrdi
733 3755 863 3824 episcopi
916 3753 1055 3811 dictionis
1081 3753 1220 3826 gratiam,
1244 3753 1400 3826 vitamque
1425 3757 1579 3820 aternam,
1604 3756 1633 3808 et
1650 3750 1753 3808 aeterni

56 3841 235 3910 confirmat.
916 3843 1001 3911 regni
1030 3841 1142 3913 gaudia
1164 3858 1184 3900 a
1207 3841 1335 3898 homino
1363 3839 1517 3913 percipere
1543 3841 1694 3895 mereatur
1720 3837 1752 3893 iu

351 3929 450 4003 (Anno
465 3931 554 4004 teat).
918 3931 1027 3989 secula
1042 3930 1234 3988 seculorum.
1249 3932 1357 3987 Amen.

156 4019 265 4092 [birsa
282 4021 409 4089 conat,
423 4025 498 4078 tom.
513 4023 577 4093 lllll,
594 4020 650 4079 col.
663 4023 736 4094 tall.
1305 4021 1358 4076 xx.

54 4111 189 4168 ioannes
203 4109 376 4184 episcopus,
393 4125 497 4167 servus
511 4125 665 4168 servorum
681 4109 741 4179 bei,
756 4109 863 4170 dilecto
918 4111 1057 4182 Epistola
1069 4107 1196 4168 loannis
1211 4107 1289 4164 XIX
1297 4122 1356 4178 pro
1375 4103 1556 4164 monasterio
1577 4103 1608 4163 S.
1624 4103 1752 4165 donanis

16 4200 51 4256 in
67 4199 191 4258 Christo
203 4198 264 4256 lilio
278 4201 463 4258 Hrnnrwanno
478 4205 589 4258 sanctae
609 4200 864 4272 Nuemhurgensis
1246 4197 1428 4269 Angertoco.

17 4289 170 4348 Ecclesiae
181 4288 334 4363 episcopo,
347 4293 376 4347 et
390 4289 534 4348 omnihus
556 4289 781 4348 successoribus
806 4289 865 4347 tuis
1186 4288 1286 4360 (Anno
1311 4285 1483 4361 tortiora).

14 4383 211 4454 perpetuam
223 4378 255 4435 in
269 4379 397 4436 Domino
414 4377 551 4436 saluam.
878 4349 900 4404 ὓ
928 4410 935 4418 -
1039 4377 1155 4454 [Gallia
1167 4377 1356 4449 Cbristiunu,
1371 4379 1444 4433 tom.
1460 4379 1493 4446 tt,
1507 4391 1537 4450 p.
1554 4377 1629 4450 seo).

57 4468 214 4528 Convenit
240 4468 405 4543 apostolico
428 4467 627 4527 moderamini
646 4469 698 4544 pia
723 4468 864 4540 religione
954 4470 1077 4525 totenes
1092 4467 1264 4541 episcopua,
1281 4479 1386 4523 servus
1403 4478 1562 4522 servorum
1585 4464 1645 4532 bei,
1669 4462 1753 4521 urhis

13 4555 205 4634 petentibus
221 4556 369 4615 benevola
393 4559 602 4633 cooperatione
620 4572 803 4627 succurrere,
830 4572 866 4615 ac
920 4559 1022 4614 llomae
1036 4555 1166 4614 vicarius
1179 4551 1338 4614 beatorum
1351 4553 1426 4611 Petri
1451 4557 1480 4610 et
1500 4552 1582 4610 Pauli
1605 4548 1755 4624 apostolo-

13 4646 226 4726 poscentium
244 4647 354 4704 animis
368 4648 459 4706 alacri
478 4648 637 4706 devotione
661 4647 807 4724 impertiri
821 4663 867 4705 as·
920 4661 999 4718 rum,
1015 4645 1158 4702 omnibns
1171 4644 1405 4720 archiepiscopis
1420 4647 1449 4700 et
1472 4639 1623 4716 episcopis
1644 4637 1754 4698 Gallie·

13 4753 170 4798 sensum.
185 4739 228 4794 Ex
240 4737 299 4795 hoc
311 4737 392 4796 anim
413 4737 487 4795 lucri
501 4737 692 4813 potissimum
707 4737 867 4813 praemium
920 4751 989 4793 rum
1014 4735 1205 4810 degentibus,
1232 4752 1302 4794 cum
1330 4731 1482 4791 Wrsssnuo
1509 4729 1649 4802 religioso
1677 4727 1756 4786 duce

13 4846 34 4886 a
52 4825 222 4884 conditore
236 4825 374 4883 omnium
388 4827 449 4884 Deo
472 4826 578 4901 procul
596 4825 693 4885 dubio
717 4841 867 4901 promere·
922 4825 1152 4900 Aquitanorum,
1167 4831 1196 4885 et
1210 4828 1356 4886 Gosrnnoo
1377 4823 1486 4882 comite
1510 4819 1690 4892 Engolismce
1716 4819 1757 4877 cir

13 4934 111 4985 mur,
129 4915 157 4971 si
170 4915 355 4973 venerabilia
366 4915 433 4974 loca
446 4921 615 4990 opportune
633 4916 772 4974 ordinata
786 4919 814 4974 et
828 4915 868 4973 ad
921 4914 1019 4972 vitatis
1035 4913 1233 4972 commoranti
1247 4931 1255 4982 3
1280 4928 1335 4970 uec
1356 4927 1419 4969 non
1433 4913 1502 4967 Enni
1525 4907 1632 4966 comite
1658 4901 1756 4965 Petra·

13 5007 191 5066 meliorem
203 5021 258 5079 per
268 5004 448 5088 vos-fuerint
471 5009 582 5062 statum
604 5005 760 5079 perducta.
789 5005 869 5064 Siout
922 5004 1030 5077 goricee
1058 5004 1143 5062 urbis
1170 5001 1301 5074 degenti,
1326 4999 1477 5074 simulque
1514 4996 1582 5055 filiis
1622 4995 1758 5068 lingonis

13 5113 116 5170 erg0,
135 5094 311 5152 charissime
323 5093 376 5165 fili,
390 5094 442 5152 tihi
459 5093 576 5152 absenti
589 5099 696 5165 rogatu
708 5094 762 5152 fibi
773 5095 869 5154 nostri
922 5099 1020 5152 castro
1035 5092 1188 5150 beriniaco
1200 5089 1407 5149 habitantibus
1421 5107 1428 5160 ;
1448 5089 1579 5161 itemque
1603 5087 1755 5144 Wrnumuo

13 5183 281 5248 Christianissimi
296 5183 486 5260 imperatoris
502 5181 643 5256 conradi,
667 5187 697 5240 et
712 5184 868 5243 confratris
922 5183 960 5240 dc
974 5180 1159 5254 Paterniaco‚
1175 5178 1275 5236 etalio
1287 5181 1439 5236 Wrnnacnu
1454 5178 1492 5236 de
1503 5175 1688 5248 talamonte,
1700 5189 1756 5249 pa*

13 5275 129 5336 nostri
145 5274 286 5334 lluniredi
300 5273 563 5347 uagdehmgensts
577 5272 869 5347 archiepiscopium
922 5272 992 5329 riter
1016 5283 1085 5327 cum
1103 5270 1255 5326 Wrnunmro
1280 5265 1454 5324 mcecomite
1480 5263 1543 5322 fibo
1566 5263 1690 5324 Kolonis
1718 5261 1756 5320 de

13 5383 91 5428 uon
111 5363 233 5421 illorum
255 5364 309 5438 qui
328 5363 532 5421 haereditatem
552 5377 640 5422 suam
652 5362 785 5420 ecclesia
799 5380 869 5421 con·
923 5356 1184 5432 castello-oniaco,
1209 5358 1345 5416 Arusnrco
1374 5353 1412 5413 de
1435 5351 1614 5426 Taleburgo,
1629 5355 1756 5410 wincm-

13 5457 179 5525 ulerunt,
197 5452 336 5510 videlicet
359 5451 522 5510 Hermanui
548 5449 743 5521 marchionis,
764 5455 871 5524 etger·
923 5447 1351 5520 nodesmgcritsetmacno,
1364 5441 1754 5518 omnibusquesenioribus,

13 5541 179 5606 nanisui
192 5539 363 5611 Eklsihardi,
388 5547 417 5600 ct
439 5539 571 5598 maxime
595 5557 651 5615 pro
677 5555 792 5611 magua
816 5540 872 5600 uti·
923 5539 1128 5598 minoribusve
1142 5536 1309 5613 Aquitania
1328 5536 1464 5618 partibus
1485 5531 1754 5606 commorantibus,

13 5641 116 5702 itate
132 5635 163 5692 et
176 5630 333 5694 securitate
347 5629 486 5692 Ecclesiae
498 5634 556 5694 tua
568 5628 693 5694 consibo
712 5629 869 5710 episeopo·
924 5629 1051 5694 sunam
1065 5627 1272 5692 beaussimem
1282 5643 1352 5688 cum
1361 5621 1754 5704 henedictioneapostclica.
