3984 6182
243 203 297 264 m
397 225 400 230 ·
846 192 996 252 nouauit
1013 187 1117 248 REOES
1136 190 1350 254 mancones
1626 199 1630 206 ’
1928 195 1975 250 92!

243 327 365 386 laudem
379 325 408 380 et
421 320 547 393 gloriam
568 320 699 378 nominis
718 321 772 394 ttu’,
787 323 816 379 S.
835 319 942 378 Auiani
967 315 1112 376 virtutes
1129 318 1202 375 lesu
1214 319 1320 378 Christi
1333 319 1593 378 resurrectionem.
1610 322 1678 378 Erat
1688 324 1718 378 et
1745 319 1813 377 hoc
1846 321 1975 375 amator.

244 412 374 473 mirabili
388 411 595 485 petrispatrise
608 411 787 468 ahinimicis
799 409 975 468 mirabiliter
1001 407 1074 463 libe·
1127 406 1278 466 honorum
1293 410 1325 466 in
1344 410 1487 482 religione
1513 425 1569 483 pro
1598 425 1722 466 suarum
1744 407 1974 464 emundatione

242 509 344 562 ratae„
358 504 480 559 Peracta
494 500 637 568 oratione,
658 500 698 557 ad
714 517 769 558 sua
781 500 909 573 quisque
931 498 1016 555 loetus
1032 511 1075 552 re·
1128 495 1285 570 culparum
1301 499 1394 572 quod,
1411 503 1545 556 asancto
1561 498 1795 571 septuagesimo
1814 497 1973 570 usquein

244 592 414 665 gredituret
436 589 474 647 de
498 587 559 645 suis
574 589 708 647 donariis
730 591 797 663 ipso
824 588 873 646 die
892 588 977 645 locus
1003 585 1074 642 insi·
1126 587 1240 658 pascha
1253 587 1337 644 nulla
1352 604 1428 644 usus
1441 587 1549 668 culcita
1574 586 1746 660 frequenter
1771 601 1853 642 eun·
1887 587 1973 641 susci

244 681 340 754 gniter
360 678 543 746 nobilitatur,
569 677 600 735 in
624 682 754 752 quatuor
775 675 991 750 scilicetpalliis
1006 691 1073 750 pre·
1127 674 1229 746 plebat
1242 677 1281 733 ad
1294 676 1459 749 jacendum
1486 674 1648 732 fortissima
1671 679 1762 746 terra,
1791 675 1973 731 tendentem

243 767 421 836 tiosissimis,
438 771 466 824 et
491 783 581 823 urceo
605 771 747 837 argenteo
775 772 804 823 et
829 765 955 840 capella,
979 780 1074 838 quam
1126 762 1328 823 indesinenter
1340 765 1378 823 ad
1404 765 1523 822 ethera.
1551 766 1645 822 Prosit
1670 769 1776 822 tamen
1790 779 1864 838 pro
1879 764 1928 820 his
1952 770 1974 819 et

243 861 313 932 post
340 856 455 914 obitum
485 872 575 912 suum
599 859 659 912 Deo
680 855 878 930 omnipotenti
894 859 923 912 et
948 853 1073 911 sanctis-
1126 852 1192 909 aliis
1208 854 1318 912 anime
1332 855 1398 927 ejus
1414 854 1585 927 subscripta
1595 859 1625 912 et
1634 854 1733 911 brevis
1746 853 1863 911 oratio
1879 853 1974 910 :Prio-

216 932 219 946 ’
245 946 322 1002 simo
355 945 518 1002 confessori
541 943 690 1016 delegavit
720 945 846 1002 Aniano.
875 943 995 1018 Capella
1022 957 1074 999 su·
1125 956 1194 998 rum
1209 947 1331 1000 actuum
1344 945 1409 1016 ejus
1424 943 1562 1002 maculas
1575 945 1653 1000 Deus
1679 946 1790 1014 tergat,
1830 941 1973 1000 ornnem

245 1039 305 1092 tem
319 1034 411 1103 hujus
426 1032 801 1108 piissimi‚prudentissimi,
817 1031 1015 1106 potentissimi
1030 1047 1074 1088 re
1126 1036 1278 1103 perpetue
1293 1031 1401 1100 tradat,
1416 1036 1533 1106 partem
1548 1033 1575 1088 ei
1601 1031 1632 1088 in
1644 1035 1869 1088 resurectione
1883 1033 1974 1106 prinu

249 1120 446 1194 gisRotberti‚
473 1121 540 1178 telis
553 1121 630 1178 fuit:
648 1123 758 1196 Cappa
783 1121 948 1178 octodecim
974 1120 1072 1188 bone,
1126 1119 1274 1178 concedat
1301 1121 1354 1195 qui
1380 1127 1424 1178 est
1446 1121 1624 1178 resurrectio
1652 1125 1863 1178 mortuorum
1895 1123 1970 1176 lesus

244 1209 367 1284 optimas
380 1215 409 1266 et
422 1209 499 1266 bene
509 1214 633 1283 perere.
648 1209 726 1267 Libri
739 1209 969 1281 Evangeliorum
991 1207 1075 1264 aurei
1127 1209 1259 1268 Christus
1273 1211 1376 1267 vivens
1390 1215 1420 1268 et
1432 1226 1564 1282 regnans
1579 1210 1609 1267 in
1629 1209 1739 1267 saecula
1769 1209 1970 1266 saeculorum.

244 1298 317 1366 duo,
333 1298 467 1369 argentei
480 1298 554 1369 duo,
570 1297 661 1355 etalii
675 1298 737 1356 duo
752 1299 847 1372 parvi,
863 1314 934 1354 cum
959 1295 1074 1353 missali
1162 1298 1249 1357 Cordi
1262 1316 1331 1357 meo
1345 1299 1420 1373 quid
1431 1299 1559 1370 dulcius,
1571 1299 1646 1374 quid
1670 1299 1854 1372 jucundius
1882 1305 1973 1374 potes:

243 1404 305 1446 uno
321 1389 534 1460 transmarino,
549 1388 626 1444 hene
647 1392 753 1462 parato
778 1387 869 1444 ebore
884 1391 912 1444 et
937 1391 1072 1457 argento.
1126 1387 1211 1458 jungi
1227 1403 1320 1462 quam
1337 1392 1370 1444 ut
1397 1393 1623 1461 preceptorem,
1648 1387 1830 1460 adjutorem
1863 1404 1973 1454 meum,

244 1477 418 1535 Philacteria
432 1493 524 1534 aurea
536 1476 707 1534 duodecim.
724 1477 823 1534 Altare
834 1492 930 1533 unum
943 1491 1018 1532 auro
1045 1479 1075 1532 et
1125 1475 1156 1532 in
1172 1476 1315 1533 omnibus
1330 1476 1379 1533 Dei
1395 1476 1539 1550 operibns
1560 1476 1728 1533 collaudem
1745 1476 1761 1531 ‘l
1786 1475 1916 1546 Redeo,
1936 1493 1971 1532 re

244 1572 369 1639 argento
383 1567 557 1624 mirabiliter
571 1573 722 1640 paratum,
747 1567 902 1623 continens
920 1565 951 1622 in
973 1564 1073 1621 medio
1125 1564 1233 1633 deoet,
1249 1564 1514 1623 sicutsolehanzin
1529 1565 1636 1622 dicbus
1652 1565 1766 1639 quihus
1797 1581 1868 1622 nos
1890 1567 1970 1621 simul

243 1663 359 1731 petram
372 1654 568 1723 laudabilem,
582 1671 650 1728 quae
665 1655 773 1712 dicitur
783 1654 951 1712 onichinus.
965 1657 1108 1732 Crucesp
1126 1653 1374 1726 respiciebamus,
1391 1655 1456 1727 ejus
1469 1655 1543 1711 mihi
1564 1654 1726 1712 amabilem
1757 1659 1788 1711 et
1818 1655 1971 1711 desidera-

244 1761 343 1801 aurem
357 1749 425 1801 tres.
438 1744 529 1815 llajor
543 1759 580 1799 ex
595 1744 641 1799 his
657 1744 788 1800 continet
801 1744 832 1800 in
853 1743 993 1800 selibras
1008 1741 1074 1798 auri
1126 1741 1273 1799 tissimam
1285 1743 1397 1816 recipio
1409 1743 1583 1801 bonitatem.
1602 1743 1734 1800 Delector
1745 1743 1851 1800 etiam
1866 1743 1902 1800 in
1930 1744 1970 1799 ille

243 1834 311 1908 puri
322 1837 448 1906 septem.
466 1833 557 1902 Signa
571 1833 715 1905 quinque.
739 1835 837 1889 Unum
864 1849 901 1888 ex
928 1832 975 1888 his
1003 1831 1074 1886 satis
1126 1834 1155 1886 et
1168 1829 1305 1904 experior
1319 1831 1393 1903 quid
1409 1831 1543 1888 utilitatis
1559 1831 1632 1888 mihi
1645 1831 1694 1888 illa
1710 1830 1814 1888 luerit.
1850 1837 1885 1888 ln
1913 1832 1966 1894 illa

243 1919 390 1990 mirabile,
401 1920 432 1976 in
445 1921 576 1993 quodue
586 1919 754 1976 millenaria
765 1919 876 1976 metalli
888 1925 917 1976 et
926 1923 1073 1976 sexcentae
1126 1923 1159 1974 ut
1172 1935 1246 1975 mere
1262 1922 1308 1975 est
1325 1919 1552 1987 recordationis,
1577 1919 1619 1975 nil
1643 1919 1769 1993 accipio,
1798 1919 1851 1975 nil
1881 1921 1969 1976 sento

242 2009 327 2065 lihrae
342 2009 469 2078 luerunt,
486 2010 534 2066 oui
547 2009 907 2084 imprimijussitsignum
930 2007 1073 2082 baptismi
1125 2024 1219 2081 quem
1233 2012 1266 2063 ut
1280 2007 1379 2064 bonus
1393 2007 1473 2064 filius
1488 2008 1526 2064 de
1547 2011 1631 2081 patre
1659 2007 1751 2076 hono,
1779 2008 1913 2065 amicus
1939 2009 1970 2064 de

243 2098 281 2156 de
296 2098 362 2155 oleo
375 2102 404 2155 et
417 2098 576 2154 chrismate
586 2097 666 2168 iacti,
682 2099 758 2154 sicut
769 2099 844 2155 ordo
868 2099 1004 2172 deposcit
1028 2112 1074 2154 ec·
1126 2098 1234 2166 amico,
1249 2097 1373 2153 dilectus
1387 2097 1425 2153 de
1435 2097 1553 2153 dilecto.
1567 2097 1716 2153 Erubesce
1741 2101 1857 2154 tamen
1887 2097 1970 2154 valde

244 2186 437 2260 olesiastlcus,
453 2191 480 2244 et
495 2191 528 2244 ut
541 2193 700 2245 vocaretur
715 2188 874 2245 Rotbertus
901 2186 1074 2244 attribueret
1125 2183 1156 2240 in
1171 2184 1263 2256 hujus
1274 2183 1461 2242 admirabilis
1472 2183 1527 2240 viri
1542 2199 1669 2258 operum
1681 2183 1843 2241 bonorum
1864 2201 1969 2242 narru-

244 2275 370 2350 Spiritus
380 2282 511 2332 sanctus.
530 2276 612 2332 Dedit
622 2277 712 2333 etiam
728 2280 757 2333 et
771 2277 841 2333 huic
852 2284 956 2334 sancto
982 2275 1074 2332 eoele-
1125 2273 1216 2342 tione,
1233 2288 1301 2329 cum
1317 2272 1348 2329 in
1361 2289 1398 2329 eo
1413 2289 1534 2347 semper
1546 2271 1702 2330 floruerint
1714 2289 1783 2346 quse
1811 2279 1892 2331 sunt
1915 2275 1970 2331 fin

244 2365 303 2422 sias
315 2365 403 2436 duas,
420 2365 611 2423 sentiliacum
623 2370 653 2422 et
664 2366 857 2437 Rutinagum,
872 2382 941 2422 cum
954 2365 1029 2421 villis
1045 2368 1074 2421 et
1126 2361 1253 2418 summis
1280 2361 1434 2430 coelorum,
1464 2377 1519 2436 pro
1546 2363 1711 2418 lucratione
1734 2363 1922 2420 animumn
1944 2369 1968 2418 et

243 2454 385 2513 omnihus
398 2469 467 2528 quse
482 2454 522 2510 ad
533 2455 616 2527 ipsas
628 2454 787 2528 pertinent,
816 2469 893 2528 quas
922 2460 1073 2527 praecepto
1127 2467 1299 2524 corporum.
1327 2451 1507 2524 Quempiam
1535 2451 1640 2507 videns
1666 2451 1824 2508 desudare
1862 2455 1897 2510 in
1924 2455 1967 2510 Dei

241 2538 335 2610 regali
344 2538 475 2603 firmavit
489 2545 518 2597 et
529 2541 718 2599 corroborari
730 2542 830 2614 jussit.
841 2541 1008 2599 Promeruit
1020 2557 1073 2598 au·
1126 2555 1227 2612 opere,
1242 2539 1323 2596 hunc
1338 2539 1555 2598 exhortabatur
1572 2556 1657 2609 voce,
1672 2539 1816 2598 clanculo
1833 2543 1968 2600 allevans

242 2632 302 2687 tem
316 2629 503 2688 etsdomuo
515 2629 698 2688 Theoderico
711 2631 874 2688 venerabili
896 2630 1073 2688 Aureliano·
1126 2643 1262 2698 munere,
1278 2629 1365 2701 cujus
1384 2633 1448 2685 erat
1472 2629 1586 2686 donum
1618 2629 1773 2703 promissis
1803 2632 1967 2706 pauperri

242 2719 466 2792 rumepiscopo
480 2719 586 2776 altaria
610 2719 746 2792 ipsarum
775 2718 973 2777 ecclesiarum
1001 2735 1072 2776 cum
1126 2734 1222 2786 mum,
1249 2717 1321 2774 dato
1347 2718 1581 2791 permaximum.
1610 2723 1642 2776 ln
1671 2719 1767 2776 lrrndo
1784 2723 1968 2778 monasterii

242 2807 406 2880 pontificali
419 2808 574 2882 privilegio
588 2808 626 2864 de
639 2809 715 2882 ipsis
727 2825 746 2866 a
758 2824 790 2865 se
800 2808 975 2882 facto,quo‹l
987 2824 1073 2864 sanc·
1127 2806 1324 2864 Floriseensis
1340 2807 1398 2864 loci
1426 2811 1552 2882 paterna
1575 2808 1727 2866 imitabilis
1753 2809 1881 2868 abbah's
1911 2811 1968 2867 mei

242 2898 273 2951 to
284 2895 408 2952 contulit
419 2896 535 2952 Aniene
547 2901 577 2953 et
590 2896 782 2970 regiinclyto,
795 2897 848 2970 qui
859 2912 930 2953 eum
944 2897 975 2953 in
1000 2911 1074 2952 voce
1127 2896 1259 2953 Gauzlini
1270 2896 1410 2967 jussione
1424 2897 1583 2954 ecclesiam
1597 2899 1675 2972 coepi
1687 2897 1856 2968 aedificare,
1872 2900 1969 2956 modi-

243 2984 448 3042 exsultationis
460 3001 579 3060 semper
592 2986 737 3043 dilexerat
751 2985 789 3043 de
804 2986 893 3043 corde
908 2986 1001 3043 hono.
1091 3001 1195 3084 scam
1205 2984 1341 3058 quidem,
1352 2984 1405 3042 sed
1420 2984 1578 3053 festivam
1606 2986 1755 3060 adquam
1783 2988 1968 3043 occurrebat

282 3076 419 3131 Castrum
434 3073 602 3148 crispiacus
621 3075 736 3132 dictum
763 3091 782 3132 a
805 3073 929 3132 Weltero
958 3075 1073 3148 potenti
1103 3063 1258 3148 'populus
1278 3087 1381 3129 amore
1395 3086 1525 3146 quorum
1545 3078 1609 3131 erat
1636 3073 1787 3132 sacranda
1811 3075 1968 3146 condigna

241 3161 381 3219 nobiliter
407 3167 613 3220 constructum
641 3163 830 3221 suessionico
853 3163 884 3220 iu
915 3163 1073 3234 territorio,
1127 3161 1345 3220 benedictione.
1364 3162 1531 3219 Licetcsset
1551 3162 1736 3236 imperfecta,
1765 3165 1914 3238 quamtis
1937 3164 1969 3220 li-

240 3251 400 3309 Abbatism
430 3251 525 3324 sancti
553 3252 668 3309 Arnulti
700 3269 719 3310 a
749 3269 781 3309 se
819 3252 930 3309 lactem
964 3250 1074 3308 nobilis
1128 3266 1215 3324 gnea,
1232 3255 1333 3308 tamen
1347 3252 1499 3324 promovit
1510 3269 1541 3308 se
1551 3253 1663 3308 rexvir
1688 3251 1858 3310 coelestium
1882 3253 1966 3309 desi-

241 3341 375 3398 nohilem
398 3345 427 3398 et
449 3358 503 3416 per
529 3342 640 3399 saecula
663 3342 793 3400 reddidit
804 3341 956 3398 illustrem.
969 3345 1074 3398 Nostra
1127 3340 1279 3398 derriorum
1295 3342 1451 3399 avitriaco
1465 3347 1573 3413 castro,
1593 3341 1769 3400 desiderans
1794 3359 1865 3400 eam
1882 3345 1967 3400 vide-

241 3431 322 3487 enim
334 3435 420 3487 atate
443 3429 483 3486 ibi
509 3430 652 3487 abbatem
679 3431 857 3504 quemdam,
887 3429 1073 3487 hezeehuum
1126 3444 1158 3486 re
1173 3435 1296 3503 aspectu
1311 3431 1511 3488 sanctissimo.
1529 3434 1634 3488 Fuerat
1651 3433 1715 3503 iam
1734 3431 1826 3501 jussu
1854 3432 1967 3489 domni

242 3517 375 3588 nomine,
390 3518 551 3586 constituit,
563 3518 636 3574 boni
648 3519 811 3576 testimonii
822 3519 931 3586 virum,
956 3519 1073 3592 proles·
1127 3523 1156 3575 et
1167 3519 1308 3577 amabilis
1319 3519 1447 3578 odolrici
1471 3519 1621 3593 pontificis
1637 3537 1654 3578 a
1667 3519 1825 3576 venerabili
1847 3522 1968 3578 Ritus-i-

242 3606 325 3662 sione
336 3605 483 3676 regularis
497 3606 564 3663 vitae
577 3608 773 3678 monachum,
782 3607 945 3681 quotannis
953 3608 1074 3664 venien·
1127 3607 1261 3664 censium
1278 3608 1504 3683 archiepiscopo
1519 3609 1660 3667 Gauzhno
1671 3605 1834 3679 benedicta,
1859 3607 1968 3668 dante

242 3698 302 3752 tem
317 3693 357 3751 ad
378 3695 459 3751 hunc
476 3695 526 3751 Dei
538 3695 647 3752 virum.
673 3695 895 3769 suscipiebatur
916 3695 956 3752 ab
982 3713 1018 3754 eo
1042 3701 1075 3754 ut
1127 3694 1204 3752 eoin
1220 3695 1345 3753 circuitu
1355 3696 1528 3769 plenissime
1541 3701 1651 3754 terram
1665 3696 1721 3771 ipsi
1732 3694 1866 3752 ecclesiae
1888 3713 1968 3770 per-

241 3783 293 3841 Dei
308 3799 421 3851 servus,
435 3787 464 3840 et
478 3783 663 3856 colloquium
675 3783 822 3841 hebentes
837 3785 875 3841 de
890 3785 1072 3858 coelestibus,
1127 3783 1240 3841 utilem.
1256 3789 1372 3842 lntrans
1387 3786 1418 3842 in
1432 3803 1468 3842 ea
1482 3801 1534 3844 rex
1547 3791 1677 3844 etorans
1687 3785 1813 3860 pallium
1828 3793 1965 3860 quatuor

242 3877 313 3946 post
326 3871 357 3928 in
373 3871 529 3929 redeundo
544 3871 751 3930 honorabatur
764 3872 804 3929 ab
832 3889 868 3930 eo
889 3873 1073 3931 honorabili·
1126 3873 1272 3930 librarum
1286 3875 1613 3950 superaltareposuit;
1639 3876 1723 3950 quod
1749 3877 1824 3950 quia
1852 3877 1883 3933 in
1905 3878 1962 3934 ho-

240 3961 301 4019 bus
316 3961 492 4018 muneribus
507 3976 601 4036 quam
616 3961 781 4036 splendide,
796 3964 1074 4036 quaeerantJuncta
1127 3979 1200 4021 nore
1229 3970 1399 4022 sanctorum
1430 3966 1573 4039 Dionysii,
1603 3967 1714 4024 Rustici
1733 3972 1765 4024 et
1792 3967 1961 4031 theotharii

242 4051 412 4109 coelestibus
421 4051 559 4124 perlectae
571 4051 723 4109 charitatis
738 4052 855 4110 virtute.
870 4053 1008 4119 Quodam
1019 4069 1073 4110 au·
1127 4057 1336 4110 consecratum
1364 4051 1429 4124 luit,
1457 4055 1678 4130 proculdubio
1705 4057 1773 4128 ejus
1811 4057 1895 4114 cordi
1922 4059 1964 4112 ita

242 4143 302 4198 tem
318 4144 452 4213 tempore
462 4145 572 4198 sanotae
584 4140 819 4214 Quadragesinoe
829 4143 964 4200 Pisciaco
975 4143 1015 4199 ad
1027 4157 1073 4199 re·
1127 4142 1236 4199 insedit
1250 4146 1283 4199 ut
1297 4143 1360 4200 suis
1388 4143 1445 4216 piis
1469 4145 1681 4219 aspicientibus
1709 4145 1817 4214 occulis,
1838 4151 1909 4221 post
1924 4145 1963 4202 ad

243 4243 312 4299 gem
325 4227 364 4285 de
378 4244 461 4286 more
475 4245 655 4304 properans,
670 4230 851 4304 temporales
867 4231 957 4288 simul
970 4236 1000 4288 et
1013 4232 1072 4304 spi·
1127 4245 1198 4288 eum
1211 4231 1343 4288 Parisios
1357 4247 1405 4288 me
1427 4233 1573 4304 veniente,
1603 4232 1640 4290 de
1664 4234 1799 4309 reliquiis
1823 4236 1964 4310 ipsorum

241 4315 343 4373 ritales
358 4322 554 4390 sumpserunt
565 4318 659 4375 cibos.
676 4320 763 4376 Avito
782 4335 813 4376 se
841 4320 974 4393 posthaec
1001 4335 1072 4376 con·
1127 4326 1306 4392 martyrum,
1322 4319 1394 4377 almi
1407 4321 1518 4379 scilicet
1533 4323 1675 4396 Dionysii,
1689 4324 1800 4381 Rustici
1824 4329 1855 4380 et
1882 4325 1966 4382 Eleu-

239 4405 402 4477 jungcntes
414 4405 558 4474 bonitate,
572 4405 658 4464 offert
672 4408 734 4478 regi
749 4407 923 4465 charitatem
944 4408 995 4466 Dei
1018 4377 1109 4465 abu
1128 4409 1237 4472 thertii‚
1252 4408 1409 4482 splendide
1425 4417 1593 4482 exornaret,
1609 4411 1876 4470 intercessionibus
1887 4415 1965 4471 dita-

241 4493 298 4552 bas
309 4494 421 4564 bonus,
437 4509 493 4568 pro
506 4495 687 4553 relevatione
702 4497 835 4571 corporis
849 4498 915 4570 ejus
939 4497 1071 4557 humilii·
1127 4503 1180 4555 ret.
1195 4499 1386 4556 Protectionls
1399 4517 1504 4558 corum
1515 4501 1597 4559 dona
1608 4501 1673 4560 haeo
1692 4507 1783 4560 sunt:
1800 4504 1846 4560 De
1861 4505 1967 4561 casula

240 4584 295 4656 mi,
322 4588 356 4640 ut
382 4583 507 4641 haberet
525 4582 664 4641 levamen
679 4585 826 4654 ciborum,
855 4587 907 4660 qrri
932 4587 1072 4660 precihus
1126 4587 1222 4645 sancti
1237 4588 1380 4661 Dionysii,
1400 4589 1564 4647 dalmatica
1578 4591 1675 4649 sancti
1703 4593 1830 4661 Rustici,
1861 4594 1965 4650 casule

242 4672 369 4747 pulsans
378 4673 454 4730 ostie
469 4673 614 4730 coelorum
628 4672 712 4731 fieret
734 4691 861 4732 consors
886 4679 1070 4733 sanctorum.
1127 4677 1222 4734 sancti
1241 4677 1454 4749 Rleutherii‚de
1470 4679 1653 4737 vestimentis
1675 4695 1783 4738 eorum
1815 4683 1965 4754 sanguine

243 4761 305 4820 Hoc
332 4777 463 4819 renuens
489 4762 663 4836 virpietatis
677 4768 706 4821 et
725 4764 905 4821 incumbens
935 4766 1072 4822 saterris
1126 4767 1271 4840 aspersis,
1295 4767 1333 4823 de
1354 4768 1491 4826 cemium
1521 4785 1627 4826 eorum
1655 4771 1780 4846 pulvere
1821 4778 1853 4829 et
1888 4773 1965 4828 luni·

242 4851 426 4909 omnimodis
439 4851 591 4909 orahatne
605 4853 635 4909 vi
647 4869 717 4910 eum
726 4854 918 4927 opprimeret,
932 4854 1005 4927 quia
1030 4859 1073 4911 ta·
1126 4855 1194 4912 culo
1206 4855 1322 4930 biplici,
1335 4873 1396 4930 quo
1421 4856 1477 4915 fuit
1492 4858 1630 4916 astrictus
1657 4861 1822 4933 Dionysius
1851 4867 1966 4934 mann

241 4940 322 4998 libus
337 4939 483 4998 obediens
497 4940 615 4998 nullum
634 4941 736 4998 adtruc
760 4944 820 4999 Deo
846 4941 952 5013 jeJunii
969 4948 1072 5001 votum
1127 4945 1245 5002 Domini
1258 4948 1417 5019 pretiosus.
1434 4946 1482 5002 His
1497 4951 1526 5003 et
1545 4947 1611 5004 aliis
1623 4953 1800 5006 sanctorum
1832 4952 1965 5024 pignori-

242 5028 410 5087 obtulisset.
426 5029 514 5088 Abba
527 5030 585 5087 hoo
598 5030 724 5087 audiens
734 5030 943 5088 taciturnitatis
952 5033 1073 5090 vincula
1126 5034 1184 5091 bns
1203 5050 1222 5090 a
1244 5050 1314 5107 rege
1327 5041 1448 5093 amante
1471 5039 1566 5094 Deurn
1589 5037 1728 5095 nobiliter
1741 5038 1909 5110 insignitus
1924 5049 1966 5096 est

243 5118 384 5190 suscepit,
398 5122 428 5175 et
439 5118 591 5174 meditans
603 5117 694 5174 corde
705 5116 790 5192 quod
815 5123 895 5178 esset
923 5120 1072 5194 perlectus
1126 5123 1221 5181 locus.
1239 5127 1389 5200 susceptae
1405 5131 1474 5184 sunt
1488 5132 1589 5185 autem
1606 5129 1680 5202 ipsse
1708 5135 1891 5188 sanctorum
1919 5147 1965 5186 su-

242 5205 361 5273 virtute,
373 5221 429 5278 pro
439 5205 546 5278 jejunii
557 5206 623 5278 ejus
636 5205 1072 5282 observatione,suscepiteum
1127 5212 1347 5287 predictorum
1368 5215 1589 5289 pretiosissimae
1617 5216 1751 5291 reliquiae
1776 5218 1811 5276 in
1833 5221 1966 5276 Dorisco

242 5294 274 5349 in
287 5292 500 5351 multimodam
515 5299 544 5352 ct
557 5311 620 5353 non
634 5311 830 5354 numerosam
847 5299 1007 5356 missarum
1024 5313 1072 5359 ce·
1126 5303 1345 5360 monasterioa
1364 5303 1478 5361 domno
1501 5305 1644 5363 Gaudino
1673 5306 1797 5378 abbate,
1832 5311 1865 5366 iu
1890 5310 1966 5366 dan-

243 5380 451 5451 lebrationem,
467 5389 500 5440 ut
513 5384 687 5442 attribueret
701 5385 728 5442 ei
742 5387 863 5443 Densin
887 5387 934 5443 his
953 5385 1074 5444 minem
1126 5389 1167 5446 do
1182 5395 1210 5447 et
1230 5391 1405 5465 accipiendo
1434 5393 1504 5450 satis
1528 5393 1697 5452 honorabili
1719 5395 1797 5466 viro,
1825 5397 1878 5456 die
1909 5399 1968 5452 Ke-

242 5470 443 5529 devotionem.
461 5471 509 5527 Ris
523 5471 608 5529 laetus
621 5488 674 5530 rex
687 5473 803 5532 doniss
816 5476 995 5532 sanctoviro
1008 5491 1073 5548 per·
1126 5479 1285 5537 lendarnm
1298 5481 1481 5550 octobrium,
1493 5499 1554 5556 quo
1566 5484 1691 5542 celebris
1703 5488 1806 5556 egitur
1822 5487 1856 5544 in
1872 5487 1969 5545 omni

242 5560 346 5634 ceptis.
363 5560 424 5616 Deo
439 5561 550 5631 manes
563 5561 623 5633 egit
636 5567 666 5620 et
680 5568 818 5622 sanctum
833 5563 1075 5622 celebravitcon·
1127 5569 1185 5626 bus
1205 5569 1323 5626 seculis
1343 5575 1516 5628 sanctorum
1541 5573 1691 5646 Germani,
1716 5575 1852 5650 Remigii
1876 5583 1969 5651 etque

242 5647 327 5706 tinno
336 5649 497 5722 ieiunium,
508 5655 686 5725 exspectans
710 5653 762 5710 Dei
783 5657 813 5712 et
835 5651 955 5712 Domini
979 5655 1074 5714 nostri
1127 5657 1247 5716 vedasti
1271 5659 1444 5718 solemnitas
1483 5661 1700 5722 confessorum.
1740 5665 1824 5724 Saue
1858 5683 1970 5742 pecca·
