3998 6182
115 136 161 194 sn
430 197 436 218 Ι
630 167 632 171 -
798 128 938 188 uonna
955 124 1144 183 ursronvcr
1774 132 1827 187 aaa

115 259 217 316 charta
231 261 323 331 patet,
338 274 405 332 qtvoe
419 257 458 314 ab
476 255 583 314 eodem
607 254 798 312 Guichenone
809 253 944 321 retertur,
960 250 984 306 Α
999 248 1130 320 nequiuit
1146 247 1324 320 benipnitas,
1344 253 1455 307 nostre
1468 249 1678 308 beneuolentiae
1702 253 1826 322 pertice-

113 348 144 405 in
167 351 373 421 qualoannes
396 347 532 420 ejusdem
552 343 611 402 loci
629 345 725 402 abhas
749 346 945 409 memoratur,
999 343 1084 394 retur
1114 340 1304 395 auctoritate.
1336 339 1421 408 Quod
1445 339 1564 411 quidem
1594 355 1655 396 non
1681 341 1827 399 immerita
1911 345 1916 354 ’

113 436 166 510 qui
190 437 222 493 in
251 435 397 493 Chronico
425 433 618 504 Benigniano,
648 448 750 506 supra,
777 429 946 506 appellatur
999 428 1218 498 tantofocilius
1234 429 1318 485 debet
1342 429 1507 499 impetrare
1521 429 1642 501 quando
1657 431 1713 487 Dei
1723 445 1829 504 capno·

8 575 9 579 ,
113 526 314 582 loannctinus
329 530 359 581 et
372 523 535 593 Heinricus,
548 523 674 597 ejusque
689 537 875 579 successores
889 525 947 577 Au·
999 517 1094 574 scitur
1106 517 1168 574 zelo
1180 517 1211 573 in
1223 519 1344 574 omnino
1351 519 1652 588 postulareouidam
1664 519 1742 576 enim
1757 536 1828 578 suus

114 611 225 684 gusti«
241 613 272 669 in
285 613 410 670 fratrum
425 609 610 669 soldalitium
626 635 640 662 n
666 610 807 668 dicuntur
830 607 945 666 adsciti.
1000 607 1121 663 carnali
1133 607 1300 680 propapine
1312 623 1485 680 parmenus,
1496 608 1618 664 nomine
1632 608 1829 680 Godcsredus,

26 771 27 776 η
114 725 129 754 «
148 703 277 774 Dignum
292 701 433 758 duximus
448 699 860 758 Fructuarienseeoenobium
873 697 948 754 litte
999 694 1041 752 ad
1054 695 1319 753 sanctamucniens
1334 696 1554 754 conversionem
1568 701 1662 752 totum
1678 697 1832 767 quodcun-

24 833 26 836 -
112 791 229 848 ralihus
254 792 428 867 prrceceptls
456 789 645 860 confirmare,
670 793 812 846 exorante
833 787 947 845 domno
1002 782 1283 854 quciabuitsccum
1298 785 1358 841 Deo
1373 785 1475 841 deuote
1489 785 1628 854 contulit,
1652 799 1686 841 ea
1700 785 1833 842 maxime

21 923 23 930 ,
114 880 261 936 Willelmo
277 880 447 937 Divionensi
471 880 591 950 abbate,
606 878 668 952 qui,
691 876 869 952 predictum
881 891 948 932 mo·
1000 873 1165 930 intentione
1180 878 1213 930 ut
1227 873 1397 944 deproprio
1420 889 1472 930 suo
1488 879 1713 932 construeretur
1727 890 1832 932 monu-

19 951 24 1030 s
112 967 280 1024 nestorium
293 967 746 1042 expraediis,cleemosynisque
760 965 946 1040 propinquo·
1000 963 1134 1032 sterium,
1159 962 1287 1034 quodne
1309 949 1440 1032 alicuju's
1465 963 1610 1034 episcopio
1632 963 1681 1020 uel
1699 963 1833 1021 coenobio

111 1072 184 1112 rum
199 1073 323 1113 suorum
337 1073 371 1113 ac
384 1060 562 1114 ceterorum
577 1055 712 1126 lideliurp
729 1054 834 1114 Christi
848 1070 867 1111 a
879 1052 947 1110 lun-
998 1049 1083 1120 tieret
1098 1050 1203 1121 aliqua
1218 1050 1399 1119 subjectione
1413 1049 1584 1122 obnoxium,
1596 1051 1703 1108 solerti
1712 1051 1833 1122 pertrti·

112 1144 264 1202 dumentis
289 1151 475 1218 construens,
499 1145 646 1220 plurimos
668 1143 836 1202 secundum
859 1158 948 1214 regu-
1001 1143 1116 1196 clatum
1145 1145 1189 1196 cst
1210 1139 1333 1195 consilio
1357 1145 1389 1194 ut
1409 1140 1441 1194 in
1462 1139 1590 1211 quadam
1613 1141 1686 1211 loco,
1704 1143 1834 1213 antiqui-

111 1234 178 1291 lam
193 1235 288 1292 sancti
302 1236 450 1293 Benedicti
475 1239 534 1293 lieo
550 1235 709 1294 servientes
732 1233 807 1290 inihi
822 1247 947 1304 congre-
1002 1233 1048 1285 tus
1063 1229 1251 1285 Fructuarn'a
1273 1228 1364 1296 dicta
1387 1227 1598 1298 aedificaretur,
1613 1229 1693 1300 arvad
1708 1231 1833 1301 lepmem

10 1371 12 1388 2
112 1321 206 1393 gavit.
221 1327 280 1381 Nos
303 1330 483 1398 nostrosque
496 1324 528 1380 in
541 1328 722 1398 perpetuum
747 1337 946 1390 successores,
998 1333 1056 1390 per
1081 1309 1255 1375 chartulam
1284 1333 1303 1374 a
1328 1317 1459 1376 Nitardo
1478 1323 1505 1374 ct
1521 1318 1662 1374 lictberto
1684 1321 1834 1389 perinanis

7 1401 13 1496 3'
111 1415 206 1484 prout
230 1413 307 1470 divae
335 1413 487 1471 memoriae
525 1412 778 1487 predecessorem
812 1415 948 1468 nostrum
1002 1409 1097 1480 ipsius
1110 1407 1263 1478 Gotefrcdi
1276 1407 1396 1464 cuidam
1414 1406 1572 1464 Guntardo
1595 1407 1691 1463 levita
1704 1407 1835 1463 traditus

113 1499 287 1559 Heinricum
303 1520 358 1560 suo
374 1519 410 1560 ac
429 1502 556 1560 fratrum
572 1501 766 1560 contubernio
781 1500 947 1569 sociaverit,
1002 1503 1055 1566 est,
1072 1503 1106 1554 ut
1118 1499 1181 1568 ipsc
1194 1497 1265 1553 inde
1276 1497 1390 1568 faceret
1395 1497 1554 1566 judicatus
1568 1501 1775 1554 testamentum
1782 1497 1836 1553 sub

115 1590 255 1648 omniurn
278 1591 506 1649 benefactorum
527 1607 652 1648 suorum
678 1588 870 1664 participium
895 1588 948 1645 ha·
969 1587 1158 1662 Blibemima
1168 1586 1289 1642 omnino
1302 1585 1480 1642 conditione.
1506 1585 1591 1654 Quod
1602 1591 1631 1641 et
1643 1587 1760 1658 factum
1782 1590 1834 1655 est,

111 1673 186 1732 here
208 1675 346 1749 cupiens,
385 1677 518 1750 primum
542 1675 679 1748 ejusdem
712 1672 829 1731 cenobii
857 1671 950 1730 abba·
1003 1676 1128 1734 sednon
1153 1676 1405 1744 sinemullorum,
1419 1675 1549 1731 manime
1564 1674 1701 1730 Arduini
1713 1676 1792 1746 repis
1806 1681 1834 1731 et

113 1767 188 1834 tem,
210 1765 334 1822 nomine
348 1767 506 1838 loannem,
528 1765 594 1838 ejus
618 1761 823 1839 inpraesentia
845 1778 950 1820 conse·
1003 1767 1102 1824 Bertae
1117 1765 1223 1822 uraris
1236 1767 1300 1835 ejus
1323 1764 1476 1834 adjutorio
1487 1776 1499 1836 ;
1519 1779 1647 1836 quorum
1669 1766 1774 1837 rapaci
1789 1766 1835 1821 in-

112 1852 194 1910 crari
209 1853 288 1922 lecit,
304 1859 332 1911 et
346 1857 409 1911 tam
421 1853 522 1928 ipsum
536 1869 630 1926 quam
643 1857 740 1908 totum
752 1850 894 1921 cumdem
906 1851 950 1907 10-
1003 1856 1121 1912 dustria
1147 1855 1241 1927 lepali
1268 1855 1406 1926 lepaliter
1434 1855 1613 1924 confirmata
1645 1860 1716 1910 sunt
1746 1859 1833 1912 testo·

111 1959 185 1998 eum
209 1959 272 2000 sues
294 1943 442 2017 imperiali
454 1943 551 2001 tutelae
574 1942 734 2010 commisit,
757 1957 794 1998 ea
818 1940 950 1998 maxime
1003 1951 1115 2016 menta,
1140 1950 1168 2002 el
1196 1950 1300 2000 sancto
1314 1943 1489 2000 Divionensi
1510 1943 1642 2000 cccnobio
1656 1959 1717 2000 non
1740 1945 1835 2014 parui

114 2048 175 2104 pro
199 2049 293 2090 causa
315 2038 348 2091 ut
368 2032 507 2092 eamdem
519 2031 561 2088 illi
574 2033 605 2088 in
627 2031 768 2090 omnibus
782 2029 949 2088 libertatem
1001 2035 1105 2107 pretii,
1123 2041 1156 2091 ut
1183 2039 1276 2106 patet,
1302 2034 1415 2091 collata
1430 2039 1499 2090 sunl
1521 2039 1708 2106 ornamenta,
1722 2034 1836 2091 scilicet

114 2126 274 2179 conservet
293 2139 386 2196 quam
402 2121 593 2180 cluniacense
608 2118 824 2177 monasterium
836 2119 950 2177 hahere
1003 2129 1118 2182 tectum
1131 2139 1225 2180 unum
1235 2124 1447 2194 auropernmis
1460 2127 1488 2179 ct
1499 2123 1651 2194 lapidibus
1662 2123 1738 2181 mire
1747 2137 1836 2180 orna·

109 2206 311 2278 dignoscitvu.
329 2213 386 2266 Nos
404 2225 476 2280 ergo
490 2208 578 2265 saluti
591 2213 701 2265 nostra
717 2208 916 2280 consulentes,
934 2231 949 2260 n
1004 2219 1078 2280 tum,
1105 2213 1210 2270 casula
1233 2226 1308 2268 auro
1336 2211 1487 2279 decorata,
1502 2212 1570 2269 dun
1585 2213 1667 2268 stutae
1680 2212 1835 2269 deaurare,

109 2301 168 2353 cic.
178 2296 335 2368 Privilegia
346 2315 469 2372 quoque
481 2301 509 2355 et
521 2297 681 2371 synodalia
695 2297 814 2356 decreta
830 2297 952 2356 Benedi-
1003 2319 1070 2360 cum
1086 2317 1189 2358 carum
1213 2301 1389 2371 manipulis,
1406 2305 1432 2358 et
1447 2315 1541 2356 unum
1556 2301 1724 2372 cinpulum,
1745 2307 1835 2372 atque

109 2384 150 2440 cti
179 2399 268 2459 papae
293 2391 530 2460 caetemmmque
550 2387 763 2460 episcoporum
792 2386 952 2443 confirmat
1003 2397 1136 2464 quatuor
1160 2389 1264 2446 amicti
1277 2389 1416 2445 similiter
1438 2388 1588 2446 deaurati.
1612 2389 1697 2458 Quod
1724 2395 1751 2447 et
1768 2390 1833 2447 ideo

110 2471 223 2528 iisdem
246 2473 345 2531 verbis
362 2491 396 2531 ac
410 2474 443 2531 in
466 2474 584 2531 Henrici
605 2472 770 2548 diplomate
786 2490 877 2548 supra
890 2474 952 2530 lau·
1003 2481 1107 2552 facere
1119 2480 1301 2536 studuerunt
1315 2484 1349 2534 ut
1362 2483 1389 2534 el
1405 2478 1581 2550 locus,unde
1591 2479 1834 2536 Frccclnaricnsis

109 2561 197 2632 datm
206 2563 288 2637 quod
302 2567 332 2621 et
345 2563 384 2621 ab
399 2563 464 2620 aliis
475 2563 782 2638 imperatoribus,im0
792 2567 820 2620 ei
831 2563 953 2636 aponfi·
1006 2569 1142 2627 uidelicet
1156 2568 1282 2638 sumpsit
1292 2567 1462 2638 exordium,
1478 2566 1524 2623 itis
1538 2567 1748 2624 honestaretur
1761 2583 1835 2624 erno-

110 2651 224 2709 ficihus
238 2653 385 2710 Romanis
399 2653 513 2710 laetum
522 2652 613 2710 luisse
624 2652 764 2710 observat
778 2651 952 2709 Franciscus
1005 2658 1145 2715 lumentis
1160 2664 1187 2714 ct
1202 2657 1258 2714 lcoc
1266 2670 1409 2713 memores
1421 2657 1453 2712 in
1464 2660 1619 2726 posterum
1630 2672 1691 2712 non
1705 2654 1835 2712 habeant

110 2741 299 2812 Augustinus
324 2742 363 2799 ah
386 2741 517 2799 Ecclesia
529 2741 560 2798 in
583 2741 726 2812 catalogo
748 2741 952 2800 Fructuarien-
1003 2746 1084 2804 unde
1097 2745 1275 2803 scandalum
1290 2750 1405 2801 struere
1419 2743 1523 2816 iniqua
1535 2749 1655 2814 possent
1668 2743 1833 2800 uoluntate.

113 2829 195 2886 sium
210 2828 356 2888 abbatum
371 2831 507 2888 Historia
521 2829 740 2900 chronologicas
754 2829 950 2888 Pedemonta·
1002 2835 1043 2892 Et
1057 2849 1112 2891 nos
1121 2835 1218 2907 mitur
1242 2833 1391 2905 equitatis
1414 2835 1490 2904 jnra
1504 2833 1704 2906 appendentes
1729 2837 1756 2890 cl
1772 2833 1836 2889 ani·

111 2934 164 2976 nas
180 2935 246 2993 cap.
255 2922 300 2990 27,
309 2919 362 2976 ubi
375 2921 522 2977 loannem
532 2918 675 2977 abbatem
688 2917 737 2976 hic
749 2922 950 2976 memoratum
965 2957 986 3014 C
1003 2938 1123 2982 marum
1139 2923 1232 2980 lucris
1244 2922 1340 2994 napis
1355 2935 1444 2994 quom
1456 2923 1672 2994 cupiditatibus
1682 2936 1835 2992 perverso·

113 3007 262 3065 Guidonis
278 3007 394 3064 comitis
409 3007 504 3064 sancti
519 3007 633 3066 llartini
646 3005 752 3077 filium,
763 3007 949 3082 Arduinique
1003 3029 1072 3071 rum
1086 3011 1343 3080 consumimus
1351 3015 1380 3067 ct
1394 3013 1493 3068 sancti
1501 3011 1728 3084 predecessoris
1737 3013 1837 3070 nostri

113 3096 208 3154 italice
220 3097 299 3169 regis
313 3101 454 3172 nepotem
468 3097 561 3154 luisse
575 3097 656 3160 dicit.
1001 3103 1150 3174 promissa
1165 3101 1355 3171 complentes,
1379 3100 1576 3172 aprivilepiis
1591 3117 1708 3176 quoquc
1719 3107 1835 3172 aposto-
1887 3129 1896 3148 .

151 3189 179 3242 6.
195 3189 259 3244 Non
285 3186 394 3244 minori
415 3185 574 3245 devotione
598 3186 743 3245 Robertus
767 3189 948 3245 Francorum
1004 3193 1070 3250 bers
1084 3197 1175 3264 atque
1187 3189 1313 3248 decretis
1326 3190 1578 3262 episcopalibusp
1586 3191 1746 3261 preceptis
1754 3191 1836 3247 deni·

113 3292 170 3333 rex
197 3292 269 3348 erga
296 3275 512 3334 monasterium
540 3276 765 3335 Fructuariense
792 3277 950 3334 tenebatur
1003 3298 1061 3356 que
1074 3280 1281 3353 imperialibus
1300 3295 1336 3336 ac
1361 3279 1513 3352 repalibus
1534 3295 1595 3336 non
1618 3280 1833 3350 discrepantes,

114 3379 213 3440 quam
227 3365 431 3439 imperatores,
446 3364 586 3438 quamvis
603 3369 683 3422 esset
696 3369 780 3423 extra
795 3365 841 3422 sui
855 3365 949 3441 ipsius
1001 3371 1237 3428 Fructnariense
1251 3368 1413 3427 cenobium
1425 3383 1491 3426 curn
1505 3367 1641 3425 omnibus
1654 3383 1728 3440 quas
1740 3369 1835 3439 possi-

114 3454 263 3511 ditionem
278 3453 377 3511 situm.
395 3454 559 3512 Undecum
581 3454 621 3512 ab
635 3471 672 3512 eo
683 3455 859 3530 requisisset
874 3455 951 3512 auil-
1002 3461 1073 3519 dcrc
1087 3460 1206 3518 videtur
1228 3459 1326 3530 rebus,
1343 3465 1403 3516 lam
1425 3457 1583 3516 mobilibus
1599 3473 1689 3532 quarn
1703 3459 1837 3516 immobi-

114 3541 226 3601 lelmus
250 3542 401 3600 bonorum
417 3542 531 3617 aliquot
553 3543 814 3602 confirmationem
834 3561 903 3618 quae
917 3544 949 3601 in
1003 3550 1092 3620 libus,
1108 3549 1140 3606 in
1153 3549 1242 3605 nulla
1256 3547 1447 3619 subjectione,
1464 3548 1496 3604 in
1511 3548 1597 3605 nullo
1607 3550 1681 3619 jure
1695 3547 1835 3620 cuiquam

113 3631 244 3689 Francia
256 3632 439 3689 monasterio
459 3647 513 3688 suo
536 3648 678 3690 concessa
692 3633 819 3703 luerunt,
834 3633 911 3692 ultro
923 3632 950 3691 ei
1003 3640 1101 3697 nostri
1113 3639 1256 3710 episcopii
1266 3638 1458 3708 pertinentiae
1470 3637 1630 3695 obnoxium
1641 3639 1836 3710 proclaman-

115 3721 272 3797 piissimus
293 3721 487 3795 rexpraebuit
510 3738 679 3792 assensum,
705 3728 796 3797 atque
819 3723 951 3795 generali
1004 3727 1386 3802 tcs,quinimosubproprio
1395 3733 1565 3799 pascerent
1575 3744 1634 3800 per
1645 3728 1836 3786 omniaabso·

115 3815 270 3886 praecepto
284 3810 412 3868 assemit
431 3812 650 3869 Fructuariensi
668 3813 850 3870 monasterio
866 3829 950 3887 que·
1005 3819 1071 3875 luta
1086 3817 1252 3875 liber-lutea
1264 3819 1402 3874 Romana
1414 3817 1481 3874 sede
1492 3817 1837 3886 tibiconcessapotiotur

115 3915 239 3975 cunque
253 3900 301 3958 vel
315 3901 380 3973 jam
395 3900 468 3958 data
488 3901 547 3974 ipsi
558 3905 667 3970 essent,
690 3907 743 3959 aut
756 3917 824 3976 quae
845 3907 951 3976 postea
1003 3911 1032 3964 et
1044 3905 1190 3964 asublato
1205 3904 1578 3976 hujusmodisubjecticnis
1588 3903 1710 3958 vinculo
1723 3905 1837 3958 constet

116 3990 194 4047 forte
210 3988 406 4058 traderentur,
424 3989 502 4046 intra
513 3989 598 4060 regni
608 3990 653 4046 sui
668 3989 743 4048 fines
758 3990 846 4064 (Vide
857 4006 951 4048 suoru
1004 3995 1287 4062 alienum‚uolumus
1301 3999 1329 4050 et
1344 4007 1396 4048 nos
1412 3994 1440 4048 ct
1452 3989 1680 4058 statuimus,sub
1695 3987 1839 4058 spnodali

116 4079 150 4135 in
164 4080 294 4134 Roamro
308 4093 377 4150 repe
389 4079 470 4136 inter
486 4084 642 4150 precepta
655 4081 719 4150 eius
739 4079 951 4136 ecclesiastica.
1005 4084 1169 4152 demetant
1184 4083 1290 4139 nullus
1304 4080 1536 4148 monaclmsput
1549 4077 1723 4149 prescripti
1736 4076 1839 4134 videli-

154 4173 181 4223 7.
210 4165 392 4224 Prolerenda
415 4183 497 4225 nunc
512 4166 661 4225 lamberti
685 4168 879 4239 Lingonensis
892 4167 953 4242 epi·
1006 4177 1052 4231 cet
1065 4172 1170 4229 domni
1188 4170 1233 4227 W.
1248 4169 1365 4227 abbatis
1377 4182 1538 4238 successor,
1551 4171 1657 4224 cantra
1669 4167 1837 4238 prefatum

117 4255 204 4329 scopi
219 4254 332 4327 charta,
348 4257 400 4331 qui
415 4255 648 4313 chtuariensis
667 4256 841 4314 monasterii
856 4257 954 4330 subja
1007 4262 1105 4320 locum
1128 4259 1247 4332 alicuid
1269 4259 1398 4332 querele
1412 4258 1460 4314 uel
1473 4257 1634 4315 calumnie
1648 4257 1774 4328 inferat,
1791 4257 1839 4314 ccl

118 4344 261 4403 ctionisa
284 4343 454 4402 Divionensi
477 4344 710 4417 immunitatem,
732 4361 827 4419 mam
849 4348 952 4403 alirn·
1006 4351 1172 4424 quidquam
1180 4348 1375 4420 proprietatis
1383 4362 1435 4405 seu
1445 4347 1636 4420 subjectionis
1650 4347 1839 4421 requiratilt

117 4451 201 4492 none
216 4431 390 4491 Guillelmus
411 4435 631 4510 impetraverat,
647 4435 845 4493 confirmavit.
863 4435 954 4508 Cujus
1006 4442 1045 4498 sit
1061 4441 1156 4511 ipitur
1167 4440 1230 4509 ipse
1239 4438 1519 4510 nundinandis
1530 4437 1639 4505 dictus,
1653 4443 1758 4494 nostra
1768 4451 1840 4507 quo-

120 4521 350 4580 tamennullum
364 4522 952 4597 habebaturpubhcuminstrumentum‚
1007 4522 1840 4603 queaucloritateinconuulsastipulationeliberctabso

119 4610 206 4686 quod
219 4615 316 4669 Bruno
331 4617 605 4686 mortspraeventus
615 4629 680 4670 rem
692 4629 755 4671 non
766 4613 952 4672 absolvisset.
1010 4620 1133 4687 lutus,et
1146 4619 1185 4676 ab
1195 4618 1277 4675 omni
1286 4613 1637 4689 quaecumconperta
1651 4611 1840 4682 fructifican-

121 4701 192 4758 liaec
208 4706 310 4760 autem
321 4703 425 4760 charta
449 4705 493 4759 est
505 4702 596 4760 veluti
617 4707 792 4762 ceterarum
817 4703 955 4760 omnium
1008 4709 1054 4766 dis
1069 4707 1227 4765 animabus
1238 4720 1354 4776 semper
1369 4703 1490 4760 Christo
1500 4697 1679 4758 ducesucris
1694 4702 1782 4769 aptus
1796 4697 1841 4752 in·

118 4805 190 4864 <11¹oe
202 4790 265 4862 (δίο)
289 4790 453 4848 asserenda
474 4790 646 4848 ffl0ssfl⁵i01⁹fi
669 4791 806 4864 ejusdem
820 4790 955 4849 libertate
1008 4798 1176 4867 crementis,
1192 4795 1314 4854 testibus
1327 4809 1365 4852 ca
1375 4797 1477 4849 nostro
1490 4791 1570 4848 clero
1586 4787 1723 4846 admissis
1737 4791 1842 4843 nostra

119 4895 215 4952 supra
226 4878 407 4954 protulimus
428 4879 653 4954 compendium.
675 4880 806 4938 liabetur
819 4880 954 4938 centana
1008 4887 1226 4958 subscriptione
1243 4885 1407 4957 sipnamus.
1431 4879 1556 4950 Signum
1576 4874 1724 4934 Lamberti
1738 4873 1842 4946 hingo

120 4985 152 5037 u,
170 4985 255 5026 num.
272 4973 356 5038 tuen
367 4969 500 5027 archivio
513 4969 594 5042 regio
606 4971 781 5028 taurinensi
790 4970 953 5045 descripte.
1008 4975 1112 5032 nensis
1123 4973 1204 5031 sedis
1213 4970 1487 5046 episcopisignum
1497 4965 1615 5024 Beraldi
1627 4962 1840 5022 archidiaconi.

156 5058 407 5129 Bpolambertus
417 5068 530 5119 sanctoe
540 5061 737 5133 Linponensis
747 5061 889 5119 Ecclesisc
897 5062 957 5132 cpi-
1011 5065 1139 5135 Signum
1155 5061 1271 5118 Beraldi
1285 5058 1404 5117 abbatis
1421 5055 1515 5114 sancti
1533 5052 1675 5127 Stephani
1690 5051 1845 5109 Divionen-

121 5162 241 5217 scapus,
251 5154 354 5206 notum
362 5150 432 5220 ficri
446 5151 564 5209 decrem
578 5157 640 5209 tam
652 5150 850 5221 presentibus
863 5166 954 5223 quarn
1010 5153 1051 5209 sis
1068 5155 1123 5208 etc.
1139 5150 1247 5206 Actum
1262 5147 1347 5218 apud
1359 5145 1514 5202 Divionem
1524 5141 1647 5212 publice
1661 5157 1691 5197 ur
1703 5141 1777 5198 Idus
1792 5141 1844 5199 Ja-

124 5236 338 5309 suluris,quoct
349 5239 472 5309 quidam
486 5239 613 5297 dilectus
627 5253 665 5296 cn
676 5240 804 5312 dilectis,
813 5241 956 5298 attacus·-
1009 5240 1114 5298 nuarii
1120 5253 1201 5296 anno
1210 5238 1248 5295 ab
1255 5236 1466 5294 incarnatione
1472 5231 1593 5289 Domini
1601 5231 1845 5305 1017,indictione

122 5324 232 5381 delicet
253 5325 433 5398 Willelmus,
447 5329 522 5385 adiit
534 5328 749 5400 paternitatem
758 5334 894 5388 nostram
904 5331 956 5402 ju·
1009 5345 1050 5387 xv
1064 5330 1210 5399 repnantc
1222 5326 1350 5382 lieberto
1374 5323 1564 5380 Francorum
1579 5336 1656 5394 repe.
1679 5321 1744 5393 Epo
1761 5321 1844 5378 Oddo

121 5415 178 5470 slis
188 5415 340 5484 precibus,
356 5423 389 5473 ut
412 5418 556 5490 spnodali
569 5417 686 5475 decreto
700 5418 851 5489 quoddam
867 5423 957 5476 testa-
1011 5415 1215 5477 cancellarius
1227 5415 1260 5472 in
1275 5414 1389 5486 synodo
1402 5417 1515 5469 sancta
1528 5411 1724 5483 Linponcnsis
1738 5409 1845 5466 Eccle-

124 5508 269 5575 mcntum,
296 5506 376 5577 quod
397 5508 438 5564 ad
452 5513 552 5564 uotum
561 5511 720 5577 preventu
742 5508 846 5564 mortis
867 5507 958 5564 beate
1011 5509 1065 5566 sice
1079 5507 1134 5564 bac
1145 5508 1352 5562 testamentum
1364 5502 1575 5574 perfectumel
1586 5501 1624 5557 ab
1637 5499 1719 5556 omni
1732 5497 1846 5568 synodo

122 5595 507 5666 mmffloemaedccessorn
522 5597 620 5655 nostri
631 5597 782 5655 Brunonis
793 5595 959 5667 adimplere
1014 5595 1172 5657 laudatum
1187 5599 1215 5653 et
1233 5593 1442 5666 confirmatum
1458 5591 1617 5663 rccopnoci
1628 5593 1656 5646 et
1673 5587 1847 5658 subscripsi.

323 5687 448 5744 Person.
468 5687 554 5744 Cllhl.
1671 5679 1706 5732 27
