<?xml version="1.0" encoding="UTF-8"?>
<!DOCTYPE html PUBLIC "-//W3C//DTD XHTML 1.0 Transitional//EN"
    "http://www.w3.org/TR/xhtml1/DTD/xhtml1-transitional.dtd">
<html xmlns="http://www.w3.org/1999/xhtml" xml:lang="en" lang="en">
 <head>
  <title>
</title>
<meta http-equiv="Content-Type" content="text/html;charset=utf-8" />
  <meta name='ocr-system' content='tesseract 3.04.00' />
  <meta name='ocr-capabilities' content='ocr_page ocr_carea ocr_par ocr_line ocrx_word'/>
</head>
<body>
  <div class='ocr_page' id='page_1' title='image "./patrologiaecurs127unkngoog_0329.png"; bbox 0 0 3996 6186; ppageno 0'>
   <div class='ocr_carea' id='block_1_1' title="bbox 89 115 1846 332">
    <p class='ocr_par' dir='ltr' id='par_1_1' title="bbox 89 115 1846 332">
     <span class='ocr_line' id='line_1_1' title="bbox 92 115 1846 194; baseline 0.01 -17"><span class='ocrx_word' id='word_1_1' title='bbox 92 123 134 177; x_wconf 81' lang='lat' dir='ltr'><strong>tlt</strong></span> <span class='ocrx_word' id='word_1_2' title='bbox 360 115 1200 180; x_wconf 69' lang='grc' dir='ltr'>ΒΕ6Ε8Τ18ΝοΒΜΑΝΝΙΕὓυῦιιΙιιΒιιιΤιιΕὲ.-</span> <span class='ocrx_word' id='word_1_3' title='bbox 1224 127 1288 183; x_wconf 80' lang='lat' dir='ltr'><strong>llll.</strong></span> <span class='ocrx_word' id='word_1_4' title='bbox 1309 129 1343 184; x_wconf 90' lang='lat' dir='ltr'><strong>ll.</strong></span> <span class='ocrx_word' id='word_1_5' title='bbox 1363 127 1490 185; x_wconf 78' lang='lat' dir='ltr'><strong>hollo.</strong></span> <span class='ocrx_word' id='word_1_6' title='bbox 1723 137 1776 194; x_wconf 77' lang='lat' dir='ltr'><strong>tiit)</strong></span> <span class='ocrx_word' id='word_1_7' title='bbox 1838 135 1846 148; x_wconf 85' lang='grc'><strong>’</strong></span> 
     </span>
     <span class='ocr_line' id='line_1_2' title="bbox 89 239 1788 332; baseline 0.009 -31"><span class='ocrx_word' id='word_1_8' title='bbox 89 242 261 308; x_wconf 88' lang='lat' dir='ltr'><strong>liatisurnus‚</strong></span> <span class='ocrx_word' id='word_1_9' title='bbox 274 243 465 314; x_wconf 87' lang='lat' dir='ltr'><strong>Francosque</strong></span> <span class='ocrx_word' id='word_1_10' title='bbox 474 239 689 299; x_wconf 73' lang='lat' dir='ltr'><strong>debellavimus</strong></span> <span class='ocrx_word' id='word_1_11' title='bbox 698 260 706 310; x_wconf 80' lang='lat'>3</span> <span class='ocrx_word' id='word_1_12' title='bbox 715 257 904 316; x_wconf 87' lang='lat' dir='ltr'><strong>consequens</strong></span> <span class='ocrx_word' id='word_1_13' title='bbox 922 244 943 298; x_wconf 80' lang='grc' dir='ltr'><strong>Α</strong></span> <span class='ocrx_word' id='word_1_14' title='bbox 959 241 1040 312; x_wconf 82' lang='grc' dir='ltr'>ιιιιο;</span> <span class='ocrx_word' id='word_1_15' title='bbox 1056 260 1112 316; x_wconf 89' lang='lat' dir='ltr'><strong>ego</strong></span> <span class='ocrx_word' id='word_1_16' title='bbox 1127 246 1179 318; x_wconf 91' lang='lat' dir='ltr'><strong>illi,</strong></span> <span class='ocrx_word' id='word_1_17' title='bbox 1195 253 1228 306; x_wconf 94' lang='lat' dir='ltr'><strong>ut</strong></span> <span class='ocrx_word' id='word_1_18' title='bbox 1241 249 1322 307; x_wconf 89' lang='lat' dir='ltr'><strong>lilius</strong></span> <span class='ocrx_word' id='word_1_19' title='bbox 1335 251 1422 324; x_wconf 91' lang='lat' dir='ltr'><strong>patri.</strong></span> <span class='ocrx_word' id='word_1_20' title='bbox 1439 254 1572 312; x_wconf 87' lang='lat' dir='ltr'><strong>Gaudeat</strong></span> <span class='ocrx_word' id='word_1_21' title='bbox 1584 269 1652 314; x_wconf 87' lang='lat' dir='ltr'><strong>mea</strong></span> <span class='ocrx_word' id='word_1_22' title='bbox 1665 271 1788 332; x_wconf 90' lang='lat' dir='ltr'><strong>prospe-</strong></span> 
     </span>
    </p>
   </div>
   <div class='ocr_carea' id='block_1_2' title="bbox 87 330 1789 688">
    <p class='ocr_par' dir='ltr' id='par_1_2' title="bbox 87 330 1789 688">
     <span class='ocr_line' id='line_1_3' title="bbox 89 330 1788 421; baseline 0.009 -32"><span class='ocrx_word' id='word_1_23' title='bbox 89 330 292 390; x_wconf 83' lang='lat' dir='ltr'><strong>rideturnobis</strong></span> <span class='ocrx_word' id='word_1_24' title='bbox 307 335 340 387; x_wconf 91' lang='lat' dir='ltr'><strong>ut</strong></span> <span class='ocrx_word' id='word_1_25' title='bbox 353 331 585 403; x_wconf 79' lang='lat' dir='ltr'><strong>requiescamus,</strong></span> <span class='ocrx_word' id='word_1_26' title='bbox 601 331 807 405; x_wconf 77' lang='lat' dir='ltr'><strong>fructibusque</strong></span> <span class='ocrx_word' id='word_1_27' title='bbox 819 335 905 389; x_wconf 75' lang='lat' dir='ltr'><strong>terre</strong></span> <span class='ocrx_word' id='word_1_28' title='bbox 958 330 1054 406; x_wconf 89' lang='lat' dir='ltr'><strong>ritate,</strong></span> <span class='ocrx_word' id='word_1_29' title='bbox 1074 334 1204 394; x_wconf 88' lang='lat' dir='ltr'><strong>tristetur</strong></span> <span class='ocrx_word' id='word_1_30' title='bbox 1217 354 1286 398; x_wconf 90' lang='lat' dir='ltr'><strong>mea</strong></span> <span class='ocrx_word' id='word_1_31' title='bbox 1298 339 1487 400; x_wconf 88' lang='lat' dir='ltr'><strong>adversitate.</strong></span> <span class='ocrx_word' id='word_1_32' title='bbox 1504 344 1576 410; x_wconf 81' lang='lat' dir='ltr'><strong>Qun</strong></span> <span class='ocrx_word' id='word_1_33' title='bbox 1589 361 1663 402; x_wconf 80' lang='lat' dir='ltr'><strong>mera</strong></span> <span class='ocrx_word' id='word_1_34' title='bbox 1688 351 1788 421; x_wconf 89' lang='lat' dir='ltr'><strong>potes·</strong></span> 
     </span>
     <span class='ocr_line' id='line_1_4' title="bbox 88 419 1786 511; baseline 0.01 -35"><span class='ocrx_word' id='word_1_35' title='bbox 88 419 222 496; x_wconf 77' lang='lat' dir='ltr'><strong>patienter</strong></span> <span class='ocrx_word' id='word_1_36' title='bbox 232 419 377 476; x_wconf 82' lang='lat' dir='ltr'><strong>fruamur.</strong></span> <span class='ocrx_word' id='word_1_37' title='bbox 395 419 517 477; x_wconf 75' lang='lat' dir='ltr'><strong>Remitte</strong></span> <span class='ocrx_word' id='word_1_38' title='bbox 540 420 603 492; x_wconf 89' lang='lat' dir='ltr'><strong>regi</strong></span> <span class='ocrx_word' id='word_1_39' title='bbox 630 421 817 496; x_wconf 88' lang='lat' dir='ltr'><strong>episcopum,</strong></span> <span class='ocrx_word' id='word_1_40' title='bbox 837 425 870 478; x_wconf 92' lang='lat' dir='ltr'><strong>ut</strong></span> <span class='ocrx_word' id='word_1_41' title='bbox 881 421 906 477; x_wconf 92' lang='lat' dir='ltr'><strong>si</strong></span> <span class='ocrx_word' id='word_1_42' title='bbox 959 421 1027 478; x_wconf 88' lang='lat' dir='ltr'><strong>tetis</strong></span> <span class='ocrx_word' id='word_1_43' title='bbox 1042 430 1120 498; x_wconf 91' lang='lat' dir='ltr'><strong>sunt,</strong></span> <span class='ocrx_word' id='word_1_44' title='bbox 1134 427 1263 500; x_wconf 87' lang='lat' dir='ltr'><strong>suijuris</strong></span> <span class='ocrx_word' id='word_1_45' title='bbox 1277 431 1347 500; x_wconf 90' lang='lat' dir='ltr'><strong>sint,</strong></span> <span class='ocrx_word' id='word_1_46' title='bbox 1362 435 1391 488; x_wconf 92' lang='lat' dir='ltr'><strong>et</strong></span> <span class='ocrx_word' id='word_1_47' title='bbox 1403 447 1472 505; x_wconf 79' lang='lat' dir='ltr'><strong>quae</strong></span> <span class='ocrx_word' id='word_1_48' title='bbox 1485 433 1545 491; x_wconf 91' lang='lat' dir='ltr'><strong>mei</strong></span> <span class='ocrx_word' id='word_1_49' title='bbox 1556 433 1642 506; x_wconf 86' lang='lat' dir='ltr'><strong>juris,</strong></span> <span class='ocrx_word' id='word_1_50' title='bbox 1658 451 1719 494; x_wconf 77' lang='lat' dir='ltr'><strong>suae</strong></span> <span class='ocrx_word' id='word_1_51' title='bbox 1732 453 1786 511; x_wconf 93' lang='lat' dir='ltr'><strong>po-</strong></span> 
     </span>
     <span class='ocr_line' id='line_1_5' title="bbox 87 508 1789 596; baseline 0.009 -29"><span class='ocrx_word' id='word_1_52' title='bbox 87 509 191 568; x_wconf 89' lang='lat' dir='ltr'><strong>dederit</strong></span> <span class='ocrx_word' id='word_1_53' title='bbox 205 508 352 583; x_wconf 90' lang='lat' dir='ltr'><strong>tibiquod</strong></span> <span class='ocrx_word' id='word_1_54' title='bbox 367 508 540 583; x_wconf 84' lang='lat' dir='ltr'><strong>spopondit,</strong></span> <span class='ocrx_word' id='word_1_55' title='bbox 557 513 585 566; x_wconf 89' lang='lat' dir='ltr'><strong>te</strong></span> <span class='ocrx_word' id='word_1_56' title='bbox 599 509 681 567; x_wconf 92' lang='lat' dir='ltr'><strong>dicat</strong></span> <span class='ocrx_word' id='word_1_57' title='bbox 708 527 763 566; x_wconf 91' lang='lat' dir='ltr'><strong>suo</strong></span> <span class='ocrx_word' id='word_1_58' title='bbox 787 511 906 568; x_wconf 88' lang='lat' dir='ltr'><strong>servitio</strong></span> <span class='ocrx_word' id='word_1_59' title='bbox 959 511 1073 568; x_wconf 86' lang='lat' dir='ltr'><strong>testatis</strong></span> <span class='ocrx_word' id='word_1_60' title='bbox 1100 513 1166 572; x_wconf 89' lang='lat' dir='ltr'><strong>sint.</strong></span> <span class='ocrx_word' id='word_1_61' title='bbox 1184 539 1199 568; x_wconf 88' lang='lat'>»</span> <span class='ocrx_word' id='word_1_62' title='bbox 1227 518 1427 576; x_wconf 81' lang='lat' dir='ltr'><strong>internuntius</strong></span> <span class='ocrx_word' id='word_1_63' title='bbox 1454 520 1546 592; x_wconf 89' lang='lat' dir='ltr'><strong>igitur</strong></span> <span class='ocrx_word' id='word_1_64' title='bbox 1575 538 1644 596; x_wconf 75' lang='lat' dir='ltr'><strong>que</strong></span> <span class='ocrx_word' id='word_1_65' title='bbox 1668 523 1789 594; x_wconf 84' lang='lat' dir='ltr'><strong>audivit,</strong></span> 
     </span>
     <span class='ocr_line' id='line_1_6' title="bbox 87 598 1789 688; baseline 0.008 -30"><span class='ocrx_word' id='word_1_66' title='bbox 87 615 141 658; x_wconf 87' lang='lat' dir='ltr'><strong>esse</strong></span> <span class='ocrx_word' id='word_1_67' title='bbox 165 608 350 673; x_wconf 85' lang='lat' dir='ltr'><strong>promptum.</strong></span> <span class='ocrx_word' id='word_1_68' title='bbox 374 598 528 655; x_wconf 84' lang='lat' dir='ltr'><strong>Remanda</strong></span> <span class='ocrx_word' id='word_1_69' title='bbox 554 598 581 656; x_wconf 90' lang='lat' dir='ltr'><strong>ei</strong></span> <span class='ocrx_word' id='word_1_70' title='bbox 609 599 796 656; x_wconf 82' lang='lat' dir='ltr'><strong>securitatem</strong></span> <span class='ocrx_word' id='word_1_71' title='bbox 822 600 906 673; x_wconf 91' lang='lat' dir='ltr'><strong>pacis</strong></span> <span class='ocrx_word' id='word_1_72' title='bbox 958 600 1098 659; x_wconf 78' lang='lat' dir='ltr'><strong>lictberto</strong></span> <span class='ocrx_word' id='word_1_73' title='bbox 1110 603 1178 662; x_wconf 92' lang='lat' dir='ltr'><strong>duci</strong></span> <span class='ocrx_word' id='word_1_74' title='bbox 1191 609 1381 666; x_wconf 77' lang='lat' dir='ltr'><strong>renuntiavit.</strong></span> <span class='ocrx_word' id='word_1_75' title='bbox 1397 610 1511 668; x_wconf 75' lang='lat' dir='ltr'><strong>saturo</strong></span> <span class='ocrx_word' id='word_1_76' title='bbox 1525 611 1638 670; x_wconf 92' lang='lat' dir='ltr'><strong>idcirco</strong></span> <span class='ocrx_word' id='word_1_77' title='bbox 1655 618 1789 688; x_wconf 87' lang='lat' dir='ltr'><strong>tempore</strong></span> 
     </span>
    </p>
   </div>
   <div class='ocr_carea' id='block_1_3' title="bbox 68 686 1792 5735">
    <p class='ocr_par' dir='ltr' id='par_1_3' title="bbox 68 686 1792 3257">
     <span class='ocr_line' id='line_1_7' title="bbox 85 686 1791 772; baseline 0.007 -25"><span class='ocrx_word' id='word_1_78' title='bbox 85 689 164 747; x_wconf 82' lang='lat' dir='ltr'><strong>trium</strong></span> <span class='ocrx_word' id='word_1_79' title='bbox 181 688 342 758; x_wconf 87' lang='lat' dir='ltr'><strong>mensium,</strong></span> <span class='ocrx_word' id='word_1_80' title='bbox 357 692 385 744; x_wconf 92' lang='lat' dir='ltr'><strong>et</strong></span> <span class='ocrx_word' id='word_1_81' title='bbox 400 691 432 744; x_wconf 90' lang='lat' dir='ltr'><strong>ut</strong></span> <span class='ocrx_word' id='word_1_82' title='bbox 447 691 609 762; x_wconf 76' lang='lat' dir='ltr'><strong>sequestrae</strong></span> <span class='ocrx_word' id='word_1_83' title='bbox 624 687 708 762; x_wconf 87' lang='lat' dir='ltr'><strong>pacis</strong></span> <span class='ocrx_word' id='word_1_84' title='bbox 731 686 829 760; x_wconf 90' lang='lat' dir='ltr'><strong>spatio</strong></span> <span class='ocrx_word' id='word_1_85' title='bbox 853 701 906 742; x_wconf 91' lang='lat' dir='ltr'><strong>ve·</strong></span> <span class='ocrx_word' id='word_1_86' title='bbox 959 693 1154 749; x_wconf 81' lang='lat' dir='ltr'><strong>veneruntad</strong></span> <span class='ocrx_word' id='word_1_87' title='bbox 1165 693 1396 755; x_wconf 90' lang='lat' dir='ltr'><strong>determinatum</strong></span> <span class='ocrx_word' id='word_1_88' title='bbox 1416 698 1529 768; x_wconf 90' lang='lat' dir='ltr'><strong>locum,</strong></span> <span class='ocrx_word' id='word_1_89' title='bbox 1554 700 1608 772; x_wconf 93' lang='lat' dir='ltr'><strong>qui</strong></span> <span class='ocrx_word' id='word_1_90' title='bbox 1623 700 1733 758; x_wconf 90' lang='lat' dir='ltr'><strong>dicitur</strong></span> <span class='ocrx_word' id='word_1_91' title='bbox 1751 702 1791 759; x_wconf 92' lang='lat' dir='ltr'><strong>ad</strong></span> 
     </span>
     <span class='ocr_line' id='line_1_8' title="bbox 84 775 1791 862; baseline 0.008 -28"><span class='ocrx_word' id='word_1_92' title='bbox 84 780 148 846; x_wconf 87' lang='lat' dir='ltr'><strong>nial,</strong></span> <span class='ocrx_word' id='word_1_93' title='bbox 162 777 190 833; x_wconf 90' lang='lat' dir='ltr'><strong>si</strong></span> <span class='ocrx_word' id='word_1_94' title='bbox 201 775 274 842; x_wconf 91' lang='lat' dir='ltr'><strong>vult,</strong></span> <span class='ocrx_word' id='word_1_95' title='bbox 288 781 393 833; x_wconf 89' lang='lat' dir='ltr'><strong>contra</strong></span> <span class='ocrx_word' id='word_1_96' title='bbox 407 781 435 833; x_wconf 90' lang='lat' dir='ltr'><strong>te</strong></span> <span class='ocrx_word' id='word_1_97' title='bbox 448 776 488 833; x_wconf 90' lang='lat' dir='ltr'><strong>ad</strong></span> <span class='ocrx_word' id='word_1_98' title='bbox 502 775 656 849; x_wconf 85' lang='lat' dir='ltr'><strong>placitum,</strong></span> <span class='ocrx_word' id='word_1_99' title='bbox 678 775 827 849; x_wconf 85' lang='lat' dir='ltr'><strong>iaciatque</strong></span> <span class='ocrx_word' id='word_1_100' title='bbox 841 790 906 830; x_wconf 91' lang='lat' dir='ltr'><strong>ver·</strong></span> <span class='ocrx_word' id='word_1_101' title='bbox 961 778 1102 836; x_wconf 88' lang='lat' dir='ltr'><strong>Sanctum</strong></span> <span class='ocrx_word' id='word_1_102' title='bbox 1116 781 1242 840; x_wconf 85' lang='lat' dir='ltr'><strong>Clerum.</strong></span> <span class='ocrx_word' id='word_1_103' title='bbox 1257 786 1386 844; x_wconf 82' lang='lat' dir='ltr'><strong>llolloois</strong></span> <span class='ocrx_word' id='word_1_104' title='bbox 1400 793 1500 847; x_wconf 88' lang='lat' dir='ltr'><strong>autem</strong></span> <span class='ocrx_word' id='word_1_105' title='bbox 1510 788 1552 846; x_wconf 91' lang='lat' dir='ltr'><strong>cis</strong></span> <span class='ocrx_word' id='word_1_106' title='bbox 1569 791 1649 862; x_wconf 82' lang='lat' dir='ltr'><strong>aptae</strong></span> <span class='ocrx_word' id='word_1_107' title='bbox 1663 790 1791 848; x_wconf 84' lang='lat' dir='ltr'><strong>fluvium</strong></span> 
     </span>
     <span class='ocr_line' id='line_1_9' title="bbox 84 865 1788 945; baseline 0.008 -21"><span class='ocrx_word' id='word_1_108' title='bbox 84 867 186 924; x_wconf 92' lang='lat' dir='ltr'><strong>horum</strong></span> <span class='ocrx_word' id='word_1_109' title='bbox 201 883 327 924; x_wconf 88' lang='lat' dir='ltr'><strong>suorum</strong></span> <span class='ocrx_word' id='word_1_110' title='bbox 338 870 367 924; x_wconf 90' lang='lat' dir='ltr'><strong>et</strong></span> <span class='ocrx_word' id='word_1_111' title='bbox 380 865 614 940; x_wconf 89' lang='lat' dir='ltr'><strong>promissionem</strong></span> <span class='ocrx_word' id='word_1_112' title='bbox 625 869 655 922; x_wconf 90' lang='lat' dir='ltr'><strong>te</strong></span> <span class='ocrx_word' id='word_1_113' title='bbox 669 865 838 939; x_wconf 86' lang='lat' dir='ltr'><strong>peremnia</strong></span> <span class='ocrx_word' id='word_1_114' title='bbox 862 879 906 920; x_wconf 84' lang='lat' dir='ltr'><strong>se·</strong></span> <span class='ocrx_word' id='word_1_115' title='bbox 960 867 1035 924; x_wconf 84' lang='lat' dir='ltr'><strong>sedit</strong></span> <span class='ocrx_word' id='word_1_116' title='bbox 1049 870 1203 941; x_wconf 90' lang='lat' dir='ltr'><strong>exercitus,</strong></span> <span class='ocrx_word' id='word_1_117' title='bbox 1216 874 1294 945; x_wconf 88' lang='lat' dir='ltr'><strong>regis</strong></span> <span class='ocrx_word' id='word_1_118' title='bbox 1308 891 1380 932; x_wconf 90' lang='lat' dir='ltr'><strong>vero</strong></span> <span class='ocrx_word' id='word_1_119' title='bbox 1391 881 1420 934; x_wconf 89' lang='lat' dir='ltr'><strong>et</strong></span> <span class='ocrx_word' id='word_1_120' title='bbox 1444 877 1574 935; x_wconf 74' lang='lat' dir='ltr'><strong>lietberti</strong></span> <span class='ocrx_word' id='word_1_121' title='bbox 1602 879 1788 937; x_wconf 75' lang='lat' dir='ltr'><strong>utansecus.</strong></span> 
     </span>
     <span class='ocr_line' id='line_1_10' title="bbox 84 951 1789 1038; baseline 0.008 -25"><span class='ocrx_word' id='word_1_122' title='bbox 84 973 191 1013; x_wconf 86' lang='lat' dir='ltr'><strong>comm.</strong></span> <span class='ocrx_word' id='word_1_123' title='bbox 209 978 223 1006; x_wconf 73' lang='lat' dir='ltr'><strong>a</strong></span> <span class='ocrx_word' id='word_1_124' title='bbox 244 956 347 1014; x_wconf 83' lang='lat' dir='ltr'><strong>Statim</strong></span> <span class='ocrx_word' id='word_1_125' title='bbox 372 954 455 1012; x_wconf 87' lang='lat' dir='ltr'><strong>ltollo</strong></span> <span class='ocrx_word' id='word_1_126' title='bbox 475 970 567 1028; x_wconf 91' lang='lat' dir='ltr'><strong>supra</strong></span> <span class='ocrx_word' id='word_1_127' title='bbox 581 953 661 1011; x_wconf 91' lang='lat' dir='ltr'><strong>dicto</strong></span> <span class='ocrx_word' id='word_1_128' title='bbox 680 953 823 1028; x_wconf 88' lang='lat' dir='ltr'><strong>episcopo</strong></span> <span class='ocrx_word' id='word_1_129' title='bbox 837 951 905 1009; x_wconf 87' lang='lat' dir='ltr'><strong>inti·</strong></span> <span class='ocrx_word' id='word_1_130' title='bbox 959 957 1114 1031; x_wconf 82' lang='lat' dir='ltr'><strong>Extemplo</strong></span> <span class='ocrx_word' id='word_1_131' title='bbox 1126 960 1210 1017; x_wconf 82' lang='lat' dir='ltr'><strong>Folle</strong></span> <span class='ocrx_word' id='word_1_132' title='bbox 1222 963 1353 1021; x_wconf 89' lang='lat' dir='ltr'><strong>misitad</strong></span> <span class='ocrx_word' id='word_1_133' title='bbox 1366 981 1467 1038; x_wconf 88' lang='lat' dir='ltr'><strong>regem</strong></span> <span class='ocrx_word' id='word_1_134' title='bbox 1482 970 1664 1027; x_wconf 73' lang='lat' dir='ltr'><strong>mancorum</strong></span> <span class='ocrx_word' id='word_1_135' title='bbox 1692 969 1789 1026; x_wconf 89' lang='lat' dir='ltr'><strong>archi·</strong></span> 
     </span>
     <span class='ocr_line' id='line_1_11' title="bbox 83 1041 1789 1122; baseline 0.008 -19"><span class='ocrx_word' id='word_1_136' title='bbox 83 1046 176 1112; x_wconf 90' lang='lat' dir='ltr'><strong>mavit,</strong></span> <span class='ocrx_word' id='word_1_137' title='bbox 192 1045 317 1117; x_wconf 91' lang='lat' dir='ltr'><strong>regique</strong></span> <span class='ocrx_word' id='word_1_138' title='bbox 330 1049 363 1100; x_wconf 91' lang='lat' dir='ltr'><strong>ut</strong></span> <span class='ocrx_word' id='word_1_139' title='bbox 373 1044 437 1101; x_wconf 73' lang='lat' dir='ltr'><strong>haec</strong></span> <span class='ocrx_word' id='word_1_140' title='bbox 452 1043 563 1100; x_wconf 90' lang='lat' dir='ltr'><strong>diceret</strong></span> <span class='ocrx_word' id='word_1_141' title='bbox 575 1043 616 1099; x_wconf 89' lang='lat' dir='ltr'><strong>ad</strong></span> <span class='ocrx_word' id='word_1_142' title='bbox 630 1058 701 1100; x_wconf 91' lang='lat' dir='ltr'><strong>eum</strong></span> <span class='ocrx_word' id='word_1_143' title='bbox 710 1041 832 1100; x_wconf 88' lang='lat' dir='ltr'><strong>remisit.</strong></span> <span class='ocrx_word' id='word_1_144' title='bbox 849 1041 905 1108; x_wconf 82' lang='lat' dir='ltr'><strong>Oui</strong></span> <span class='ocrx_word' id='word_1_145' title='bbox 958 1045 1137 1122; x_wconf 91' lang='lat' dir='ltr'><strong>episcopum</strong></span> <span class='ocrx_word' id='word_1_146' title='bbox 1149 1050 1242 1109; x_wconf 89' lang='lat' dir='ltr'><strong>verba</strong></span> <span class='ocrx_word' id='word_1_147' title='bbox 1255 1051 1383 1110; x_wconf 87' lang='lat' dir='ltr'><strong>dicenda</strong></span> <span class='ocrx_word' id='word_1_148' title='bbox 1397 1055 1547 1113; x_wconf 92' lang='lat' dir='ltr'><strong>dicturum</strong></span> <span class='ocrx_word' id='word_1_149' title='bbox 1568 1075 1575 1113; x_wconf 93' lang='lat'><strong>:</strong></span> <span class='ocrx_word' id='word_1_150' title='bbox 1601 1080 1615 1108; x_wconf 79' lang='lat' dir='ltr'><strong>a</strong></span> <span class='ocrx_word' id='word_1_151' title='bbox 1631 1058 1714 1116; x_wconf 79' lang='lat' dir='ltr'><strong>Fullo</strong></span> <span class='ocrx_word' id='word_1_152' title='bbox 1725 1074 1789 1118; x_wconf 89' lang='lat' dir='ltr'><strong>non</strong></span> 
     </span>
     <span class='ocr_line' id='line_1_12' title="bbox 83 1131 1789 1219; baseline 0.008 -28"><span class='ocrx_word' id='word_1_153' title='bbox 83 1134 198 1192; x_wconf 89' lang='lat' dir='ltr'><strong>veniens</strong></span> <span class='ocrx_word' id='word_1_154' title='bbox 213 1134 253 1191; x_wconf 88' lang='lat' dir='ltr'><strong>ad</strong></span> <span class='ocrx_word' id='word_1_155' title='bbox 267 1147 380 1204; x_wconf 88' lang='lat' dir='ltr'><strong>regem,</strong></span> <span class='ocrx_word' id='word_1_156' title='bbox 394 1137 559 1190; x_wconf 85' lang='lat' dir='ltr'><strong>convocato</strong></span> <span class='ocrx_word' id='word_1_157' title='bbox 572 1131 796 1205; x_wconf 86' lang='lat' dir='ltr'><strong>episcoporum,</strong></span> <span class='ocrx_word' id='word_1_158' title='bbox 816 1131 906 1188; x_wconf 88' lang='lat' dir='ltr'><strong>comi·</strong></span> <span class='ocrx_word' id='word_1_159' title='bbox 957 1139 1056 1208; x_wconf 85' lang='lat' dir='ltr'><strong>potest</strong></span> <span class='ocrx_word' id='word_1_160' title='bbox 1070 1141 1168 1196; x_wconf 67' lang='lat' dir='ltr'><strong>baum</strong></span> <span class='ocrx_word' id='word_1_161' title='bbox 1181 1139 1345 1215; x_wconf 86' lang='lat' dir='ltr'><strong>pacificari,</strong></span> <span class='ocrx_word' id='word_1_162' title='bbox 1371 1142 1443 1216; x_wconf 90' lang='lat' dir='ltr'><strong>quia</strong></span> <span class='ocrx_word' id='word_1_163' title='bbox 1466 1149 1544 1202; x_wconf 87' lang='lat' dir='ltr'><strong>terra</strong></span> <span class='ocrx_word' id='word_1_164' title='bbox 1557 1162 1651 1219; x_wconf 92' lang='lat' dir='ltr'><strong>quam</strong></span> <span class='ocrx_word' id='word_1_165' title='bbox 1678 1146 1719 1204; x_wconf 92' lang='lat' dir='ltr'><strong>illi</strong></span> <span class='ocrx_word' id='word_1_166' title='bbox 1743 1148 1789 1204; x_wconf 88' lang='lat' dir='ltr'><strong>via</strong></span> 
     </span>
     <span class='ocr_line' id='line_1_13' title="bbox 83 1220 1789 1308; baseline 0.008 -29"><span class='ocrx_word' id='word_1_167' title='bbox 83 1229 150 1290; x_wconf 89' lang='lat' dir='ltr'><strong>tum,</strong></span> <span class='ocrx_word' id='word_1_168' title='bbox 174 1227 264 1297; x_wconf 87' lang='lat' dir='ltr'><strong>atque</strong></span> <span class='ocrx_word' id='word_1_169' title='bbox 292 1223 441 1279; x_wconf 91' lang='lat' dir='ltr'><strong>abbatum</strong></span> <span class='ocrx_word' id='word_1_170' title='bbox 462 1227 552 1291; x_wconf 85' lang='lat' dir='ltr'><strong>eoetu,</strong></span> <span class='ocrx_word' id='word_1_171' title='bbox 581 1221 654 1278; x_wconf 90' lang='lat' dir='ltr'><strong>dixit</strong></span> <span class='ocrx_word' id='word_1_172' title='bbox 680 1241 686 1277; x_wconf 96' lang='lat'><strong>:</strong></span> <span class='ocrx_word' id='word_1_173' title='bbox 717 1220 825 1277; x_wconf 87' lang='lat' dir='ltr'><strong>«ltollo</strong></span> <span class='ocrx_word' id='word_1_174' title='bbox 843 1220 905 1277; x_wconf 85' lang='lat' dir='ltr'><strong>dux</strong></span> <span class='ocrx_word' id='word_1_175' title='bbox 958 1224 1030 1281; x_wconf 91' lang='lat' dir='ltr'><strong>dare</strong></span> <span class='ocrx_word' id='word_1_176' title='bbox 1055 1225 1168 1284; x_wconf 91' lang='lat' dir='ltr'><strong>inculta</strong></span> <span class='ocrx_word' id='word_1_177' title='bbox 1191 1233 1236 1286; x_wconf 88' lang='lat' dir='ltr'><strong>ast</strong></span> <span class='ocrx_word' id='word_1_178' title='bbox 1264 1246 1397 1302; x_wconf 85' lang='lat' dir='ltr'><strong>vomere,</strong></span> <span class='ocrx_word' id='word_1_179' title='bbox 1421 1231 1574 1304; x_wconf 83' lang='lat' dir='ltr'><strong>pecudum</strong></span> <span class='ocrx_word' id='word_1_180' title='bbox 1603 1239 1632 1290; x_wconf 90' lang='lat' dir='ltr'><strong>et</strong></span> <span class='ocrx_word' id='word_1_181' title='bbox 1644 1251 1789 1308; x_wconf 90' lang='lat' dir='ltr'><strong>pecorum</strong></span> 
     </span>
     <span class='ocr_line' id='line_1_14' title="bbox 83 1308 1790 1395; baseline 0.006 -26"><span class='ocrx_word' id='word_1_182' title='bbox 83 1312 350 1370; x_wconf 81' lang='lat' dir='ltr'><strong>Northmannorum</strong></span> <span class='ocrx_word' id='word_1_183' title='bbox 359 1310 414 1367; x_wconf 91' lang='lat' dir='ltr'><strong>tibi</strong></span> <span class='ocrx_word' id='word_1_184' title='bbox 426 1311 538 1368; x_wconf 84' lang='lat' dir='ltr'><strong>amoris</strong></span> <span class='ocrx_word' id='word_1_185' title='bbox 549 1315 577 1367; x_wconf 92' lang='lat' dir='ltr'><strong>et</strong></span> <span class='ocrx_word' id='word_1_186' title='bbox 590 1308 729 1367; x_wconf 77' lang='lat' dir='ltr'><strong>amicitiae</strong></span> <span class='ocrx_word' id='word_1_187' title='bbox 752 1309 904 1366; x_wconf 82' lang='lat' dir='ltr'><strong>inextrica-</strong></span> <span class='ocrx_word' id='word_1_188' title='bbox 958 1329 1048 1387; x_wconf 91' lang='lat' dir='ltr'><strong>grege</strong></span> <span class='ocrx_word' id='word_1_189' title='bbox 1072 1317 1198 1376; x_wconf 89' lang='lat' dir='ltr'><strong>omnino</strong></span> <span class='ocrx_word' id='word_1_190' title='bbox 1224 1317 1350 1393; x_wconf 84' lang='lat' dir='ltr'><strong>privata,</strong></span> <span class='ocrx_word' id='word_1_191' title='bbox 1383 1319 1603 1395; x_wconf 89' lang='lat' dir='ltr'><strong>hominumque</strong></span> <span class='ocrx_word' id='word_1_192' title='bbox 1631 1323 1790 1395; x_wconf 82' lang='lat' dir='ltr'><strong>praesentia</strong></span> 
     </span>
     <span class='ocr_line' id='line_1_15' title="bbox 81 1395 1790 1485; baseline 0.004 -24"><span class='ocrx_word' id='word_1_193' title='bbox 81 1399 153 1472; x_wconf 76' lang='lat' dir='ltr'><strong>biliS,</strong></span> <span class='ocrx_word' id='word_1_194' title='bbox 167 1399 242 1473; x_wconf 79' lang='lat' dir='ltr'><strong>quin</strong></span> <span class='ocrx_word' id='word_1_195' title='bbox 256 1399 346 1456; x_wconf 72' lang='lat' dir='ltr'><strong>eliam</strong></span> <span class='ocrx_word' id='word_1_196' title='bbox 357 1398 469 1455; x_wconf 74' lang='lat' dir='ltr'><strong>servitii</strong></span> <span class='ocrx_word' id='word_1_197' title='bbox 489 1403 623 1471; x_wconf 66' lang='lat' dir='ltr'><strong>pactum,</strong></span> <span class='ocrx_word' id='word_1_198' title='bbox 637 1397 661 1453; x_wconf 64' lang='grc' dir='ltr'>δί</span> <span class='ocrx_word' id='word_1_199' title='bbox 679 1397 796 1453; x_wconf 69' lang='lat' dir='ltr'><strong>dederis</strong></span> <span class='ocrx_word' id='word_1_200' title='bbox 809 1395 904 1453; x_wconf 71' lang='lat' dir='ltr'><strong>filiam</strong></span> <span class='ocrx_word' id='word_1_201' title='bbox 957 1403 1108 1462; x_wconf 82' lang='lat' dir='ltr'><strong>frustrata.</strong></span> <span class='ocrx_word' id='word_1_202' title='bbox 1126 1409 1190 1464; x_wconf 88' lang='lat' dir='ltr'><strong>Non</strong></span> <span class='ocrx_word' id='word_1_203' title='bbox 1211 1407 1340 1465; x_wconf 89' lang='lat' dir='ltr'><strong>habetur</strong></span> <span class='ocrx_word' id='word_1_204' title='bbox 1353 1410 1383 1465; x_wconf 91' lang='lat' dir='ltr'><strong>in</strong></span> <span class='ocrx_word' id='word_1_205' title='bbox 1399 1425 1436 1466; x_wconf 91' lang='lat' dir='ltr'><strong>aa</strong></span> <span class='ocrx_word' id='word_1_206' title='bbox 1451 1409 1532 1467; x_wconf 91' lang='lat' dir='ltr'><strong>unde</strong></span> <span class='ocrx_word' id='word_1_207' title='bbox 1559 1411 1654 1485; x_wconf 87' lang='lat' dir='ltr'><strong>possit</strong></span> <span class='ocrx_word' id='word_1_208' title='bbox 1682 1412 1790 1481; x_wconf 87' lang='lat' dir='ltr'><strong>vivere,</strong></span> 
     </span>
     <span class='ocr_line' id='line_1_16' title="bbox 83 1484 1791 1572; baseline 0.009 -30"><span class='ocrx_word' id='word_1_209' title='bbox 83 1490 169 1557; x_wconf 78' lang='lat' dir='ltr'><strong>mam,</strong></span> <span class='ocrx_word' id='word_1_210' title='bbox 180 1491 214 1544; x_wconf 92' lang='lat' dir='ltr'><strong>ut</strong></span> <span class='ocrx_word' id='word_1_211' title='bbox 227 1487 255 1544; x_wconf 90' lang='lat' dir='ltr'><strong>ei</strong></span> <span class='ocrx_word' id='word_1_212' title='bbox 268 1487 378 1557; x_wconf 83' lang='lat' dir='ltr'><strong>dixisti,</strong></span> <span class='ocrx_word' id='word_1_213' title='bbox 399 1486 571 1559; x_wconf 83' lang='lat' dir='ltr'><strong>conjugem,</strong></span> <span class='ocrx_word' id='word_1_214' title='bbox 599 1491 767 1558; x_wconf 85' lang='lat' dir='ltr'><strong>terramque</strong></span> <span class='ocrx_word' id='word_1_215' title='bbox 794 1484 905 1542; x_wconf 66' lang='lat' dir='ltr'><strong>muili-</strong></span> <span class='ocrx_word' id='word_1_216' title='bbox 957 1491 1015 1548; x_wconf 89' lang='lat' dir='ltr'><strong>nisi</strong></span> <span class='ocrx_word' id='word_1_217' title='bbox 1027 1491 1134 1567; x_wconf 91' lang='lat' dir='ltr'><strong>rapina</strong></span> <span class='ocrx_word' id='word_1_218' title='bbox 1147 1499 1176 1550; x_wconf 87' lang='lat' dir='ltr'><strong>at</strong></span> <span class='ocrx_word' id='word_1_219' title='bbox 1186 1494 1381 1567; x_wconf 76' lang='lat' dir='ltr'><strong>predatione.</strong></span> <span class='ocrx_word' id='word_1_220' title='bbox 1396 1498 1439 1553; x_wconf 83' lang='lat' dir='ltr'><strong>lla</strong></span> <span class='ocrx_word' id='word_1_221' title='bbox 1451 1496 1492 1554; x_wconf 92' lang='lat' dir='ltr'><strong>illi</strong></span> <span class='ocrx_word' id='word_1_222' title='bbox 1519 1497 1643 1572; x_wconf 81' lang='lat' dir='ltr'><strong>aliquod</strong></span> <span class='ocrx_word' id='word_1_223' title='bbox 1662 1513 1791 1570; x_wconf 89' lang='lat' dir='ltr'><strong>regnum</strong></span> 
     </span>
     <span class='ocr_line' id='line_1_17' title="bbox 81 1575 1792 1677; baseline 0.009 -46"><span class='ocrx_word' id='word_1_224' title='bbox 81 1592 158 1633; x_wconf 90' lang='lat' dir='ltr'><strong>mam</strong></span> <span class='ocrx_word' id='word_1_225' title='bbox 174 1577 204 1632; x_wconf 91' lang='lat' dir='ltr'><strong>in</strong></span> <span class='ocrx_word' id='word_1_226' title='bbox 220 1577 434 1651; x_wconf 89' lang='lat' dir='ltr'><strong>sempiternam</strong></span> <span class='ocrx_word' id='word_1_227' title='bbox 449 1593 503 1650; x_wconf 88' lang='lat' dir='ltr'><strong>per</strong></span> <span class='ocrx_word' id='word_1_228' title='bbox 517 1576 674 1650; x_wconf 87' lang='lat' dir='ltr'><strong>progenies</strong></span> <span class='ocrx_word' id='word_1_229' title='bbox 691 1575 903 1648; x_wconf 81' lang='lat' dir='ltr'><strong>progenierum</strong></span> <span class='ocrx_word' id='word_1_230' title='bbox 919 1622 941 1677; x_wconf 70' lang='lat' dir='ltr'>B</span> <span class='ocrx_word' id='word_1_231' title='bbox 958 1581 1038 1638; x_wconf 91' lang='lat' dir='ltr'><strong>unde</strong></span> <span class='ocrx_word' id='word_1_232' title='bbox 1066 1582 1215 1640; x_wconf 90' lang='lat' dir='ltr'><strong>conducat</strong></span> <span class='ocrx_word' id='word_1_233' title='bbox 1241 1584 1297 1640; x_wconf 89' lang='lat' dir='ltr'><strong>sibi</strong></span> <span class='ocrx_word' id='word_1_234' title='bbox 1323 1584 1437 1659; x_wconf 92' lang='lat' dir='ltr'><strong>cibum,</strong></span> <span class='ocrx_word' id='word_1_235' title='bbox 1463 1591 1492 1644; x_wconf 92' lang='lat' dir='ltr'><strong>et</strong></span> <span class='ocrx_word' id='word_1_236' title='bbox 1516 1588 1666 1657; x_wconf 90' lang='lat' dir='ltr'><strong>vestitum,</strong></span> <span class='ocrx_word' id='word_1_237' title='bbox 1695 1589 1792 1646; x_wconf 91' lang='lat' dir='ltr'><strong>donec</strong></span> 
     </span>
     <span class='ocr_line' id='line_1_18' title="bbox 79 1664 1789 1752; baseline -0.001 -14"><span class='ocrx_word' id='word_1_238' title='bbox 79 1667 308 1738; x_wconf 74' lang='lat' dir='ltr'><strong>possessiouem,</strong></span> <span class='ocrx_word' id='word_1_239' title='bbox 334 1682 445 1724; x_wconf 77' lang='lat' dir='ltr'><strong>manus</strong></span> <span class='ocrx_word' id='word_1_240' title='bbox 472 1683 543 1724; x_wconf 77' lang='lat' dir='ltr'><strong>suas</strong></span> <span class='ocrx_word' id='word_1_241' title='bbox 576 1682 607 1723; x_wconf 79' lang='lat' dir='ltr'><strong>se</strong></span> <span class='ocrx_word' id='word_1_242' title='bbox 635 1664 827 1738; x_wconf 76' lang='lat' dir='ltr'><strong>subjugando</strong></span> <span class='ocrx_word' id='word_1_243' title='bbox 851 1664 903 1721; x_wconf 85' lang='lat' dir='ltr'><strong>tibi</strong></span> <span class='ocrx_word' id='word_1_244' title='bbox 956 1672 1116 1746; x_wconf 83' lang='lat' dir='ltr'><strong>impleatur</strong></span> <span class='ocrx_word' id='word_1_245' title='bbox 1137 1679 1214 1731; x_wconf 78' lang='lat' dir='ltr'><strong>terra</strong></span> <span class='ocrx_word' id='word_1_246' title='bbox 1228 1692 1322 1740; x_wconf 68' lang='lat' dir='ltr'><strong>cruam</strong></span> <span class='ocrx_word' id='word_1_247' title='bbox 1347 1675 1387 1733; x_wconf 81' lang='lat' dir='ltr'><strong>ini</strong></span> <span class='ocrx_word' id='word_1_248' title='bbox 1407 1676 1463 1734; x_wconf 83' lang='lat' dir='ltr'><strong>das</strong></span> <span class='ocrx_word' id='word_1_249' title='bbox 1478 1678 1702 1752; x_wconf 79' lang='lat' dir='ltr'><strong>opulentiarum</strong></span> <span class='ocrx_word' id='word_1_250' title='bbox 1716 1696 1789 1738; x_wconf 82' lang='lat' dir='ltr'><strong>con-</strong></span> 
     </span>
     <span class='ocr_line' id='line_1_19' title="bbox 77 1753 1791 1842; baseline 0.001 -32"><span class='ocrx_word' id='word_1_251' title='bbox 77 1753 159 1811; x_wconf 90' lang='lat' dir='ltr'><strong>dabit</strong></span> <span class='ocrx_word' id='word_1_252' title='bbox 171 1755 321 1813; x_wconf 82' lang='lat' dir='ltr'><strong>fidelitatis</strong></span> <span class='ocrx_word' id='word_1_253' title='bbox 339 1756 446 1826; x_wconf 87' lang='lat' dir='ltr'><strong>gratia,</strong></span> <span class='ocrx_word' id='word_1_254' title='bbox 459 1759 606 1830; x_wconf 90' lang='lat' dir='ltr'><strong>tuumque</strong></span> <span class='ocrx_word' id='word_1_255' title='bbox 631 1754 784 1812; x_wconf 88' lang='lat' dir='ltr'><strong>servitium</strong></span> <span class='ocrx_word' id='word_1_256' title='bbox 809 1753 903 1811; x_wconf 87' lang='lat' dir='ltr'><strong>incas·</strong></span> <span class='ocrx_word' id='word_1_257' title='bbox 957 1763 1046 1834; x_wconf 56' lang='lat' dir='ltr'><strong>gotie,</strong></span> <span class='ocrx_word' id='word_1_258' title='bbox 1074 1763 1240 1839; x_wconf 63' lang='lat' dir='ltr'><strong>reddatque</strong></span> <span class='ocrx_word' id='word_1_259' title='bbox 1275 1766 1459 1840; x_wconf 67' lang='lat' dir='ltr'><strong>temporinos</strong></span> <span class='ocrx_word' id='word_1_260' title='bbox 1496 1768 1609 1826; x_wconf 79' lang='lat' dir='ltr'><strong>hactus</strong></span> <span class='ocrx_word' id='word_1_261' title='bbox 1644 1769 1791 1842; x_wconf 59' lang='lat' dir='ltr'><strong>victuum,</strong></span> 
     </span>
     <span class='ocr_line' id='line_1_20' title="bbox 75 1843 1791 1925; baseline 0 -7"><span class='ocrx_word' id='word_1_262' title='bbox 75 1847 173 1900; x_wconf 52' lang='grc' dir='ltr'><strong>ΜΨ</strong></span> <span class='ocrx_word' id='word_1_263' title='bbox 183 1843 326 1918; x_wconf 63' lang='grc' dir='ltr'><strong>θΧΡῙθΜῑ·</strong></span> <span class='ocrx_word' id='word_1_264' title='bbox 341 1844 511 1918; x_wconf 64' lang='lat' dir='ltr'><strong>poillisque</strong></span> <span class='ocrx_word' id='word_1_265' title='bbox 522 1859 575 1918; x_wconf 70' lang='lat' dir='ltr'><strong>Fffl&#39;</strong></span> <span class='ocrx_word' id='word_1_266' title='bbox 590 1843 860 1902; x_wconf 67' lang='lat' dir='ltr'><strong>0¹¹111⁰b⁵i³ssfium</strong></span> <span class='ocrx_word' id='word_1_267' title='bbox 874 1848 903 1899; x_wconf 71' lang='lat'><strong>0²</strong></span> <span class='ocrx_word' id='word_1_268' title='bbox 956 1854 1126 1924; x_wconf 92' lang='lat' dir='ltr'><strong>hominum,</strong></span> <span class='ocrx_word' id='word_1_269' title='bbox 1140 1859 1169 1912; x_wconf 88' lang='lat' dir='ltr'><strong>et</strong></span> <span class='ocrx_word' id='word_1_270' title='bbox 1184 1855 1370 1914; x_wconf 89' lang='lat' dir='ltr'><strong>animalium.</strong></span> <span class='ocrx_word' id='word_1_271' title='bbox 1399 1858 1477 1925; x_wconf 84' lang='lat' dir='ltr'><strong>Ouio</strong></span> <span class='ocrx_word' id='word_1_272' title='bbox 1503 1857 1593 1916; x_wconf 91' lang='lat' dir='ltr'><strong>etiam</strong></span> <span class='ocrx_word' id='word_1_273' title='bbox 1618 1875 1680 1917; x_wconf 92' lang='lat' dir='ltr'><strong>non</strong></span> <span class='ocrx_word' id='word_1_274' title='bbox 1693 1860 1791 1918; x_wconf 89' lang='lat' dir='ltr'><strong>conci·</strong></span> 
     </span>
     <span class='ocr_line' id='line_1_21' title="bbox 69 1932 1788 2022; baseline 0.001 -17"><span class='ocrx_word' id='word_1_275' title='bbox 69 1933 262 2005; x_wconf 62' lang='lat' dir='ltr'><strong>jurgantium</strong></span> <span class='ocrx_word' id='word_1_276' title='bbox 277 1938 408 1992; x_wconf 65' lang='lat' dir='ltr'><strong>tumores</strong></span> <span class='ocrx_word' id='word_1_277' title='bbox 425 1939 528 1991; x_wconf 83' lang='lat' dir='ltr'><strong>contm</strong></span> <span class='ocrx_word' id='word_1_278' title='bbox 543 1937 570 1991; x_wconf 67' lang='grc' dir='ltr'>ιθ</span> <span class='ocrx_word' id='word_1_279' title='bbox 584 1933 753 2002; x_wconf 72' lang='lat' dir='ltr'><strong>retundere,</strong></span> <span class='ocrx_word' id='word_1_280' title='bbox 762 1932 903 1990; x_wconf 74' lang='lat' dir='ltr'><strong>nimium·</strong></span> <span class='ocrx_word' id='word_1_281' title='bbox 954 1942 1075 2001; x_wconf 91' lang='lat' dir='ltr'><strong>liabitur</strong></span> <span class='ocrx_word' id='word_1_282' title='bbox 1085 1943 1148 2013; x_wconf 91' lang='lat' dir='ltr'><strong>tibi,</strong></span> <span class='ocrx_word' id='word_1_283' title='bbox 1159 1945 1217 2003; x_wconf 90' lang='lat' dir='ltr'><strong>nisi</strong></span> <span class='ocrx_word' id='word_1_284' title='bbox 1232 1951 1321 2016; x_wconf 89' lang='lat' dir='ltr'><strong>terra,</strong></span> <span class='ocrx_word' id='word_1_285' title='bbox 1336 1963 1430 2021; x_wconf 86' lang='lat' dir='ltr'><strong>quam</strong></span> <span class='ocrx_word' id='word_1_286' title='bbox 1444 1948 1570 2007; x_wconf 91' lang='lat' dir='ltr'><strong>daturus</strong></span> <span class='ocrx_word' id='word_1_287' title='bbox 1585 1965 1629 2022; x_wconf 89' lang='lat' dir='ltr'><strong>es,</strong></span> <span class='ocrx_word' id='word_1_288' title='bbox 1645 1949 1676 2006; x_wconf 93' lang='lat' dir='ltr'><strong>in</strong></span> <span class='ocrx_word' id='word_1_289' title='bbox 1687 1965 1788 2008; x_wconf 89' lang='lat' dir='ltr'><strong>sacra-</strong></span> 
     </span>
     <span class='ocr_line' id='line_1_22' title="bbox 69 2021 1790 2104; baseline 0.006 -24"><span class='ocrx_word' id='word_1_290' title='bbox 69 2039 129 2096; x_wconf 92' lang='lat' dir='ltr'><strong>que</strong></span> <span class='ocrx_word' id='word_1_291' title='bbox 142 2022 333 2082; x_wconf 79' lang='lat' dir='ltr'><strong>confortatus</strong></span> <span class='ocrx_word' id='word_1_292' title='bbox 357 2023 572 2080; x_wconf 86' lang='lat' dir='ltr'><strong>convalescere.</strong></span> <span class='ocrx_word' id='word_1_293' title='bbox 590 2047 605 2074; x_wconf 74' lang='lat' dir='ltr'><strong>a</strong></span> <span class='ocrx_word' id='word_1_294' title='bbox 632 2023 683 2080; x_wconf 89' lang='lat' dir='ltr'><strong>His</strong></span> <span class='ocrx_word' id='word_1_295' title='bbox 698 2023 738 2080; x_wconf 91' lang='lat' dir='ltr'><strong>ab</strong></span> <span class='ocrx_word' id='word_1_296' title='bbox 760 2021 902 2096; x_wconf 90' lang='lat' dir='ltr'><strong>episcopo</strong></span> <span class='ocrx_word' id='word_1_297' title='bbox 955 2033 1057 2086; x_wconf 92' lang='lat' dir='ltr'><strong>mento</strong></span> <span class='ocrx_word' id='word_1_298' title='bbox 1072 2029 1245 2087; x_wconf 73' lang='lat' dir='ltr'><strong>Christiane</strong></span> <span class='ocrx_word' id='word_1_299' title='bbox 1259 2031 1411 2102; x_wconf 77' lang='lat' dir='ltr'><strong>religionis</strong></span> <span class='ocrx_word' id='word_1_300' title='bbox 1419 2033 1579 2104; x_wconf 86' lang='lat' dir='ltr'><strong>jnraveris,</strong></span> <span class='ocrx_word' id='word_1_301' title='bbox 1593 2037 1626 2090; x_wconf 88' lang='lat' dir='ltr'><strong>tu</strong></span> <span class='ocrx_word' id='word_1_302' title='bbox 1640 2037 1668 2090; x_wconf 90' lang='lat' dir='ltr'><strong>et</strong></span> <span class='ocrx_word' id='word_1_303' title='bbox 1691 2034 1790 2091; x_wconf 90' lang='lat' dir='ltr'><strong>archi·</strong></span> 
     </span>
     <span class='ocr_line' id='line_1_23' title="bbox 68 2112 1789 2194; baseline 0.006 -25"><span class='ocrx_word' id='word_1_304' title='bbox 68 2113 260 2180; x_wconf 78' lang='lat' dir='ltr'><strong>renuntiatis,</strong></span> <span class='ocrx_word' id='word_1_305' title='bbox 277 2112 521 2183; x_wconf 88' lang='lat' dir='ltr'><strong>congratulantur</strong></span> <span class='ocrx_word' id='word_1_306' title='bbox 536 2113 649 2182; x_wconf 72' lang='lat' dir='ltr'><strong>Franci,</strong></span> <span class='ocrx_word' id='word_1_307' title='bbox 677 2116 901 2185; x_wconf 76' lang='lat' dir='ltr'><strong>suggeruntque</strong></span> <span class='ocrx_word' id='word_1_308' title='bbox 955 2118 1099 2192; x_wconf 72' lang='lat' dir='ltr'><strong>presules</strong></span> <span class='ocrx_word' id='word_1_309' title='bbox 1126 2123 1155 2174; x_wconf 90' lang='lat' dir='ltr'><strong>et</strong></span> <span class='ocrx_word' id='word_1_310' title='bbox 1179 2119 1323 2194; x_wconf 90' lang='lat' dir='ltr'><strong>episcopi,</strong></span> <span class='ocrx_word' id='word_1_311' title='bbox 1350 2121 1475 2179; x_wconf 91' lang='lat' dir='ltr'><strong>comites</strong></span> <span class='ocrx_word' id='word_1_312' title='bbox 1501 2125 1530 2178; x_wconf 88' lang='lat' dir='ltr'><strong>et</strong></span> <span class='ocrx_word' id='word_1_313' title='bbox 1553 2120 1679 2180; x_wconf 83' lang='lat' dir='ltr'><strong>abbates</strong></span> <span class='ocrx_word' id='word_1_314' title='bbox 1699 2121 1789 2180; x_wconf 91' lang='lat' dir='ltr'><strong>totius</strong></span> 
     </span>
     <span class='ocr_line' id='line_1_24' title="bbox 68 2201 1788 2286; baseline 0.006 -27"><span class='ocrx_word' id='word_1_315' title='bbox 68 2203 233 2260; x_wconf 86' lang='lat' dir='ltr'><strong>unanimes</strong></span> <span class='ocrx_word' id='word_1_316' title='bbox 255 2201 318 2273; x_wconf 88' lang='lat' dir='ltr'><strong>regi</strong></span> <span class='ocrx_word' id='word_1_317' title='bbox 346 2207 380 2259; x_wconf 87' lang='lat' dir='ltr'><strong>nt</strong></span> <span class='ocrx_word' id='word_1_318' title='bbox 405 2202 455 2260; x_wconf 90' lang='lat' dir='ltr'><strong>det</strong></span> <span class='ocrx_word' id='word_1_319' title='bbox 477 2202 572 2260; x_wconf 90' lang='lat' dir='ltr'><strong>filiam</strong></span> <span class='ocrx_word' id='word_1_320' title='bbox 607 2219 695 2260; x_wconf 90' lang='lat' dir='ltr'><strong>suam</strong></span> <span class='ocrx_word' id='word_1_321' title='bbox 731 2208 901 2276; x_wconf 86' lang='lat' dir='ltr'><strong>terramque</strong></span> <span class='ocrx_word' id='word_1_322' title='bbox 955 2207 1051 2280; x_wconf 89' lang='lat' dir='ltr'><strong>regni,</strong></span> <span class='ocrx_word' id='word_1_323' title='bbox 1065 2212 1098 2264; x_wconf 91' lang='lat' dir='ltr'><strong>ut</strong></span> <span class='ocrx_word' id='word_1_324' title='bbox 1110 2213 1209 2265; x_wconf 87' lang='lat' dir='ltr'><strong>teneat</strong></span> <span class='ocrx_word' id='word_1_325' title='bbox 1222 2208 1286 2282; x_wconf 89' lang='lat' dir='ltr'><strong>ipse</strong></span> <span class='ocrx_word' id='word_1_326' title='bbox 1300 2214 1329 2266; x_wconf 90' lang='lat' dir='ltr'><strong>et</strong></span> <span class='ocrx_word' id='word_1_327' title='bbox 1342 2226 1529 2268; x_wconf 84' lang='lat' dir='ltr'><strong>successores</strong></span> <span class='ocrx_word' id='word_1_328' title='bbox 1540 2211 1605 2285; x_wconf 89' lang='lat' dir='ltr'><strong>ejus</strong></span> <span class='ocrx_word' id='word_1_329' title='bbox 1620 2211 1718 2286; x_wconf 88' lang='lat' dir='ltr'><strong>ipsam</strong></span> <span class='ocrx_word' id='word_1_330' title='bbox 1729 2215 1788 2269; x_wconf 89' lang='lat' dir='ltr'><strong>ter-</strong></span> 
     </span>
     <span class='ocr_line' id='line_1_25' title="bbox 73 2289 1790 2374; baseline 0.006 -27"><span class='ocrx_word' id='word_1_331' title='bbox 73 2290 197 2347; x_wconf 74' lang='lat' dir='ltr'><strong>holloni.</strong></span> <span class='ocrx_word' id='word_1_332' title='bbox 214 2293 275 2347; x_wconf 83' lang='lat' dir='ltr'><strong>liex</strong></span> <span class='ocrx_word' id='word_1_333' title='bbox 284 2306 356 2347; x_wconf 90' lang='lat' dir='ltr'><strong>vero</strong></span> <span class='ocrx_word' id='word_1_334' title='bbox 372 2292 566 2362; x_wconf 71' lang='lat' dir='ltr'><strong>Francorum,</strong></span> <span class='ocrx_word' id='word_1_335' title='bbox 581 2307 669 2365; x_wconf 89' lang='lat' dir='ltr'><strong>prece</strong></span> <span class='ocrx_word' id='word_1_336' title='bbox 679 2295 811 2359; x_wconf 89' lang='lat' dir='ltr'><strong>coactus,</strong></span> <span class='ocrx_word' id='word_1_337' title='bbox 819 2289 902 2346; x_wconf 91' lang='lat' dir='ltr'><strong>dedit</strong></span> <span class='ocrx_word' id='word_1_338' title='bbox 956 2313 1022 2354; x_wconf 89' lang='lat' dir='ltr'><strong>ram</strong></span> <span class='ocrx_word' id='word_1_339' title='bbox 1035 2298 1075 2353; x_wconf 89' lang='lat' dir='ltr'><strong>ab</strong></span> <span class='ocrx_word' id='word_1_340' title='bbox 1090 2299 1170 2371; x_wconf 82' lang='lat' dir='ltr'><strong>Eptae</strong></span> <span class='ocrx_word' id='word_1_341' title='bbox 1180 2295 1302 2354; x_wconf 85' lang='lat' dir='ltr'><strong>fluviolo</strong></span> <span class='ocrx_word' id='word_1_342' title='bbox 1313 2298 1353 2354; x_wconf 90' lang='lat' dir='ltr'><strong>ad</strong></span> <span class='ocrx_word' id='word_1_343' title='bbox 1363 2314 1551 2373; x_wconf 87' lang='lat' dir='ltr'><strong>marcusque</strong></span> <span class='ocrx_word' id='word_1_344' title='bbox 1563 2300 1652 2374; x_wconf 87' lang='lat' dir='ltr'><strong>quasi</strong></span> <span class='ocrx_word' id='word_1_345' title='bbox 1661 2299 1790 2358; x_wconf 85' lang='lat' dir='ltr'><strong>fundum</strong></span> 
     </span>
     <span class='ocr_line' id='line_1_26' title="bbox 76 2378 1790 2459; baseline 0.006 -23"><span class='ocrx_word' id='word_1_346' title='bbox 76 2378 164 2436; x_wconf 86' lang='lat' dir='ltr'><strong>liliam</strong></span> <span class='ocrx_word' id='word_1_347' title='bbox 177 2395 265 2436; x_wconf 90' lang='lat' dir='ltr'><strong>suam</strong></span> <span class='ocrx_word' id='word_1_348' title='bbox 278 2380 340 2436; x_wconf 90' lang='lat' dir='ltr'><strong>vice</strong></span> <span class='ocrx_word' id='word_1_349' title='bbox 354 2380 486 2437; x_wconf 85' lang='lat' dir='ltr'><strong>Rollonis</strong></span> <span class='ocrx_word' id='word_1_350' title='bbox 499 2381 643 2455; x_wconf 90' lang='lat' dir='ltr'><strong>episcopo</strong></span> <span class='ocrx_word' id='word_1_351' title='bbox 657 2397 711 2455; x_wconf 88' lang='lat' dir='ltr'><strong>per</strong></span> <span class='ocrx_word' id='word_1_352' title='bbox 724 2381 845 2454; x_wconf 88' lang='lat' dir='ltr'><strong>pignus,</strong></span> <span class='ocrx_word' id='word_1_353' title='bbox 868 2379 900 2436; x_wconf 92' lang='lat' dir='ltr'><strong>in</strong></span> <span class='ocrx_word' id='word_1_354' title='bbox 954 2390 983 2441; x_wconf 92' lang='lat' dir='ltr'><strong>et</strong></span> <span class='ocrx_word' id='word_1_355' title='bbox 996 2385 1120 2443; x_wconf 90' lang='lat' dir='ltr'><strong>alodum</strong></span> <span class='ocrx_word' id='word_1_356' title='bbox 1131 2385 1164 2441; x_wconf 92' lang='lat' dir='ltr'><strong>in</strong></span> <span class='ocrx_word' id='word_1_357' title='bbox 1178 2385 1404 2459; x_wconf 84' lang='lat' dir='ltr'><strong>sempiternum.</strong></span> <span class='ocrx_word' id='word_1_358' title='bbox 1422 2409 1436 2438; x_wconf 74' lang='lat' dir='ltr'><strong>a</strong></span> <span class='ocrx_word' id='word_1_359' title='bbox 1451 2389 1532 2444; x_wconf 79' lang='lat' dir='ltr'><strong>Tunc</strong></span> <span class='ocrx_word' id='word_1_360' title='bbox 1557 2387 1715 2445; x_wconf 83' lang='lat' dir='ltr'><strong>lietbertus</strong></span> <span class='ocrx_word' id='word_1_361' title='bbox 1726 2388 1790 2446; x_wconf 88' lang='lat' dir='ltr'><strong>dux</strong></span> 
     </span>
     <span class='ocr_line' id='line_1_27' title="bbox 77 2467 1787 2550; baseline 0.005 -26"><span class='ocrx_word' id='word_1_362' title='bbox 77 2467 190 2524; x_wconf 90' lang='lat' dir='ltr'><strong>vinculo</strong></span> <span class='ocrx_word' id='word_1_363' title='bbox 205 2469 665 2542; x_wconf 81' lang='lat' dir='ltr'><strong>sacramentiatconJ&#39;urationis.</strong></span> <span class='ocrx_word' id='word_1_364' title='bbox 682 2469 900 2543; x_wconf 81' lang='lat' dir='ltr'><strong>llisrerumop</strong></span> <span class='ocrx_word' id='word_1_365' title='bbox 955 2477 1146 2541; x_wconf 76' lang='lat' dir='ltr'><strong>Fhancorum,</strong></span> <span class='ocrx_word' id='word_1_366' title='bbox 1176 2478 1205 2530; x_wconf 87' lang='lat' dir='ltr'><strong>et</strong></span> <span class='ocrx_word' id='word_1_367' title='bbox 1223 2473 1276 2547; x_wconf 93' lang='lat' dir='ltr'><strong>qui</strong></span> <span class='ocrx_word' id='word_1_368' title='bbox 1301 2474 1427 2531; x_wconf 90' lang='lat' dir='ltr'><strong>aderant</strong></span> <span class='ocrx_word' id='word_1_369' title='bbox 1450 2475 1574 2532; x_wconf 82' lang='lat' dir='ltr'><strong>comitas</strong></span> <span class='ocrx_word' id='word_1_370' title='bbox 1600 2481 1628 2532; x_wconf 89' lang='lat' dir='ltr'><strong>et</strong></span> <span class='ocrx_word' id='word_1_371' title='bbox 1642 2475 1787 2550; x_wconf 88' lang='lat' dir='ltr'><strong>episcopi,</strong></span> 
     </span>
     <span class='ocr_line' id='line_1_28' title="bbox 76 2557 1786 2634; baseline 0.004 -20"><span class='ocrx_word' id='word_1_372' title='bbox 76 2559 304 2630; x_wconf 88' lang='lat' dir='ltr'><strong>portunitatibus</strong></span> <span class='ocrx_word' id='word_1_373' title='bbox 320 2559 416 2625; x_wconf 89' lang='lat' dir='ltr'><strong>lactis,</strong></span> <span class='ocrx_word' id='word_1_374' title='bbox 432 2559 647 2629; x_wconf 89' lang='lat' dir='ltr'><strong>determinatis,</strong></span> <span class='ocrx_word' id='word_1_375' title='bbox 665 2565 694 2616; x_wconf 91' lang='lat' dir='ltr'><strong>et</strong></span> <span class='ocrx_word' id='word_1_376' title='bbox 717 2557 900 2616; x_wconf 87' lang='lat' dir='ltr'><strong>confirmatis</strong></span> <span class='ocrx_word' id='word_1_377' title='bbox 954 2579 1025 2619; x_wconf 90' lang='lat' dir='ltr'><strong>cum</strong></span> <span class='ocrx_word' id='word_1_378' title='bbox 1050 2562 1223 2630; x_wconf 90' lang='lat' dir='ltr'><strong>abbatibus,</strong></span> <span class='ocrx_word' id='word_1_379' title='bbox 1253 2561 1392 2619; x_wconf 89' lang='lat' dir='ltr'><strong>dixerunt</strong></span> <span class='ocrx_word' id='word_1_380' title='bbox 1414 2563 1504 2634; x_wconf 91' lang='lat' dir='ltr'><strong>regi:</strong></span> <span class='ocrx_word' id='word_1_381' title='bbox 1533 2585 1548 2614; x_wconf 92' lang='lat'>«</span> <span class='ocrx_word' id='word_1_382' title='bbox 1562 2565 1626 2620; x_wconf 85' lang='lat' dir='ltr'><strong>Non</strong></span> <span class='ocrx_word' id='word_1_383' title='bbox 1658 2564 1786 2621; x_wconf 90' lang='lat' dir='ltr'><strong>habebis</strong></span> 
     </span>
     <span class='ocr_line' id='line_1_29' title="bbox 75 2645 1785 2723; baseline 0.001 -21"><span class='ocrx_word' id='word_1_384' title='bbox 75 2650 202 2720; x_wconf 88' lang='lat' dir='ltr'><strong>tempore</strong></span> <span class='ocrx_word' id='word_1_385' title='bbox 229 2647 360 2722; x_wconf 91' lang='lat' dir='ltr'><strong>locoque</strong></span> <span class='ocrx_word' id='word_1_386' title='bbox 381 2647 589 2720; x_wconf 88' lang='lat' dir='ltr'><strong>determinato,</strong></span> <span class='ocrx_word' id='word_1_387' title='bbox 628 2653 719 2723; x_wconf 90' lang='lat' dir='ltr'><strong>atque</strong></span> <span class='ocrx_word' id='word_1_388' title='bbox 747 2651 901 2722; x_wconf 88' lang='lat' dir='ltr'><strong>sequestra</strong></span> <span class='ocrx_word' id='word_1_389' title='bbox 953 2647 1062 2704; x_wconf 90' lang='lat' dir='ltr'><strong>ducem</strong></span> <span class='ocrx_word' id='word_1_390' title='bbox 1073 2647 1145 2704; x_wconf 89' lang='lat' dir='ltr'><strong>tanti</strong></span> <span class='ocrx_word' id='word_1_391' title='bbox 1161 2645 1295 2714; x_wconf 90' lang='lat' dir='ltr'><strong>honoris,</strong></span> <span class='ocrx_word' id='word_1_392' title='bbox 1311 2647 1370 2703; x_wconf 92' lang='lat' dir='ltr'><strong>nisi</strong></span> <span class='ocrx_word' id='word_1_393' title='bbox 1383 2648 1467 2720; x_wconf 92' lang='lat' dir='ltr'><strong>quod</strong></span> <span class='ocrx_word' id='word_1_394' title='bbox 1477 2647 1661 2721; x_wconf 87' lang='lat' dir='ltr'><strong>concupiscit</strong></span> <span class='ocrx_word' id='word_1_395' title='bbox 1670 2647 1785 2704; x_wconf 87' lang='lat' dir='ltr'><strong>leceris.</strong></span> 
     </span>
     <span class='ocr_line' id='line_1_30' title="bbox 74 2735 1788 2811; baseline 0.001 -19"><span class='ocrx_word' id='word_1_396' title='bbox 74 2751 142 2810; x_wconf 89' lang='lat' dir='ltr'><strong>pace</strong></span> <span class='ocrx_word' id='word_1_397' title='bbox 164 2736 247 2804; x_wconf 87' lang='lat' dir='ltr'><strong>data,</strong></span> <span class='ocrx_word' id='word_1_398' title='bbox 273 2737 423 2794; x_wconf 88' lang='lat' dir='ltr'><strong>redierunt</strong></span> <span class='ocrx_word' id='word_1_399' title='bbox 463 2737 576 2810; x_wconf 88' lang='lat' dir='ltr'><strong>quique</strong></span> <span class='ocrx_word' id='word_1_400' title='bbox 614 2737 653 2794; x_wconf 90' lang='lat' dir='ltr'><strong>ad</strong></span> <span class='ocrx_word' id='word_1_401' title='bbox 681 2753 746 2794; x_wconf 89' lang='lat' dir='ltr'><strong>sua.</strong></span> <span class='ocrx_word' id='word_1_402' title='bbox 786 2740 899 2794; x_wconf 81' lang='lat' dir='ltr'><strong>Franco</strong></span> <span class='ocrx_word' id='word_1_403' title='bbox 955 2736 983 2794; x_wconf 90' lang='lat' dir='ltr'><strong>Si</strong></span> <span class='ocrx_word' id='word_1_404' title='bbox 998 2753 1058 2794; x_wconf 90' lang='lat' dir='ltr'><strong>non</strong></span> <span class='ocrx_word' id='word_1_405' title='bbox 1074 2741 1196 2811; x_wconf 87' lang='lat' dir='ltr'><strong>propter</strong></span> <span class='ocrx_word' id='word_1_406' title='bbox 1210 2735 1362 2794; x_wconf 88' lang='lat' dir='ltr'><strong>servitium</strong></span> <span class='ocrx_word' id='word_1_407' title='bbox 1377 2736 1585 2811; x_wconf 86' lang='lat' dir='ltr'><strong>quodraperit</strong></span> <span class='ocrx_word' id='word_1_408' title='bbox 1610 2753 1629 2794; x_wconf 90' lang='lat' dir='ltr'><strong>a</strong></span> <span class='ocrx_word' id='word_1_409' title='bbox 1657 2742 1684 2794; x_wconf 92' lang='lat' dir='ltr'><strong>te</strong></span> <span class='ocrx_word' id='word_1_410' title='bbox 1697 2736 1788 2794; x_wconf 86' lang='lat' dir='ltr'><strong>dede·</strong></span> 
     </span>
     <span class='ocr_line' id='line_1_31' title="bbox 74 2825 1787 2901; baseline 0.001 -19"><span class='ocrx_word' id='word_1_411' title='bbox 74 2827 317 2899; x_wconf 85' lang='lat' dir='ltr'><strong>liothomagensis</strong></span> <span class='ocrx_word' id='word_1_412' title='bbox 330 2826 574 2901; x_wconf 87' lang='lat' dir='ltr'><strong>archiepiscopus</strong></span> <span class='ocrx_word' id='word_1_413' title='bbox 589 2827 743 2885; x_wconf 83' lang='lat' dir='ltr'><strong>llollonem</strong></span> <span class='ocrx_word' id='word_1_414' title='bbox 762 2827 845 2896; x_wconf 88' lang='lat' dir='ltr'><strong>adiit,</strong></span> <span class='ocrx_word' id='word_1_415' title='bbox 870 2832 900 2884; x_wconf 89' lang='lat' dir='ltr'><strong>et</strong></span> <span class='ocrx_word' id='word_1_416' title='bbox 952 2826 1003 2897; x_wconf 88' lang='lat' dir='ltr'><strong>ris,</strong></span> <span class='ocrx_word' id='word_1_417' title='bbox 1018 2826 1124 2884; x_wconf 88' lang='lat' dir='ltr'><strong>saltem</strong></span> <span class='ocrx_word' id='word_1_418' title='bbox 1139 2826 1179 2884; x_wconf 90' lang='lat' dir='ltr'><strong>da</strong></span> <span class='ocrx_word' id='word_1_419' title='bbox 1193 2825 1234 2882; x_wconf 93' lang='lat' dir='ltr'><strong>illi</strong></span> <span class='ocrx_word' id='word_1_420' title='bbox 1248 2829 1370 2901; x_wconf 87' lang='lat' dir='ltr'><strong>propter</strong></span> <span class='ocrx_word' id='word_1_421' title='bbox 1384 2825 1498 2883; x_wconf 91' lang='lat' dir='ltr'><strong>cultum</strong></span> <span class='ocrx_word' id='word_1_422' title='bbox 1524 2825 1698 2885; x_wconf 81' lang='lat' dir='ltr'><strong>Christianae</strong></span> <span class='ocrx_word' id='word_1_423' title='bbox 1721 2826 1787 2884; x_wconf 89' lang='lat' dir='ltr'><strong>reli-</strong></span> 
     </span>
     <span class='ocr_line' id='line_1_32' title="bbox 73 2914 1785 2990; baseline 0.002 -19"><span class='ocrx_word' id='word_1_424' title='bbox 73 2921 172 2972; x_wconf 89' lang='lat' dir='ltr'><strong>cuncta</strong></span> <span class='ocrx_word' id='word_1_425' title='bbox 186 2931 260 2990; x_wconf 79' lang='lat' dir='ltr'><strong>quae</strong></span> <span class='ocrx_word' id='word_1_426' title='bbox 273 2914 341 2972; x_wconf 90' lang='lat' dir='ltr'><strong>lecit</strong></span> <span class='ocrx_word' id='word_1_427' title='bbox 351 2915 514 2972; x_wconf 90' lang='lat' dir='ltr'><strong>ordinatim</strong></span> <span class='ocrx_word' id='word_1_428' title='bbox 528 2915 570 2972; x_wconf 89' lang='lat' dir='ltr'><strong>illi</strong></span> <span class='ocrx_word' id='word_1_429' title='bbox 583 2915 736 2974; x_wconf 88' lang='lat' dir='ltr'><strong>narrando</strong></span> <span class='ocrx_word' id='word_1_430' title='bbox 747 2916 895 2989; x_wconf 87' lang='lat' dir='ltr'><strong>exposuit.</strong></span> <span class='ocrx_word' id='word_1_431' title='bbox 952 2915 1106 2988; x_wconf 88' lang='lat' dir='ltr'><strong>giositatis,</strong></span> <span class='ocrx_word' id='word_1_432' title='bbox 1122 2919 1155 2972; x_wconf 92' lang='lat' dir='ltr'><strong>ut</strong></span> <span class='ocrx_word' id='word_1_433' title='bbox 1183 2915 1355 2989; x_wconf 89' lang='lat' dir='ltr'><strong>acquiratur</strong></span> <span class='ocrx_word' id='word_1_434' title='bbox 1379 2919 1479 2972; x_wconf 71' lang='lat' dir='ltr'><strong>mutus</strong></span> <span class='ocrx_word' id='word_1_435' title='bbox 1505 2915 1636 2990; x_wconf 92' lang='lat' dir='ltr'><strong>populus</strong></span> <span class='ocrx_word' id='word_1_436' title='bbox 1658 2916 1785 2987; x_wconf 82' lang='lat' dir='ltr'><strong>Christo,</strong></span> 
     </span>
     <span class='ocr_line' id='line_1_33' title="bbox 72 2969 1786 3079; baseline 0.005 -21"><span class='ocrx_word' id='word_1_437' title='bbox 72 3003 147 3060; x_wconf 81' lang='lat' dir='ltr'><strong>Fullo</strong></span> <span class='ocrx_word' id='word_1_438' title='bbox 161 3004 256 3076; x_wconf 86' lang='lat' dir='ltr'><strong>igitur</strong></span> <span class='ocrx_word' id='word_1_439' title='bbox 269 3009 298 3060; x_wconf 91' lang='lat' dir='ltr'><strong>et</strong></span> <span class='ocrx_word' id='word_1_440' title='bbox 309 3003 366 3075; x_wconf 91' lang='lat' dir='ltr'><strong>sui,</strong></span> <span class='ocrx_word' id='word_1_441' title='bbox 382 3004 430 3061; x_wconf 89' lang='lat' dir='ltr'><strong>his</strong></span> <span class='ocrx_word' id='word_1_442' title='bbox 444 3003 629 3074; x_wconf 86' lang='lat' dir='ltr'><strong>renuntiatis,</strong></span> <span class='ocrx_word' id='word_1_443' title='bbox 658 3004 786 3061; x_wconf 91' lang='lat' dir='ltr'><strong>nimium</strong></span> <span class='ocrx_word' id='word_1_444' title='bbox 814 3004 897 3061; x_wconf 91' lang='lat' dir='ltr'><strong>exhi-</strong></span> <span class='ocrx_word' id='word_1_445' title='bbox 915 2969 935 3025; x_wconf 72' lang='lat' dir='ltr'><strong>c</strong></span> <span class='ocrx_word' id='word_1_446' title='bbox 952 3004 1005 3079; x_wconf 91' lang='lat' dir='ltr'><strong>qui</strong></span> <span class='ocrx_word' id='word_1_447' title='bbox 1019 3004 1153 3062; x_wconf 87' lang='lat' dir='ltr'><strong>interitus</strong></span> <span class='ocrx_word' id='word_1_448' title='bbox 1174 3009 1219 3061; x_wconf 91' lang='lat' dir='ltr'><strong>est</strong></span> <span class='ocrx_word' id='word_1_449' title='bbox 1244 3020 1344 3062; x_wconf 81' lang='lat' dir='ltr'><strong>amore</strong></span> <span class='ocrx_word' id='word_1_450' title='bbox 1358 3004 1518 3062; x_wconf 91' lang='lat' dir='ltr'><strong>diabolico.</strong></span> <span class='ocrx_word' id='word_1_451' title='bbox 1546 3007 1580 3064; x_wconf 81' lang='lat' dir='ltr'><strong>Et</strong></span> <span class='ocrx_word' id='word_1_452' title='bbox 1604 3022 1642 3064; x_wconf 91' lang='lat' dir='ltr'><strong>ne</strong></span> <span class='ocrx_word' id='word_1_453' title='bbox 1665 3005 1786 3068; x_wconf 87' lang='lat' dir='ltr'><strong>culmen</strong></span> 
     </span>
     <span class='ocr_line' id='line_1_34' title="bbox 70 3091 1785 3170; baseline 0.003 -22"><span class='ocrx_word' id='word_1_454' title='bbox 70 3091 157 3163; x_wconf 88' lang='lat' dir='ltr'><strong>larati,</strong></span> <span class='ocrx_word' id='word_1_455' title='bbox 184 3093 325 3168; x_wconf 88' lang='lat' dir='ltr'><strong>typicum</strong></span> <span class='ocrx_word' id='word_1_456' title='bbox 360 3093 543 3152; x_wconf 89' lang='lat' dir='ltr'><strong>intellectum</strong></span> <span class='ocrx_word' id='word_1_457' title='bbox 567 3099 772 3152; x_wconf 89' lang='lat' dir='ltr'><strong>rememorant</strong></span> <span class='ocrx_word' id='word_1_458' title='bbox 811 3093 898 3152; x_wconf 91' lang='lat' dir='ltr'><strong>visio-</strong></span> <span class='ocrx_word' id='word_1_459' title='bbox 951 3093 1041 3150; x_wconf 88' lang='lat' dir='ltr'><strong>totius</strong></span> <span class='ocrx_word' id='word_1_460' title='bbox 1055 3094 1140 3165; x_wconf 90' lang='lat' dir='ltr'><strong>regni</strong></span> <span class='ocrx_word' id='word_1_461' title='bbox 1150 3093 1202 3164; x_wconf 92' lang='lat' dir='ltr'><strong>tui,</strong></span> <span class='ocrx_word' id='word_1_462' title='bbox 1222 3093 1369 3162; x_wconf 75' lang='lat' dir='ltr'><strong>Ecclesiae,</strong></span> <span class='ocrx_word' id='word_1_463' title='bbox 1384 3109 1452 3168; x_wconf 84' lang='lat' dir='ltr'><strong>quaa</strong></span> <span class='ocrx_word' id='word_1_464' title='bbox 1466 3093 1647 3152; x_wconf 90' lang='lat' dir='ltr'><strong>adnihiletur</strong></span> <span class='ocrx_word' id='word_1_465' title='bbox 1670 3095 1785 3170; x_wconf 88' lang='lat' dir='ltr'><strong>impetu</strong></span> 
     </span>
     <span class='ocr_line' id='line_1_35' title="bbox 71 3181 1784 3257; baseline 0.003 -21"><span class='ocrx_word' id='word_1_466' title='bbox 71 3181 121 3237; x_wconf 91' lang='lat' dir='ltr'><strong>nis.</strong></span> <span class='ocrx_word' id='word_1_467' title='bbox 949 3181 1118 3240; x_wconf 81' lang='lat' dir='ltr'><strong>infestantis</strong></span> <span class='ocrx_word' id='word_1_468' title='bbox 1133 3182 1288 3250; x_wconf 88' lang='lat' dir='ltr'><strong>exercitus,</strong></span> <span class='ocrx_word' id='word_1_469' title='bbox 1303 3182 1390 3254; x_wconf 88' lang='lat' dir='ltr'><strong>cujus</strong></span> <span class='ocrx_word' id='word_1_470' title='bbox 1402 3182 1607 3240; x_wconf 83' lang='lat' dir='ltr'><strong>advocationis</strong></span> <span class='ocrx_word' id='word_1_471' title='bbox 1617 3184 1784 3257; x_wconf 80' lang='lat' dir='ltr'><strong>patrocinio</strong></span> 
     </span>
    </p>

    <p class='ocr_par' dir='ltr' id='par_1_4' title="bbox 68 3270 1786 5662">
     <span class='ocr_line' id='line_1_36' title="bbox 100 3270 1783 3348; baseline 0.001 -21"><span class='ocrx_word' id='word_1_472' title='bbox 100 3271 261 3330; x_wconf 78' lang='lat' dir='ltr'><strong>lietbertus</strong></span> <span class='ocrx_word' id='word_1_473' title='bbox 280 3276 382 3329; x_wconf 91' lang='lat' dir='ltr'><strong>autem</strong></span> <span class='ocrx_word' id='word_1_474' title='bbox 408 3270 470 3328; x_wconf 91' lang='lat' dir='ltr'><strong>dux</strong></span> <span class='ocrx_word' id='word_1_475' title='bbox 494 3288 564 3329; x_wconf 92' lang='lat' dir='ltr'><strong>cum</strong></span> <span class='ocrx_word' id='word_1_476' title='bbox 587 3272 720 3330; x_wconf 89' lang='lat' dir='ltr'><strong>audisset</strong></span> <span class='ocrx_word' id='word_1_477' title='bbox 740 3272 824 3348; x_wconf 92' lang='lat' dir='ltr'><strong>quod</strong></span> <span class='ocrx_word' id='word_1_478' title='bbox 843 3289 896 3330; x_wconf 92' lang='lat' dir='ltr'><strong>rex</strong></span> <span class='ocrx_word' id='word_1_479' title='bbox 949 3271 1132 3331; x_wconf 86' lang='lat' dir='ltr'><strong>vicechristi</strong></span> <span class='ocrx_word' id='word_1_480' title='bbox 1147 3272 1287 3342; x_wconf 85' lang='lat' dir='ltr'><strong>iungens,</strong></span> <span class='ocrx_word' id='word_1_481' title='bbox 1303 3271 1396 3328; x_wconf 90' lang='lat' dir='ltr'><strong>debas</strong></span> <span class='ocrx_word' id='word_1_482' title='bbox 1410 3287 1479 3328; x_wconf 90' lang='lat' dir='ltr'><strong>esse</strong></span> <span class='ocrx_word' id='word_1_483' title='bbox 1491 3287 1544 3329; x_wconf 91' lang='lat' dir='ltr'><strong>rex</strong></span> <span class='ocrx_word' id='word_1_484' title='bbox 1561 3275 1590 3328; x_wconf 91' lang='lat' dir='ltr'><strong>et</strong></span> <span class='ocrx_word' id='word_1_485' title='bbox 1615 3272 1783 3329; x_wconf 88' lang='lat' dir='ltr'><strong>advocatus</strong></span> 
     </span>
     <span class='ocr_line' id='line_1_37' title="bbox 70 3360 1782 3436; baseline 0.002 -20"><span class='ocrx_word' id='word_1_486' title='bbox 70 3361 180 3418; x_wconf 77' lang='lat' dir='ltr'><strong>Carolus</strong></span> <span class='ocrx_word' id='word_1_487' title='bbox 194 3361 298 3418; x_wconf 77' lang='lat' dir='ltr'><strong>liliam</strong></span> <span class='ocrx_word' id='word_1_488' title='bbox 313 3377 401 3418; x_wconf 87' lang='lat' dir='ltr'><strong>suam</strong></span> <span class='ocrx_word' id='word_1_489' title='bbox 415 3360 501 3418; x_wconf 88' lang='lat' dir='ltr'><strong>daret</strong></span> <span class='ocrx_word' id='word_1_490' title='bbox 514 3360 639 3430; x_wconf 90' lang='lat' dir='ltr'><strong>llolloni,</strong></span> <span class='ocrx_word' id='word_1_491' title='bbox 655 3364 684 3418; x_wconf 88' lang='lat' dir='ltr'><strong>et</strong></span> <span class='ocrx_word' id='word_1_492' title='bbox 705 3361 897 3436; x_wconf 86' lang='lat' dir='ltr'><strong>pacificaren·</strong></span> <span class='ocrx_word' id='word_1_493' title='bbox 950 3361 1219 3419; x_wconf 90' lang='lat' dir='ltr'><strong>constantissimus.</strong></span> <span class='ocrx_word' id='word_1_494' title='bbox 1240 3384 1254 3412; x_wconf 78' lang='lat' dir='ltr'><strong>a</strong></span> <span class='ocrx_word' id='word_1_495' title='bbox 1290 3362 1371 3417; x_wconf 79' lang='lat' dir='ltr'><strong>Tunc</strong></span> <span class='ocrx_word' id='word_1_496' title='bbox 1407 3360 1619 3418; x_wconf 88' lang='lat' dir='ltr'><strong>Flandrensem</strong></span> <span class='ocrx_word' id='word_1_497' title='bbox 1661 3364 1782 3431; x_wconf 83' lang='lat' dir='ltr'><strong>temam,</strong></span> 
     </span>
     <span class='ocr_line' id='line_1_38' title="bbox 69 3449 1784 3524; baseline 0.003 -19"><span class='ocrx_word' id='word_1_498' title='bbox 69 3451 257 3509; x_wconf 84' lang='lat' dir='ltr'><strong>torvicissim</strong></span> <span class='ocrx_word' id='word_1_499' title='bbox 270 3465 392 3524; x_wconf 88' lang='lat' dir='ltr'><strong>paxque</strong></span> <span class='ocrx_word' id='word_1_500' title='bbox 401 3449 486 3507; x_wconf 88' lang='lat' dir='ltr'><strong>fieret</strong></span> <span class='ocrx_word' id='word_1_501' title='bbox 499 3451 589 3508; x_wconf 90' lang='lat' dir='ltr'><strong>totius</strong></span> <span class='ocrx_word' id='word_1_502' title='bbox 600 3451 691 3521; x_wconf 89' lang='lat' dir='ltr'><strong>orbis,</strong></span> <span class='ocrx_word' id='word_1_503' title='bbox 706 3451 787 3509; x_wconf 91' lang='lat' dir='ltr'><strong>misit</strong></span> <span class='ocrx_word' id='word_1_504' title='bbox 795 3451 895 3509; x_wconf 90' lang='lat' dir='ltr'><strong>verbis</strong></span> <span class='ocrx_word' id='word_1_505' title='bbox 949 3456 982 3509; x_wconf 90' lang='lat' dir='ltr'><strong>ut</strong></span> <span class='ocrx_word' id='word_1_506' title='bbox 1010 3470 1046 3511; x_wconf 90' lang='lat' dir='ltr'><strong>ex</strong></span> <span class='ocrx_word' id='word_1_507' title='bbox 1067 3468 1104 3510; x_wconf 90' lang='lat' dir='ltr'><strong>ea</strong></span> <span class='ocrx_word' id='word_1_508' title='bbox 1130 3451 1252 3523; x_wconf 89' lang='lat' dir='ltr'><strong>viveret,</strong></span> <span class='ocrx_word' id='word_1_509' title='bbox 1277 3451 1372 3509; x_wconf 90' lang='lat' dir='ltr'><strong>voluit</strong></span> <span class='ocrx_word' id='word_1_510' title='bbox 1395 3467 1446 3509; x_wconf 89' lang='lat' dir='ltr'><strong>rex</strong></span> <span class='ocrx_word' id='word_1_511' title='bbox 1470 3451 1497 3509; x_wconf 91' lang='lat' dir='ltr'><strong>ai</strong></span> <span class='ocrx_word' id='word_1_512' title='bbox 1524 3451 1621 3522; x_wconf 71' lang='lat' dir='ltr'><strong>dare,</strong></span> <span class='ocrx_word' id='word_1_513' title='bbox 1654 3452 1710 3509; x_wconf 91' lang='lat' dir='ltr'><strong>sed</strong></span> <span class='ocrx_word' id='word_1_514' title='bbox 1735 3451 1784 3510; x_wconf 92' lang='lat' dir='ltr'><strong>illa</strong></span> 
     </span>
     <span class='ocr_line' id='line_1_39' title="bbox 68 3539 1784 3618; baseline 0.003 -22"><span class='ocrx_word' id='word_1_515' title='bbox 68 3539 190 3609; x_wconf 84' lang='lat' dir='ltr'><strong>pacificis</strong></span> <span class='ocrx_word' id='word_1_516' title='bbox 203 3541 244 3599; x_wconf 90' lang='lat' dir='ltr'><strong>ad</strong></span> <span class='ocrx_word' id='word_1_517' title='bbox 257 3539 414 3597; x_wconf 85' lang='lat' dir='ltr'><strong>ltollonem</strong></span> <span class='ocrx_word' id='word_1_518' title='bbox 424 3539 569 3596; x_wconf 92' lang='lat' dir='ltr'><strong>nuncium</strong></span> <span class='ocrx_word' id='word_1_519' title='bbox 577 3541 792 3615; x_wconf 89' lang='lat' dir='ltr'><strong>subsequentia</strong></span> <span class='ocrx_word' id='word_1_520' title='bbox 802 3541 896 3600; x_wconf 89' lang='lat' dir='ltr'><strong>verba</strong></span> <span class='ocrx_word' id='word_1_521' title='bbox 947 3542 1043 3600; x_wconf 92' lang='lat' dir='ltr'><strong>noluit</strong></span> <span class='ocrx_word' id='word_1_522' title='bbox 1069 3558 1131 3616; x_wconf 77' lang='lat' dir='ltr'><strong>prae</strong></span> <span class='ocrx_word' id='word_1_523' title='bbox 1155 3540 1315 3616; x_wconf 86' lang='lat' dir='ltr'><strong>paludium</strong></span> <span class='ocrx_word' id='word_1_524' title='bbox 1342 3541 1537 3616; x_wconf 88' lang='lat' dir='ltr'><strong>impeditione</strong></span> <span class='ocrx_word' id='word_1_525' title='bbox 1564 3543 1706 3618; x_wconf 89' lang='lat' dir='ltr'><strong>recipere.</strong></span> <span class='ocrx_word' id='word_1_526' title='bbox 1730 3544 1784 3602; x_wconf 86' lang='lat' dir='ltr'><strong>lta·</strong></span> 
     </span>
     <span class='ocr_line' id='line_1_40' title="bbox 72 3625 1782 3706; baseline 0.005 -24"><span class='ocrx_word' id='word_1_527' title='bbox 72 3625 219 3688; x_wconf 83' lang='lat' dir='ltr'><strong>dictumm.</strong></span> <span class='ocrx_word' id='word_1_528' title='bbox 247 3633 388 3703; x_wconf 88' lang='lat' dir='ltr'><strong>Cumque</strong></span> <span class='ocrx_word' id='word_1_529' title='bbox 398 3628 526 3686; x_wconf 88' lang='lat' dir='ltr'><strong>adesset.</strong></span> <span class='ocrx_word' id='word_1_530' title='bbox 540 3630 655 3688; x_wconf 82' lang='lat' dir='ltr'><strong>llolloni</strong></span> <span class='ocrx_word' id='word_1_531' title='bbox 678 3631 778 3688; x_wconf 86' lang='lat' dir='ltr'><strong>verbis</strong></span> <span class='ocrx_word' id='word_1_532' title='bbox 792 3647 895 3704; x_wconf 88' lang='lat' dir='ltr'><strong>preca·</strong></span> <span class='ocrx_word' id='word_1_533' title='bbox 948 3648 1008 3706; x_wconf 93' lang='lat' dir='ltr'><strong>que</strong></span> <span class='ocrx_word' id='word_1_534' title='bbox 1032 3631 1161 3705; x_wconf 88' lang='lat' dir='ltr'><strong>spondet</strong></span> <span class='ocrx_word' id='word_1_535' title='bbox 1187 3647 1241 3688; x_wconf 92' lang='lat' dir='ltr'><strong>rex</strong></span> <span class='ocrx_word' id='word_1_536' title='bbox 1256 3630 1283 3688; x_wconf 91' lang='lat' dir='ltr'><strong>ei</strong></span> <span class='ocrx_word' id='word_1_537' title='bbox 1310 3631 1493 3689; x_wconf 88' lang='lat' dir='ltr'><strong>Britanniam</strong></span> <span class='ocrx_word' id='word_1_538' title='bbox 1518 3631 1601 3704; x_wconf 85' lang='lat' dir='ltr'><strong>dare,</strong></span> <span class='ocrx_word' id='word_1_539' title='bbox 1631 3648 1699 3706; x_wconf 81' lang='lat' dir='ltr'><strong>quae</strong></span> <span class='ocrx_word' id='word_1_540' title='bbox 1719 3636 1782 3691; x_wconf 88' lang='lat' dir='ltr'><strong>erat</strong></span> 
     </span>
     <span class='ocr_line' id='line_1_41' title="bbox 71 3715 1782 3794; baseline 0.005 -23"><span class='ocrx_word' id='word_1_541' title='bbox 71 3715 129 3773; x_wconf 91' lang='lat' dir='ltr'><strong>tivis</strong></span> <span class='ocrx_word' id='word_1_542' title='bbox 142 3719 238 3777; x_wconf 88' lang='lat' dir='ltr'><strong>dixit:</strong></span> <span class='ocrx_word' id='word_1_543' title='bbox 256 3741 272 3771; x_wconf 81' lang='lat' dir='ltr'><strong>a</strong></span> <span class='ocrx_word' id='word_1_544' title='bbox 291 3717 449 3776; x_wconf 77' lang='lat' dir='ltr'><strong>lietbertus</strong></span> <span class='ocrx_word' id='word_1_545' title='bbox 461 3717 523 3775; x_wconf 91' lang='lat' dir='ltr'><strong>dux</strong></span> <span class='ocrx_word' id='word_1_546' title='bbox 536 3722 719 3777; x_wconf 79' lang='lat' dir='ltr'><strong>Francorum</strong></span> <span class='ocrx_word' id='word_1_547' title='bbox 741 3720 793 3778; x_wconf 93' lang='lat' dir='ltr'><strong>tibi</strong></span> <span class='ocrx_word' id='word_1_548' title='bbox 807 3719 894 3778; x_wconf 89' lang='lat' dir='ltr'><strong>fidele</strong></span> <span class='ocrx_word' id='word_1_549' title='bbox 947 3721 978 3777; x_wconf 92' lang='lat' dir='ltr'><strong>in</strong></span> <span class='ocrx_word' id='word_1_550' title='bbox 1006 3721 1136 3778; x_wconf 84' lang='lat' dir='ltr'><strong>confinio</strong></span> <span class='ocrx_word' id='word_1_551' title='bbox 1164 3719 1320 3794; x_wconf 76' lang='lat' dir='ltr'><strong>promissae</strong></span> <span class='ocrx_word' id='word_1_552' title='bbox 1347 3725 1441 3778; x_wconf 76' lang='lat' dir='ltr'><strong>terra.</strong></span> <span class='ocrx_word' id='word_1_553' title='bbox 1465 3720 1545 3777; x_wconf 89' lang='lat' dir='ltr'><strong>illico</strong></span> <span class='ocrx_word' id='word_1_554' title='bbox 1571 3721 1730 3779; x_wconf 82' lang='lat' dir='ltr'><strong>lietbertus</strong></span> <span class='ocrx_word' id='word_1_555' title='bbox 1754 3726 1782 3779; x_wconf 89' lang='lat' dir='ltr'><strong>et</strong></span> 
     </span>
     <span class='ocr_line' id='line_1_42' title="bbox 72 3806 1779 3882; baseline 0.004 -22"><span class='ocrx_word' id='word_1_556' title='bbox 72 3807 223 3866; x_wconf 81' lang='lat' dir='ltr'><strong>servitium.</strong></span> <span class='ocrx_word' id='word_1_557' title='bbox 238 3806 365 3866; x_wconf 71' lang='lat' dir='ltr'><strong>audivit</strong></span> <span class='ocrx_word' id='word_1_558' title='bbox 378 3807 572 3865; x_wconf 91' lang='lat' dir='ltr'><strong>concordiam</strong></span> <span class='ocrx_word' id='word_1_559' title='bbox 582 3809 624 3865; x_wconf 88' lang='lat' dir='ltr'><strong>tui</strong></span> <span class='ocrx_word' id='word_1_560' title='bbox 637 3813 666 3866; x_wconf 90' lang='lat' dir='ltr'><strong>et</strong></span> <span class='ocrx_word' id='word_1_561' title='bbox 677 3809 765 3882; x_wconf 87' lang='lat' dir='ltr'><strong>regis,</strong></span> <span class='ocrx_word' id='word_1_562' title='bbox 780 3815 809 3867; x_wconf 90' lang='lat' dir='ltr'><strong>et</strong></span> <span class='ocrx_word' id='word_1_563' title='bbox 824 3809 894 3866; x_wconf 91' lang='lat' dir='ltr'><strong>inde</strong></span> <span class='ocrx_word' id='word_1_564' title='bbox 948 3813 1060 3868; x_wconf 88' lang='lat' dir='ltr'><strong>Franco</strong></span> <span class='ocrx_word' id='word_1_565' title='bbox 1074 3809 1233 3882; x_wconf 90' lang='lat' dir='ltr'><strong>episcopus</strong></span> <span class='ocrx_word' id='word_1_566' title='bbox 1247 3809 1496 3866; x_wconf 89' lang='lat' dir='ltr'><strong>renuntiaverunt</strong></span> <span class='ocrx_word' id='word_1_567' title='bbox 1520 3809 1623 3865; x_wconf 91' lang='lat' dir='ltr'><strong>omnia</strong></span> <span class='ocrx_word' id='word_1_568' title='bbox 1653 3809 1779 3882; x_wconf 83' lang='lat' dir='ltr'><strong>Rolloni,</strong></span> 
     </span>
     <span class='ocr_line' id='line_1_43' title="bbox 70 3891 1781 3967; baseline 0.002 -19"><span class='ocrx_word' id='word_1_569' title='bbox 70 3891 174 3954; x_wconf 83' lang='lat' dir='ltr'><strong>letatur</strong></span> <span class='ocrx_word' id='word_1_570' title='bbox 182 3897 289 3966; x_wconf 91' lang='lat' dir='ltr'><strong>nimis,</strong></span> <span class='ocrx_word' id='word_1_571' title='bbox 308 3895 482 3966; x_wconf 75' lang='lat' dir='ltr'><strong>congruum</strong></span> <span class='ocrx_word' id='word_1_572' title='bbox 498 3911 563 3952; x_wconf 91' lang='lat' dir='ltr'><strong>esse</strong></span> <span class='ocrx_word' id='word_1_573' title='bbox 582 3895 636 3953; x_wconf 91' lang='lat' dir='ltr'><strong>tibi</strong></span> <span class='ocrx_word' id='word_1_574' title='bbox 650 3895 731 3965; x_wconf 86' lang='lat' dir='ltr'><strong>dicit,</strong></span> <span class='ocrx_word' id='word_1_575' title='bbox 761 3901 789 3954; x_wconf 88' lang='lat' dir='ltr'><strong>te</strong></span> <span class='ocrx_word' id='word_1_576' title='bbox 813 3902 895 3954; x_wconf 89' lang='lat' dir='ltr'><strong>tuos-</strong></span> <span class='ocrx_word' id='word_1_577' title='bbox 947 3903 977 3957; x_wconf 91' lang='lat' dir='ltr'><strong>et</strong></span> <span class='ocrx_word' id='word_1_578' title='bbox 990 3897 1279 3956; x_wconf 87' lang='lat' dir='ltr'><strong>adduxeruntillum</strong></span> <span class='ocrx_word' id='word_1_579' title='bbox 1304 3897 1473 3967; x_wconf 90' lang='lat' dir='ltr'><strong>integritate</strong></span> <span class='ocrx_word' id='word_1_580' title='bbox 1501 3895 1674 3952; x_wconf 70' lang='lat' dir='ltr'><strong>Christiane</strong></span> <span class='ocrx_word' id='word_1_581' title='bbox 1699 3895 1781 3965; x_wconf 88' lang='lat' dir='ltr'><strong>tidai,</strong></span> 
     </span>
     <span class='ocr_line' id='line_1_44' title="bbox 70 3981 1780 4060; baseline 0 -22"><span class='ocrx_word' id='word_1_582' title='bbox 70 3995 120 4052; x_wconf 90' lang='lat' dir='ltr'><strong>que</strong></span> <span class='ocrx_word' id='word_1_583' title='bbox 135 3987 338 4060; x_wconf 89' lang='lat' dir='ltr'><strong>requiescere,</strong></span> <span class='ocrx_word' id='word_1_584' title='bbox 365 3988 536 4058; x_wconf 89' lang='lat' dir='ltr'><strong>terramque</strong></span> <span class='ocrx_word' id='word_1_585' title='bbox 564 3984 668 4042; x_wconf 89' lang='lat' dir='ltr'><strong>datam</strong></span> <span class='ocrx_word' id='word_1_586' title='bbox 700 3984 894 4054; x_wconf 73' lang='lat' dir='ltr'><strong>reaedificare,</strong></span> <span class='ocrx_word' id='word_1_587' title='bbox 947 3985 1105 4044; x_wconf 90' lang='lat' dir='ltr'><strong>obsidibus</strong></span> <span class='ocrx_word' id='word_1_588' title='bbox 1116 3984 1205 4052; x_wconf 91' lang='lat' dir='ltr'><strong>datis,</strong></span> <span class='ocrx_word' id='word_1_589' title='bbox 1213 3982 1319 4041; x_wconf 87' lang='lat' dir='ltr'><strong>carolo</strong></span> <span class='ocrx_word' id='word_1_590' title='bbox 1344 3981 1417 4053; x_wconf 90' lang='lat' dir='ltr'><strong>regi.</strong></span> <span class='ocrx_word' id='word_1_591' title='bbox 1430 3981 1535 4038; x_wconf 91' lang='lat' dir='ltr'><strong>Franci</strong></span> <span class='ocrx_word' id='word_1_592' title='bbox 1548 3997 1620 4039; x_wconf 90' lang='lat' dir='ltr'><strong>vero</strong></span> <span class='ocrx_word' id='word_1_593' title='bbox 1631 3981 1780 4039; x_wconf 89' lang='lat' dir='ltr'><strong>intuentes</strong></span> 
     </span>
     <span class='ocr_line' id='line_1_45' title="bbox 68 4070 1783 4150; baseline -0.001 -20"><span class='ocrx_word' id='word_1_594' title='bbox 68 4072 148 4130; x_wconf 87' lang='lat' dir='ltr'><strong>nrbes</strong></span> <span class='ocrx_word' id='word_1_595' title='bbox 159 4080 189 4133; x_wconf 93' lang='lat' dir='ltr'><strong>et</strong></span> <span class='ocrx_word' id='word_1_596' title='bbox 201 4075 524 4146; x_wconf 70' lang='lat' dir='ltr'><strong>moeniarestaurare„</strong></span> <span class='ocrx_word' id='word_1_597' title='bbox 536 4078 624 4148; x_wconf 90' lang='lat' dir='ltr'><strong>teque</strong></span> <span class='ocrx_word' id='word_1_598' title='bbox 650 4079 795 4150; x_wconf 89' lang='lat' dir='ltr'><strong>perpetua</strong></span> <span class='ocrx_word' id='word_1_599' title='bbox 819 4090 894 4148; x_wconf 91' lang='lat' dir='ltr'><strong>pace</strong></span> <span class='ocrx_word' id='word_1_600' title='bbox 949 4075 1105 4133; x_wconf 83' lang='lat' dir='ltr'><strong>llollonem</strong></span> <span class='ocrx_word' id='word_1_601' title='bbox 1119 4073 1209 4130; x_wconf 90' lang='lat' dir='ltr'><strong>totius</strong></span> <span class='ocrx_word' id='word_1_602' title='bbox 1225 4072 1354 4130; x_wconf 73' lang='lat' dir='ltr'><strong>Francia</strong></span> <span class='ocrx_word' id='word_1_603' title='bbox 1369 4071 1549 4139; x_wconf 85' lang='lat' dir='ltr'><strong>invasorem,</strong></span> <span class='ocrx_word' id='word_1_604' title='bbox 1576 4070 1716 4129; x_wconf 89' lang='lat' dir='ltr'><strong>dixerunt</strong></span> <span class='ocrx_word' id='word_1_605' title='bbox 1741 4072 1783 4132; x_wconf 88' lang='lat' dir='ltr'><strong>ad</strong></span> 
     </span>
     <span class='ocr_line' id='line_1_46' title="bbox 68 4157 1781 4237; baseline 0.002 -20"><span class='ocrx_word' id='word_1_606' title='bbox 68 4157 166 4219; x_wconf 79' lang='lat' dir='ltr'><strong>rivere.</strong></span> <span class='ocrx_word' id='word_1_607' title='bbox 184 4163 262 4221; x_wconf 89' lang='lat' dir='ltr'><strong>Satis</strong></span> <span class='ocrx_word' id='word_1_608' title='bbox 277 4161 436 4220; x_wconf 89' lang='lat' dir='ltr'><strong>exercuisti</strong></span> <span class='ocrx_word' id='word_1_609' title='bbox 459 4161 572 4235; x_wconf 75' lang='lat' dir='ltr'><strong>praelia,</strong></span> <span class='ocrx_word' id='word_1_610' title='bbox 585 4161 657 4219; x_wconf 89' lang='lat' dir='ltr'><strong>satis</strong></span> <span class='ocrx_word' id='word_1_611' title='bbox 682 4161 895 4221; x_wconf 84' lang='lat' dir='ltr'><strong>demonstrasti</strong></span> <span class='ocrx_word' id='word_1_612' title='bbox 945 4163 1076 4222; x_wconf 90' lang='lat' dir='ltr'><strong>invicem</strong></span> <span class='ocrx_word' id='word_1_613' title='bbox 1094 4180 1101 4219; x_wconf 93' lang='lat'><strong>:</strong></span> <span class='ocrx_word' id='word_1_614' title='bbox 1118 4185 1132 4213; x_wconf 74' lang='lat' dir='ltr'><strong>a</strong></span> <span class='ocrx_word' id='word_1_615' title='bbox 1148 4164 1261 4234; x_wconf 80' lang='lat' dir='ltr'><strong>llagnoe</strong></span> <span class='ocrx_word' id='word_1_616' title='bbox 1275 4159 1415 4235; x_wconf 76' lang='lat' dir='ltr'><strong>potentiae</strong></span> <span class='ocrx_word' id='word_1_617' title='bbox 1429 4159 1483 4217; x_wconf 86' lang='lat' dir='ltr'><strong>iate</strong></span> <span class='ocrx_word' id='word_1_618' title='bbox 1505 4159 1577 4232; x_wconf 92' lang='lat' dir='ltr'><strong>dux,</strong></span> <span class='ocrx_word' id='word_1_619' title='bbox 1601 4177 1781 4237; x_wconf 76' lang='lat' dir='ltr'><strong>magnaeque</strong></span> 
     </span>
     <span class='ocr_line' id='line_1_47' title="bbox 69 4249 1779 4326; baseline 0.002 -20"><span class='ocrx_word' id='word_1_620' title='bbox 69 4261 143 4308; x_wconf 71' lang='lat' dir='ltr'><strong>mma</strong></span> <span class='ocrx_word' id='word_1_621' title='bbox 156 4251 265 4310; x_wconf 88' lang='lat' dir='ltr'><strong>virilia.</strong></span> <span class='ocrx_word' id='word_1_622' title='bbox 285 4251 363 4310; x_wconf 86' lang='lat' dir='ltr'><strong>Satis</strong></span> <span class='ocrx_word' id='word_1_623' title='bbox 374 4251 461 4323; x_wconf 77' lang='lat' dir='ltr'><strong>cuius</strong></span> <span class='ocrx_word' id='word_1_624' title='bbox 472 4250 587 4308; x_wconf 87' lang='lat' dir='ltr'><strong>virtutis</strong></span> <span class='ocrx_word' id='word_1_625' title='bbox 615 4267 698 4308; x_wconf 90' lang='lat' dir='ltr'><strong>esses</strong></span> <span class='ocrx_word' id='word_1_626' title='bbox 725 4250 893 4322; x_wconf 87' lang='lat' dir='ltr'><strong>declarasti,</strong></span> <span class='ocrx_word' id='word_1_627' title='bbox 946 4253 1071 4324; x_wconf 86' lang='lat' dir='ltr'><strong>virtutis,</strong></span> <span class='ocrx_word' id='word_1_628' title='bbox 1087 4257 1178 4326; x_wconf 86' lang='lat' dir='ltr'><strong>atque</strong></span> <span class='ocrx_word' id='word_1_629' title='bbox 1192 4251 1296 4321; x_wconf 89' lang='lat' dir='ltr'><strong>magni</strong></span> <span class='ocrx_word' id='word_1_630' title='bbox 1318 4249 1435 4308; x_wconf 91' lang='lat' dir='ltr'><strong>consilii</strong></span> <span class='ocrx_word' id='word_1_631' title='bbox 1460 4254 1490 4307; x_wconf 91' lang='lat' dir='ltr'><strong>et</strong></span> <span class='ocrx_word' id='word_1_632' title='bbox 1511 4250 1688 4324; x_wconf 77' lang='lat' dir='ltr'><strong>prudentie,</strong></span> <span class='ocrx_word' id='word_1_633' title='bbox 1704 4252 1779 4326; x_wconf 91' lang='lat' dir='ltr'><strong>quin</strong></span> 
     </span>
     <span class='ocr_line' id='line_1_48' title="bbox 69 4307 1782 4415; baseline 0.005 -23"><span class='ocrx_word' id='word_1_634' title='bbox 69 4339 131 4394; x_wconf 89' lang='lat' dir='ltr'><strong>satis</strong></span> <span class='ocrx_word' id='word_1_635' title='bbox 144 4339 437 4415; x_wconf 87' lang='lat' dir='ltr'><strong>plurimispericulis</strong></span> <span class='ocrx_word' id='word_1_636' title='bbox 451 4339 624 4413; x_wconf 90' lang='lat' dir='ltr'><strong>incubuisti,</strong></span> <span class='ocrx_word' id='word_1_637' title='bbox 640 4341 712 4399; x_wconf 90' lang='lat' dir='ltr'><strong>satis</strong></span> <span class='ocrx_word' id='word_1_638' title='bbox 736 4357 790 4400; x_wconf 80' lang='lat' dir='ltr'><strong>uos</strong></span> <span class='ocrx_word' id='word_1_639' title='bbox 816 4357 894 4398; x_wconf 92' lang='lat' dir='ltr'><strong>eme·</strong></span> <span class='ocrx_word' id='word_1_640' title='bbox 912 4307 1037 4403; x_wconf 81' lang='lat' dir='ltr'><strong>Detiam</strong></span> <span class='ocrx_word' id='word_1_641' title='bbox 1058 4341 1181 4412; x_wconf 88' lang='lat' dir='ltr'><strong>laboris,</strong></span> <span class='ocrx_word' id='word_1_642' title='bbox 1208 4341 1262 4415; x_wconf 91' lang='lat' dir='ltr'><strong>qui</strong></span> <span class='ocrx_word' id='word_1_643' title='bbox 1286 4344 1370 4398; x_wconf 88' lang='lat' dir='ltr'><strong>tanta</strong></span> <span class='ocrx_word' id='word_1_644' title='bbox 1395 4339 1498 4415; x_wconf 75' lang='lat' dir='ltr'><strong>praelia</strong></span> <span class='ocrx_word' id='word_1_645' title='bbox 1528 4342 1659 4399; x_wconf 87' lang='lat' dir='ltr'><strong>exercuit</strong></span> <span class='ocrx_word' id='word_1_646' title='bbox 1677 4347 1782 4400; x_wconf 88' lang='lat' dir='ltr'><strong>contra</strong></span> 
     </span>
     <span class='ocr_line' id='line_1_49' title="bbox 68 4425 1782 4502; baseline 0.002 -19"><span class='ocrx_word' id='word_1_647' title='bbox 68 4425 142 4497; x_wconf 84' lang='lat' dir='ltr'><strong>ritus,</strong></span> <span class='ocrx_word' id='word_1_648' title='bbox 170 4431 244 4488; x_wconf 88' lang='lat' dir='ltr'><strong>satis</strong></span> <span class='ocrx_word' id='word_1_649' title='bbox 264 4435 331 4488; x_wconf 90' lang='lat' dir='ltr'><strong>toto</strong></span> <span class='ocrx_word' id='word_1_650' title='bbox 351 4429 424 4486; x_wconf 90' lang='lat' dir='ltr'><strong>orbe</strong></span> <span class='ocrx_word' id='word_1_651' title='bbox 447 4428 599 4488; x_wconf 90' lang='lat' dir='ltr'><strong>laudatus.</strong></span> <span class='ocrx_word' id='word_1_652' title='bbox 641 4430 720 4497; x_wconf 83' lang='lat' dir='ltr'><strong>Quin</strong></span> <span class='ocrx_word' id='word_1_653' title='bbox 743 4430 805 4488; x_wconf 92' lang='lat' dir='ltr'><strong>imo</strong></span> <span class='ocrx_word' id='word_1_654' title='bbox 832 4430 896 4487; x_wconf 92' lang='lat' dir='ltr'><strong>dux</strong></span> <span class='ocrx_word' id='word_1_655' title='bbox 947 4433 1070 4491; x_wconf 81' lang='lat' dir='ltr'><strong>comites</strong></span> <span class='ocrx_word' id='word_1_656' title='bbox 1097 4431 1183 4488; x_wconf 91' lang='lat' dir='ltr'><strong>istius</strong></span> <span class='ocrx_word' id='word_1_657' title='bbox 1211 4429 1306 4502; x_wconf 91' lang='lat' dir='ltr'><strong>regni.</strong></span> <span class='ocrx_word' id='word_1_658' title='bbox 1322 4452 1336 4480; x_wconf 73' lang='lat' dir='ltr'><strong>a</strong></span> <span class='ocrx_word' id='word_1_659' title='bbox 1362 4429 1468 4489; x_wconf 88' lang='lat' dir='ltr'><strong>Statim</strong></span> <span class='ocrx_word' id='word_1_660' title='bbox 1496 4431 1682 4489; x_wconf 78' lang='lat' dir='ltr'><strong>Francorum</strong></span> <span class='ocrx_word' id='word_1_661' title='bbox 1697 4446 1782 4488; x_wconf 90' lang='lat' dir='ltr'><strong>coac-</strong></span> 
     </span>
     <span class='ocr_line' id='line_1_50' title="bbox 69 4511 1781 4594; baseline 0.002 -24"><span class='ocrx_word' id='word_1_662' title='bbox 69 4511 140 4573; x_wconf 89' lang='lat' dir='ltr'><strong>idem</strong></span> <span class='ocrx_word' id='word_1_663' title='bbox 163 4519 353 4594; x_wconf 87' lang='lat' dir='ltr'><strong>deprecans,</strong></span> <span class='ocrx_word' id='word_1_664' title='bbox 380 4519 465 4576; x_wconf 88' lang='lat' dir='ltr'><strong>flexis</strong></span> <span class='ocrx_word' id='word_1_665' title='bbox 494 4518 588 4576; x_wconf 90' lang='lat' dir='ltr'><strong>animi</strong></span> <span class='ocrx_word' id='word_1_666' title='bbox 614 4519 742 4591; x_wconf 91' lang='lat' dir='ltr'><strong>genibus</strong></span> <span class='ocrx_word' id='word_1_667' title='bbox 770 4520 896 4577; x_wconf 87' lang='lat' dir='ltr'><strong>mandat</strong></span> <span class='ocrx_word' id='word_1_668' title='bbox 946 4527 996 4582; x_wconf 87' lang='lat' dir='ltr'><strong>tus</strong></span> <span class='ocrx_word' id='word_1_669' title='bbox 1025 4520 1135 4590; x_wconf 85' lang='lat' dir='ltr'><strong>verbis,</strong></span> <span class='ocrx_word' id='word_1_670' title='bbox 1172 4513 1283 4578; x_wconf 73' lang='lat' dir='ltr'><strong>manus</strong></span> <span class='ocrx_word' id='word_1_671' title='bbox 1326 4536 1396 4578; x_wconf 87' lang='lat' dir='ltr'><strong>suas</strong></span> <span class='ocrx_word' id='word_1_672' title='bbox 1433 4519 1516 4577; x_wconf 91' lang='lat' dir='ltr'><strong>misit</strong></span> <span class='ocrx_word' id='word_1_673' title='bbox 1556 4520 1632 4577; x_wconf 86' lang='lat' dir='ltr'><strong>inter</strong></span> <span class='ocrx_word' id='word_1_674' title='bbox 1670 4533 1781 4576; x_wconf 88' lang='lat' dir='ltr'><strong>manus</strong></span> 
     </span>
     <span class='ocr_line' id='line_1_51' title="bbox 70 4599 1782 4685; baseline 0.002 -28"><span class='ocrx_word' id='word_1_675' title='bbox 70 4599 124 4675; x_wconf 87' lang='lat' dir='ltr'><strong>tihi,</strong></span> <span class='ocrx_word' id='word_1_676' title='bbox 151 4611 184 4664; x_wconf 92' lang='lat' dir='ltr'><strong>ut</strong></span> <span class='ocrx_word' id='word_1_677' title='bbox 203 4608 397 4665; x_wconf 88' lang='lat' dir='ltr'><strong>testificatum</strong></span> <span class='ocrx_word' id='word_1_678' title='bbox 436 4607 467 4665; x_wconf 93' lang='lat' dir='ltr'><strong>in</strong></span> <span class='ocrx_word' id='word_1_679' title='bbox 498 4607 606 4664; x_wconf 83' lang='lat' dir='ltr'><strong>Christi</strong></span> <span class='ocrx_word' id='word_1_680' title='bbox 647 4608 769 4666; x_wconf 89' lang='lat' dir='ltr'><strong>nomine</strong></span> <span class='ocrx_word' id='word_1_681' title='bbox 811 4611 840 4665; x_wconf 89' lang='lat' dir='ltr'><strong>ct</strong></span> <span class='ocrx_word' id='word_1_682' title='bbox 863 4609 895 4666; x_wconf 90' lang='lat' dir='ltr'><strong>in</strong></span> <span class='ocrx_word' id='word_1_683' title='bbox 946 4611 1036 4684; x_wconf 84' lang='lat' dir='ltr'><strong>regis.</strong></span> <span class='ocrx_word' id='word_1_684' title='bbox 1061 4609 1145 4685; x_wconf 92' lang='lat' dir='ltr'><strong>quod</strong></span> <span class='ocrx_word' id='word_1_685' title='bbox 1171 4625 1331 4684; x_wconf 87' lang='lat' dir='ltr'><strong>nunquam</strong></span> <span class='ocrx_word' id='word_1_686' title='bbox 1357 4613 1442 4684; x_wconf 91' lang='lat' dir='ltr'><strong>pater</strong></span> <span class='ocrx_word' id='word_1_687' title='bbox 1466 4609 1543 4680; x_wconf 87' lang='lat' dir='ltr'><strong>ejus,</strong></span> <span class='ocrx_word' id='word_1_688' title='bbox 1570 4613 1599 4666; x_wconf 92' lang='lat' dir='ltr'><strong>et</strong></span> <span class='ocrx_word' id='word_1_689' title='bbox 1623 4622 1708 4676; x_wconf 86' lang='lat' dir='ltr'><strong>avus,</strong></span> <span class='ocrx_word' id='word_1_690' title='bbox 1737 4609 1782 4661; x_wconf 89' lang='lat' dir='ltr'><strong>at·</strong></span> 
     </span>
     <span class='ocr_line' id='line_1_52' title="bbox 70 4687 1782 4774; baseline 0.004 -32"><span class='ocrx_word' id='word_1_691' title='bbox 70 4687 141 4748; x_wconf 90' lang='lat' dir='ltr'><strong>lonte</strong></span> <span class='ocrx_word' id='word_1_692' title='bbox 160 4695 318 4753; x_wconf 75' lang='lat' dir='ltr'><strong>salutifero</strong></span> <span class='ocrx_word' id='word_1_693' title='bbox 345 4694 527 4769; x_wconf 89' lang='lat' dir='ltr'><strong>baptismate</strong></span> <span class='ocrx_word' id='word_1_694' title='bbox 548 4694 643 4753; x_wconf 90' lang='lat' dir='ltr'><strong>lotum</strong></span> <span class='ocrx_word' id='word_1_695' title='bbox 665 4694 778 4770; x_wconf 89' lang='lat' dir='ltr'><strong>suscipi</strong></span> <span class='ocrx_word' id='word_1_696' title='bbox 802 4695 842 4752; x_wconf 88' lang='lat' dir='ltr'><strong>ab</strong></span> <span class='ocrx_word' id='word_1_697' title='bbox 858 4711 894 4753; x_wconf 91' lang='lat' dir='ltr'><strong>ao</strong></span> <span class='ocrx_word' id='word_1_698' title='bbox 947 4715 1007 4774; x_wconf 91' lang='lat' dir='ltr'><strong>que</strong></span> <span class='ocrx_word' id='word_1_699' title='bbox 1031 4715 1163 4773; x_wconf 84' lang='lat' dir='ltr'><strong>proavus</strong></span> <span class='ocrx_word' id='word_1_700' title='bbox 1190 4698 1334 4773; x_wconf 89' lang='lat' dir='ltr'><strong>cuiquam</strong></span> <span class='ocrx_word' id='word_1_701' title='bbox 1355 4697 1433 4756; x_wconf 86' lang='lat' dir='ltr'><strong>lecit.</strong></span> <span class='ocrx_word' id='word_1_702' title='bbox 1455 4695 1540 4753; x_wconf 86' lang='lat' dir='ltr'><strong>Dedit</strong></span> <span class='ocrx_word' id='word_1_703' title='bbox 1567 4695 1667 4768; x_wconf 89' lang='lat' dir='ltr'><strong>itaque</strong></span> <span class='ocrx_word' id='word_1_704' title='bbox 1686 4693 1782 4750; x_wconf 85' lang='lat' dir='ltr'><strong>liliam</strong></span> 
     </span>
     <span class='ocr_line' id='line_1_53' title="bbox 70 4781 1782 4859; baseline 0.001 -23"><span class='ocrx_word' id='word_1_705' title='bbox 70 4781 94 4833; x_wconf 89' lang='lat' dir='ltr'><strong>te</strong></span> <span class='ocrx_word' id='word_1_706' title='bbox 121 4781 210 4842; x_wconf 87' lang='lat' dir='ltr'><strong>sinas.</strong></span> <span class='ocrx_word' id='word_1_707' title='bbox 241 4785 318 4842; x_wconf 85' lang='lat' dir='ltr'><strong>ilinc</strong></span> <span class='ocrx_word' id='word_1_708' title='bbox 347 4784 437 4853; x_wconf 87' lang='lat' dir='ltr'><strong>eritis,</strong></span> <span class='ocrx_word' id='word_1_709' title='bbox 467 4783 491 4841; x_wconf 94' lang='lat' dir='ltr'><strong>si</strong></span> <span class='ocrx_word' id='word_1_710' title='bbox 518 4784 573 4842; x_wconf 89' lang='lat' dir='ltr'><strong>tibi</strong></span> <span class='ocrx_word' id='word_1_711' title='bbox 597 4784 753 4859; x_wconf 88' lang='lat' dir='ltr'><strong>placuerit,</strong></span> <span class='ocrx_word' id='word_1_712' title='bbox 776 4786 897 4859; x_wconf 88' lang='lat' dir='ltr'><strong>insepa-</strong></span> <span class='ocrx_word' id='word_1_713' title='bbox 949 4805 1038 4846; x_wconf 89' lang='lat' dir='ltr'><strong>suam</strong></span> <span class='ocrx_word' id='word_1_714' title='bbox 1067 4787 1178 4846; x_wconf 85' lang='lat' dir='ltr'><strong>Gislam</strong></span> <span class='ocrx_word' id='word_1_715' title='bbox 1218 4787 1342 4844; x_wconf 90' lang='lat' dir='ltr'><strong>nomine</strong></span> <span class='ocrx_word' id='word_1_716' title='bbox 1369 4801 1495 4843; x_wconf 89' lang='lat' dir='ltr'><strong>uxorem</strong></span> <span class='ocrx_word' id='word_1_717' title='bbox 1534 4783 1576 4840; x_wconf 92' lang='lat' dir='ltr'><strong>illi</strong></span> <span class='ocrx_word' id='word_1_718' title='bbox 1602 4781 1682 4851; x_wconf 91' lang='lat' dir='ltr'><strong>duci,</strong></span> <span class='ocrx_word' id='word_1_719' title='bbox 1724 4785 1782 4838; x_wconf 86' lang='lat' dir='ltr'><strong>ter-</strong></span> 
     </span>
     <span class='ocr_line' id='line_1_54' title="bbox 70 4869 1780 4952; baseline 0.001 -28"><span class='ocrx_word' id='word_1_720' title='bbox 70 4869 190 4930; x_wconf 85' lang='lat' dir='ltr'><strong>rabiliter</strong></span> <span class='ocrx_word' id='word_1_721' title='bbox 214 4873 270 4931; x_wconf 90' lang='lat' dir='ltr'><strong>fidi</strong></span> <span class='ocrx_word' id='word_1_722' title='bbox 299 4873 399 4947; x_wconf 90' lang='lat' dir='ltr'><strong>amici,</strong></span> <span class='ocrx_word' id='word_1_723' title='bbox 427 4873 589 4949; x_wconf 89' lang='lat' dir='ltr'><strong>nullusque</strong></span> <span class='ocrx_word' id='word_1_724' title='bbox 611 4879 715 4932; x_wconf 90' lang='lat' dir='ltr'><strong>contra</strong></span> <span class='ocrx_word' id='word_1_725' title='bbox 738 4891 794 4932; x_wconf 91' lang='lat' dir='ltr'><strong>vos</strong></span> <span class='ocrx_word' id='word_1_726' title='bbox 817 4880 895 4932; x_wconf 84' lang='lat' dir='ltr'><strong>stare</strong></span> <span class='ocrx_word' id='word_1_727' title='bbox 948 4893 1076 4952; x_wconf 78' lang='lat' dir='ltr'><strong>remque</strong></span> <span class='ocrx_word' id='word_1_728' title='bbox 1101 4875 1331 4934; x_wconf 86' lang='lat' dir='ltr'><strong>determinatam</strong></span> <span class='ocrx_word' id='word_1_729' title='bbox 1357 4875 1388 4931; x_wconf 93' lang='lat' dir='ltr'><strong>in</strong></span> <span class='ocrx_word' id='word_1_730' title='bbox 1422 4872 1523 4938; x_wconf 90' lang='lat' dir='ltr'><strong>alodo,</strong></span> <span class='ocrx_word' id='word_1_731' title='bbox 1547 4875 1576 4928; x_wconf 91' lang='lat' dir='ltr'><strong>et</strong></span> <span class='ocrx_word' id='word_1_732' title='bbox 1608 4870 1640 4926; x_wconf 91' lang='lat' dir='ltr'><strong>in</strong></span> <span class='ocrx_word' id='word_1_733' title='bbox 1674 4869 1780 4938; x_wconf 75' lang='lat' dir='ltr'><strong>modo,</strong></span> 
     </span>
     <span class='ocr_line' id='line_1_55' title="bbox 71 4957 1783 5038; baseline 0.001 -24"><span class='ocrx_word' id='word_1_734' title='bbox 71 4960 176 5030; x_wconf 83' lang='lat' dir='ltr'><strong>poterit,</strong></span> <span class='ocrx_word' id='word_1_735' title='bbox 200 4961 352 5036; x_wconf 84' lang='lat' dir='ltr'><strong>iaciatque</strong></span> <span class='ocrx_word' id='word_1_736' title='bbox 373 4962 557 5020; x_wconf 87' lang='lat' dir='ltr'><strong>incessanter</strong></span> <span class='ocrx_word' id='word_1_737' title='bbox 574 4967 710 5021; x_wconf 89' lang='lat' dir='ltr'><strong>vestrum</strong></span> <span class='ocrx_word' id='word_1_738' title='bbox 729 4963 896 5035; x_wconf 90' lang='lat' dir='ltr'><strong>servitium,</strong></span> <span class='ocrx_word' id='word_1_739' title='bbox 949 4967 1113 5024; x_wconf 85' lang='lat' dir='ltr'><strong>atlumine</strong></span> <span class='ocrx_word' id='word_1_740' title='bbox 1141 4968 1222 5038; x_wconf 82' lang='lat' dir='ltr'><strong>Epiaa</strong></span> <span class='ocrx_word' id='word_1_741' title='bbox 1243 4978 1340 5037; x_wconf 86' lang='lat' dir='ltr'><strong>usque</strong></span> <span class='ocrx_word' id='word_1_742' title='bbox 1360 4963 1400 5019; x_wconf 86' lang='lat' dir='ltr'><strong>ad</strong></span> <span class='ocrx_word' id='word_1_743' title='bbox 1422 4975 1518 5030; x_wconf 90' lang='lat' dir='ltr'><strong>mare,</strong></span> <span class='ocrx_word' id='word_1_744' title='bbox 1541 4963 1696 5032; x_wconf 88' lang='lat' dir='ltr'><strong>totamque</strong></span> <span class='ocrx_word' id='word_1_745' title='bbox 1724 4957 1783 5016; x_wconf 85' lang='lat' dir='ltr'><strong>Bri·</strong></span> 
     </span>
     <span class='ocr_line' id='line_1_56' title="bbox 71 5045 1782 5127; baseline -0.003 -20"><span class='ocrx_word' id='word_1_746' title='bbox 71 5057 222 5124; x_wconf 77' lang='lat' dir='ltr'><strong>regamque</strong></span> <span class='ocrx_word' id='word_1_747' title='bbox 251 5051 308 5109; x_wconf 93' lang='lat' dir='ltr'><strong>tibi</strong></span> <span class='ocrx_word' id='word_1_748' title='bbox 328 5053 413 5109; x_wconf 91' lang='lat' dir='ltr'><strong>omni</strong></span> <span class='ocrx_word' id='word_1_749' title='bbox 444 5056 579 5127; x_wconf 86' lang='lat' dir='ltr'><strong>tempore</strong></span> <span class='ocrx_word' id='word_1_750' title='bbox 604 5052 797 5112; x_wconf 89' lang='lat' dir='ltr'><strong>benevolum.</strong></span> <span class='ocrx_word' id='word_1_751' title='bbox 813 5071 828 5108; x_wconf 66' lang='grc' dir='ltr'>ι</span> <span class='ocrx_word' id='word_1_752' title='bbox 845 5053 897 5109; x_wconf 87' lang='lat' dir='ltr'><strong>llis</strong></span> <span class='ocrx_word' id='word_1_753' title='bbox 949 5055 1085 5117; x_wconf 85' lang='lat' dir='ltr'><strong>taoniam</strong></span> <span class='ocrx_word' id='word_1_754' title='bbox 1111 5054 1149 5111; x_wconf 91' lang='lat' dir='ltr'><strong>de</strong></span> <span class='ocrx_word' id='word_1_755' title='bbox 1178 5067 1241 5125; x_wconf 90' lang='lat' dir='ltr'><strong>qua</strong></span> <span class='ocrx_word' id='word_1_756' title='bbox 1263 5053 1366 5125; x_wconf 91' lang='lat' dir='ltr'><strong>posset</strong></span> <span class='ocrx_word' id='word_1_757' title='bbox 1394 5049 1503 5106; x_wconf 86' lang='lat' dir='ltr'><strong>vivere.</strong></span> <span class='ocrx_word' id='word_1_758' title='bbox 1529 5045 1644 5105; x_wconf 85' lang='lat' dir='ltr'><strong>Rolloni</strong></span> <span class='ocrx_word' id='word_1_759' title='bbox 1672 5045 1782 5122; x_wconf 89' lang='lat' dir='ltr'><strong>pedem</strong></span> 
     </span>
     <span class='ocr_line' id='line_1_57' title="bbox 72 5131 1782 5218; baseline 0.001 -29"><span class='ocrx_word' id='word_1_760' title='bbox 72 5131 157 5210; x_wconf 89' lang='lat' dir='ltr'><strong>dictis,</strong></span> <span class='ocrx_word' id='word_1_761' title='bbox 184 5140 314 5198; x_wconf 89' lang='lat' dir='ltr'><strong>consilio</strong></span> <span class='ocrx_word' id='word_1_762' title='bbox 340 5141 501 5199; x_wconf 77' lang='lat' dir='ltr'><strong>lhanconis</strong></span> <span class='ocrx_word' id='word_1_763' title='bbox 537 5141 681 5217; x_wconf 88' lang='lat' dir='ltr'><strong>episcopi.</strong></span> <span class='ocrx_word' id='word_1_764' title='bbox 710 5158 896 5218; x_wconf 88' lang='lat' dir='ltr'><strong>suorumque</strong></span> <span class='ocrx_word' id='word_1_765' title='bbox 948 5144 1028 5216; x_wconf 88' lang='lat' dir='ltr'><strong>regis</strong></span> <span class='ocrx_word' id='word_1_766' title='bbox 1055 5139 1167 5200; x_wconf 90' lang='lat' dir='ltr'><strong>nolenti</strong></span> <span class='ocrx_word' id='word_1_767' title='bbox 1195 5137 1325 5197; x_wconf 90' lang='lat' dir='ltr'><strong>osculari</strong></span> <span class='ocrx_word' id='word_1_768' title='bbox 1352 5136 1492 5194; x_wconf 81' lang='lat' dir='ltr'><strong>dixeram</strong></span> <span class='ocrx_word' id='word_1_769' title='bbox 1520 5134 1653 5210; x_wconf 89' lang='lat' dir='ltr'><strong>episcopi</strong></span> <span class='ocrx_word' id='word_1_770' title='bbox 1669 5152 1676 5192; x_wconf 94' lang='lat'><strong>:</strong></span> <span class='ocrx_word' id='word_1_771' title='bbox 1694 5158 1709 5186; x_wconf 71' lang='grc' dir='ltr'>ι(</span> <span class='ocrx_word' id='word_1_772' title='bbox 1726 5133 1782 5204; x_wconf 81' lang='lat' dir='ltr'><strong>oui</strong></span> 
     </span>
     <span class='ocr_line' id='line_1_58' title="bbox 73 5224 1784 5306; baseline 0.001 -26"><span class='ocrx_word' id='word_1_773' title='bbox 73 5227 205 5285; x_wconf 80' lang='lat' dir='ltr'><strong>comum</strong></span> <span class='ocrx_word' id='word_1_774' title='bbox 219 5229 298 5286; x_wconf 89' lang='lat' dir='ltr'><strong>dixit</strong></span> <span class='ocrx_word' id='word_1_775' title='bbox 314 5249 347 5286; x_wconf 77' lang='lat' dir='ltr'><strong>:a</strong></span> <span class='ocrx_word' id='word_1_776' title='bbox 364 5231 436 5288; x_wconf 89' lang='lat' dir='ltr'><strong>Volo</strong></span> <span class='ocrx_word' id='word_1_777' title='bbox 450 5231 617 5289; x_wconf 88' lang='lat' dir='ltr'><strong>consentire</strong></span> <span class='ocrx_word' id='word_1_778' title='bbox 628 5232 693 5304; x_wconf 89' lang='lat' dir='ltr'><strong>regi</strong></span> <span class='ocrx_word' id='word_1_779' title='bbox 703 5231 895 5306; x_wconf 85' lang='lat' dir='ltr'><strong>Francisque,</strong></span> <span class='ocrx_word' id='word_1_780' title='bbox 949 5231 1133 5290; x_wconf 90' lang='lat' dir='ltr'><strong>taledonum</strong></span> <span class='ocrx_word' id='word_1_781' title='bbox 1154 5227 1268 5302; x_wconf 90' lang='lat' dir='ltr'><strong>recipit,</strong></span> <span class='ocrx_word' id='word_1_782' title='bbox 1284 5225 1388 5284; x_wconf 91' lang='lat' dir='ltr'><strong>osculo</strong></span> <span class='ocrx_word' id='word_1_783' title='bbox 1402 5224 1492 5282; x_wconf 87' lang='lat' dir='ltr'><strong>debet</strong></span> <span class='ocrx_word' id='word_1_784' title='bbox 1514 5230 1651 5300; x_wconf 87' lang='lat' dir='ltr'><strong>expetere</strong></span> <span class='ocrx_word' id='word_1_785' title='bbox 1673 5225 1784 5300; x_wconf 91' lang='lat' dir='ltr'><strong>pedem</strong></span> 
     </span>
     <span class='ocr_line' id='line_1_59' title="bbox 73 5313 1784 5394; baseline 0.003 -29"><span class='ocrx_word' id='word_1_786' title='bbox 73 5315 100 5366; x_wconf 86' lang='lat' dir='ltr'><strong>ut</strong></span> <span class='ocrx_word' id='word_1_787' title='bbox 111 5317 208 5374; x_wconf 89' lang='lat' dir='ltr'><strong>veniat</strong></span> <span class='ocrx_word' id='word_1_788' title='bbox 221 5317 263 5375; x_wconf 87' lang='lat' dir='ltr'><strong>ad</strong></span> <span class='ocrx_word' id='word_1_789' title='bbox 275 5317 504 5378; x_wconf 88' lang='lat' dir='ltr'><strong>denominatum</strong></span> <span class='ocrx_word' id='word_1_790' title='bbox 520 5319 676 5394; x_wconf 91' lang='lat' dir='ltr'><strong>placitum,</strong></span> <span class='ocrx_word' id='word_1_791' title='bbox 692 5337 801 5394; x_wconf 90' lang='lat' dir='ltr'><strong>meque</strong></span> <span class='ocrx_word' id='word_1_792' title='bbox 815 5321 895 5378; x_wconf 90' lang='lat' dir='ltr'><strong>redi-</strong></span> <span class='ocrx_word' id='word_1_793' title='bbox 915 5325 921 5340; x_wconf 82' lang='lat'><em>&#39;</em></span> <span class='ocrx_word' id='word_1_794' title='bbox 949 5318 1037 5392; x_wconf 89' lang='lat' dir='ltr'><strong>regis.</strong></span> <span class='ocrx_word' id='word_1_795' title='bbox 1055 5336 1070 5369; x_wconf 76' lang='lat' dir='ltr'><strong>s</strong></span> <span class='ocrx_word' id='word_1_796' title='bbox 1086 5319 1119 5374; x_wconf 79' lang='lat' dir='ltr'><strong>at</strong></span> <span class='ocrx_word' id='word_1_797' title='bbox 1132 5313 1181 5371; x_wconf 90' lang='lat' dir='ltr'><strong>ille</strong></span> <span class='ocrx_word' id='word_1_798' title='bbox 1195 5332 1203 5372; x_wconf 75' lang='grc' dir='ltr'><strong><em>ε</em></strong></span> <span class='ocrx_word' id='word_1_799' title='bbox 1219 5318 1409 5391; x_wconf 84' lang='lat' dir='ltr'><strong>«Nunquam</strong></span> <span class='ocrx_word' id='word_1_800' title='bbox 1437 5313 1571 5370; x_wconf 88' lang='lat' dir='ltr'><strong>curvabo</strong></span> <span class='ocrx_word' id='word_1_801' title='bbox 1600 5328 1700 5385; x_wconf 90' lang='lat' dir='ltr'><strong>genua</strong></span> <span class='ocrx_word' id='word_1_802' title='bbox 1714 5328 1784 5371; x_wconf 90' lang='lat' dir='ltr'><strong>mea</strong></span> 
     </span>
     <span class='ocr_line' id='line_1_60' title="bbox 74 5401 1781 5484; baseline 0.001 -27"><span class='ocrx_word' id='word_1_803' title='bbox 74 5407 125 5458; x_wconf 88' lang='lat' dir='ltr'><strong>nat</strong></span> <span class='ocrx_word' id='word_1_804' title='bbox 138 5404 217 5464; x_wconf 90' lang='lat' dir='ltr'><strong>lonte</strong></span> <span class='ocrx_word' id='word_1_805' title='bbox 229 5407 422 5466; x_wconf 86' lang='lat' dir='ltr'><strong>immersum.</strong></span> <span class='ocrx_word' id='word_1_806' title='bbox 439 5409 491 5466; x_wconf 87' lang='lat' dir='ltr'><strong>llic</strong></span> <span class='ocrx_word' id='word_1_807' title='bbox 504 5409 579 5466; x_wconf 91' lang='lat' dir='ltr'><strong>mibi</strong></span> <span class='ocrx_word' id='word_1_808' title='bbox 602 5409 639 5466; x_wconf 89' lang='lat' dir='ltr'><strong>sit</strong></span> <span class='ocrx_word' id='word_1_809' title='bbox 652 5413 894 5484; x_wconf 89' lang='lat' dir='ltr'><strong>paterooamore</strong></span> <span class='ocrx_word' id='word_1_810' title='bbox 951 5406 1078 5479; x_wconf 72' lang='lat' dir='ltr'><strong>abcrqus</strong></span> <span class='ocrx_word' id='word_1_811' title='bbox 1104 5402 1242 5478; x_wconf 88' lang='lat' dir='ltr'><strong>genibus,</strong></span> <span class='ocrx_word' id='word_1_812' title='bbox 1272 5419 1328 5460; x_wconf 93' lang='lat' dir='ltr'><strong>nec</strong></span> <span class='ocrx_word' id='word_1_813' title='bbox 1351 5401 1513 5460; x_wconf 89' lang='lat' dir='ltr'><strong>osculabor</strong></span> <span class='ocrx_word' id='word_1_814' title='bbox 1534 5403 1704 5478; x_wconf 85' lang='lat' dir='ltr'><strong>cujuspiam</strong></span> <span class='ocrx_word' id='word_1_815' title='bbox 1727 5417 1781 5475; x_wconf 89' lang='lat' dir='ltr'><strong>pe-</strong></span> 
     </span>
     <span class='ocr_line' id='line_1_61' title="bbox 72 5490 1786 5572; baseline -0.003 -21"><span class='ocrx_word' id='word_1_816' title='bbox 72 5499 118 5558; x_wconf 71' lang='lat' dir='ltr'><strong>tro</strong></span> <span class='ocrx_word' id='word_1_817' title='bbox 140 5499 232 5566; x_wconf 88' lang='lat' dir='ltr'><strong>patre,</strong></span> <span class='ocrx_word' id='word_1_818' title='bbox 264 5511 324 5566; x_wconf 90' lang='lat' dir='ltr'><strong>ego</strong></span> <span class='ocrx_word' id='word_1_819' title='bbox 347 5498 479 5555; x_wconf 86' lang='lat' dir='ltr'><strong>fillorum</strong></span> <span class='ocrx_word' id='word_1_820' title='bbox 504 5497 662 5555; x_wconf 88' lang='lat' dir='ltr'><strong>dilectione</strong></span> <span class='ocrx_word' id='word_1_821' title='bbox 688 5514 740 5555; x_wconf 89' lang='lat' dir='ltr'><strong>aro</strong></span> <span class='ocrx_word' id='word_1_822' title='bbox 776 5496 817 5554; x_wconf 91' lang='lat' dir='ltr'><strong>illi</strong></span> <span class='ocrx_word' id='word_1_823' title='bbox 840 5513 896 5572; x_wconf 90' lang='lat' dir='ltr'><strong>pro</strong></span> <span class='ocrx_word' id='word_1_824' title='bbox 950 5498 1030 5556; x_wconf 89' lang='lat' dir='ltr'><strong>dam.</strong></span> <span class='ocrx_word' id='word_1_825' title='bbox 1046 5519 1061 5548; x_wconf 69' lang='grc' dir='ltr'>»ι</span> <span class='ocrx_word' id='word_1_826' title='bbox 1076 5497 1259 5552; x_wconf 91' lang='lat' dir='ltr'><strong>Francorum</strong></span> <span class='ocrx_word' id='word_1_827' title='bbox 1271 5491 1361 5566; x_wconf 90' lang='lat' dir='ltr'><strong>igitur</strong></span> <span class='ocrx_word' id='word_1_828' title='bbox 1373 5491 1512 5566; x_wconf 88' lang='lat' dir='ltr'><strong>precibus</strong></span> <span class='ocrx_word' id='word_1_829' title='bbox 1527 5490 1786 5564; x_wconf 88' lang='lat' dir='ltr'><strong>compulsus,jus·</strong></span> 
     </span>
     <span class='ocr_line' id='line_1_62' title="bbox 72 5573 1782 5662; baseline 0.001 -27"><span class='ocrx_word' id='word_1_830' title='bbox 72 5573 132 5636; x_wconf 81' lang='lat' dir='ltr'><strong>ilio.</strong></span> <span class='ocrx_word' id='word_1_831' title='bbox 146 5585 307 5642; x_wconf 86' lang='lat' dir='ltr'><strong>succurrat</strong></span> <span class='ocrx_word' id='word_1_832' title='bbox 323 5586 408 5656; x_wconf 90' lang='lat' dir='ltr'><strong>mibi,</strong></span> <span class='ocrx_word' id='word_1_833' title='bbox 431 5587 458 5644; x_wconf 89' lang='lat' dir='ltr'><strong>si</strong></span> <span class='ocrx_word' id='word_1_834' title='bbox 487 5603 610 5646; x_wconf 88' lang='lat' dir='ltr'><strong>necesse</strong></span> <span class='ocrx_word' id='word_1_835' title='bbox 631 5587 729 5658; x_wconf 86' lang='lat' dir='ltr'><strong>luerit,</strong></span> <span class='ocrx_word' id='word_1_836' title='bbox 758 5591 791 5646; x_wconf 91' lang='lat' dir='ltr'><strong>ut</strong></span> <span class='ocrx_word' id='word_1_837' title='bbox 810 5592 897 5662; x_wconf 84' lang='lat' dir='ltr'><strong>pater</strong></span> <span class='ocrx_word' id='word_1_838' title='bbox 950 5587 988 5646; x_wconf 89' lang='lat' dir='ltr'><strong>sit</strong></span> <span class='ocrx_word' id='word_1_839' title='bbox 996 5585 1118 5646; x_wconf 87' lang='lat' dir='ltr'><strong>cuidem</strong></span> <span class='ocrx_word' id='word_1_840' title='bbox 1128 5581 1416 5658; x_wconf 86' lang='lat' dir='ltr'><strong>militipedemregis</strong></span> <span class='ocrx_word' id='word_1_841' title='bbox 1423 5580 1622 5648; x_wconf 77' lang='lat' dir='ltr'><strong>oscularioni</strong></span> <span class='ocrx_word' id='word_1_842' title='bbox 1630 5579 1731 5638; x_wconf 89' lang='lat' dir='ltr'><strong>statim</strong></span> <span class='ocrx_word' id='word_1_843' title='bbox 1743 5595 1782 5654; x_wconf 92' lang='lat' dir='ltr'><strong>pe</strong></span> 
     </span>
    </p>

    <p class='ocr_par' dir='ltr' id='par_1_5' title="bbox 200 5673 1634 5735">
     <span class='ocr_line' id='line_1_63' title="bbox 200 5673 1634 5735; baseline 0.006 -6"><span class='ocrx_word' id='word_1_844' title='bbox 200 5673 331 5733; x_wconf 73' lang='lat' dir='ltr'><strong>Fauor..</strong></span> <span class='ocrx_word' id='word_1_845' title='bbox 352 5677 440 5735; x_wconf 76' lang='lat' dir='ltr'><strong>bel.</strong></span> <span class='ocrx_word' id='word_1_846' title='bbox 1603 5674 1634 5726; x_wconf 77' lang='lat'><strong>2¹</strong></span> 
     </span>
    </p>
   </div>
   <div class='ocr_carea' id='block_1_4' title="bbox 0 0 2002 6182">
    <p class='ocr_par' dir='ltr' id='par_1_6' title="bbox 0 0 2002 6182">
     <span class='ocr_line' id='line_1_64' title="bbox 0 0 2002 6182; baseline 0 0"><span class='ocrx_word' id='word_1_847' title='bbox 0 0 2002 6182; x_wconf 95' lang='lat' dir='ltr'><strong> </strong></span> 
     </span>
    </p>
   </div>
  </div>
 </body>
</html>
