3998 6182
200 195 253 252 ata
698 229 703 244 .
725 183 910 244 uolutauit]
928 180 1076 240 suetus
1095 180 1124 238 S.
1145 182 1284 240 BENlGNl
1303 185 1432 241 uiuos.
1857 187 1906 244 80⁰

201 317 297 375 clesioe
323 313 446 386 maioris
471 312 637 385 deponunt.
665 315 737 378 Qua
760 309 800 368 ad
826 310 920 368 instar
933 306 1029 366 crucis
1046 305 1157 376 Agnis
1169 311 1356 378 ornamenta,
1364 307 1502 366 videlicet
1513 323 1652 379 gemma,
1665 306 1757 382 pallia
1770 309 1905 382 pretiose,

200 405 348 465 aedificata
358 402 450 460 habet
463 402 494 458 iu
519 400 707 472 longitudine
720 399 837 458 cubitos
856 401 978 456 centum
989 395 1031 452 vi·
1085 411 1192 470 capsa,
1209 397 1327 470 tabulae,
1340 413 1467 466 corona,
1481 413 1555 454 vasa
1567 413 1690 471 quoque
1701 397 1907 466 acclamastica,

201 493 273 565 giuti
287 495 364 560 octo,
392 489 424 550 in
449 488 615 558 latitudine,
642 489 720 546 sieut
743 487 952 562 praescriptum
975 489 1028 554 est,
1084 500 1138 541 seu
1150 485 1333 544 candelabra
1345 502 1382 544 ex
1406 485 1471 544 auri
1484 485 1659 559 argentique
1673 485 1800 544 metallo
1828 485 1908 545 tebn-

200 578 421 655 quinquaginta
447 585 517 654 tres,
544 579 576 636 in
599 578 754 638 altitudine
782 591 1030 654 quaquaversum
1084 577 1160 642 eata,
1176 591 1247 632 cum
1273 575 1405 648 imagine
1428 577 1587 635 salvatoris
1613 574 1729 634 Domini
1757 578 1856 634 nostri
1878 595 1908 636 er

199 669 405 746 permaximos
421 669 542 742 triginta
564 673 593 726 et
608 685 704 726 unum
730 669 856 737 cubitos,
868 675 870 679 ·
883 667 914 724 iu
929 663 1030 724 medio
1085 679 1170 736 auro,
1183 664 1263 722 fusili
1277 682 1367 741 opera
1380 665 1469 734 tacta,
1481 667 1633 724 latronum
1647 665 1765 739 hande,
1777 665 1812 722 in
1823 666 1908 740 ipsius

199 762 301 818 auum
315 757 540 834 quadraginta,
569 757 754 816 illuminatur
776 755 965 832 septuaginta
989 753 1030 810 vi-
1084 753 1178 810 sancti
1191 753 1358 828 testivitate,
1371 755 1477 813 occisis
1490 755 1677 824 custodibus,
1692 753 1775 812 iurto
1797 755 1908 814 inerunt

200 848 279 918 treis,
294 848 474 923 diluiturque
497 850 618 906 centum
631 847 736 919 viginti
755 852 784 904 et
795 862 858 904 una
871 842 1030 918 columnis,
1084 847 1248 919 asportata.
1276 849 1344 904 llac
1362 850 1542 904 ornamenta
1568 861 1587 903 a
1611 847 1804 904 Guntramno
1818 850 1847 904 ct
1864 863 1908 904 ce

200 955 331 1014 quarum
342 937 495 996 nonnullae
505 939 592 1010 Juxta
606 938 705 1014 capita
712 937 953 1006 fortissimarum,
962 949 1030 1008 quae
1084 933 1153 992 teris
1167 933 1284 1005 legibus
1296 936 1366 992 huic
1378 936 1456 1006 loco,
1471 950 1527 1010 pro
1545 935 1737 994 veneratione
1750 938 1784 992 et
1803 936 1907 994 honere

200 1031 270 1086 sunt
284 1028 497 1104 quadraginta,
513 1027 644 1102 pilarum
657 1025 924 1101 quadrangulatim
937 1027 1030 1082 statu·
1084 1011 1136 1081 Dei
1150 1023 1306 1098 sanctique
1321 1025 1442 1097 Benigui
1462 1025 1603 1099 martvris
1616 1025 1784 1099 antiquitus
1799 1025 1906 1097 colata

200 1121 248 1190 tea,
277 1132 339 1174 uua
366 1117 454 1192 quasi
478 1116 568 1174 simul
589 1117 728 1174 coronari
753 1116 893 1174 videntur
907 1128 1029 1182 corona,
1084 1113 1138 1170 sed
1168 1114 1275 1190 priscis
1307 1114 1493 1190 temporibus
1528 1113 1674 1185 sacrilega
1706 1113 1907 1188 pessimorum

200 1207 340 1281 quemvis
354 1223 416 1264 non
428 1206 518 1264 unius
531 1207 568 1264 sit
590 1207 806 1280 magnitudinis
818 1204 955 1264 omnium
970 1203 1030 1260 tor·
1083 1217 1179 1260 manu
1202 1202 1332 1274 sublata,
1359 1204 1459 1261 nullus
1479 1207 1585 1278 postea
1611 1201 1721 1260 exstitit
1743 1203 1906 1278 principun

199 1312 260 1354 rna.
276 1295 455 1354 Habethinc
470 1295 582 1352 atinde
601 1296 738 1368 geminas
754 1294 886 1369 porticus
902 1290 1029 1365 duplici·
1083 1292 1136 1365 qui
1151 1296 1267 1350 tantum
1282 1291 1429 1368 potuisset
1440 1308 1617 1366 recuperare
1631 1292 1822 1350 thesaurum.
1851 1296 1905 1350 tice

199 1388 242 1442 ter
257 1385 465 1456 transvolutas,
480 1385 637 1459 inquibus
664 1384 712 1443 bis
739 1384 812 1441 hina
841 1383 1030 1440 continentur
1083 1381 1124 1438 ad
1136 1381 1353 1440 notificandam
1380 1381 1564 1440 Divioneusis
1585 1380 1644 1440 loci
1666 1381 1905 1454 anh'quitatemct

199 1474 313 1531 altaria.
329 1477 353 1530 Α
367 1479 452 1548 parte
465 1475 589 1548 quidem
612 1473 762 1548 aquilonis
777 1489 873 1530 unum
886 1472 917 1528 iu
932 1473 1029 1528 hono·
1084 1469 1211 1542 gloriam
1223 1472 1328 1546 paucis
1343 1472 1422 1529 dicta
1437 1476 1515 1528 sunt.
1542 1470 1618 1528 lllud
1631 1470 1664 1528 in
1678 1470 1741 1528 tina
1763 1472 1904 1528 nohficun

198 1579 262 1620 rem
276 1567 447 1620 sanctorum
463 1563 670 1637 apostolorum
684 1563 758 1618 Petri
772 1561 945 1631 etAndrere,
961 1559 1030 1616 alte·
1085 1559 1159 1616 dum
1173 1564 1227 1631 cst,
1242 1561 1273 1616 in
1285 1559 1388 1634 templi
1414 1559 1498 1617 istius
1519 1557 1646 1619 edfficio
1672 1574 1741 1616 esse
1761 1559 1903 1616 columnas

198 1668 266 1708 rum
279 1651 312 1708 in
335 1652 483 1708 honorem
509 1653 603 1709 sancti
626 1650 834 1708 sartholcmei
857 1655 886 1707 et
901 1648 1065 1734 Simonis„
1086 1653 1231 1707 trecentas
1244 1649 1434 1724 septuaginta
1448 1653 1477 1708 et
1490 1665 1594 1723 unam,
1610 1649 1745 1723 exceptis
1771 1649 1827 1706 illis
1847 1665 1901 1722 que

201 1745 291 1815 atque
315 1740 457 1801 Thaddaei
479 1741 694 1814 apostolorum.
725 1741 822 1798 Sancti
849 1756 921 1797 vero
948 1738 1030 1796 Pauli
1083 1739 1115 1796 in
1128 1738 1260 1796 turribus
1273 1738 1460 1796 etaltaribus
1475 1741 1554 1796 sunt.
1582 1740 1728 1795 Fenestrae
1745 1736 1901 1794 clausavel

198 1829 290 1888 altare
304 1833 349 1888 est
362 1829 394 1886 in
408 1829 554 1902 superiori
567 1829 702 1898 ccclesia,
720 1833 789 1886 aute
813 1845 899 1886 aram
914 1831 1031 1886 Sancta
1084 1827 1260 1888 claudenda
1274 1829 1484 1887 vitrecentum
1495 1826 1712 1900 viginti,turres
1726 1831 1809 1898 octo,
1823 1831 1900 1902 porte
1960 1829 1961 1882 i

197 1917 406 1990 trinitatem
433 1916 517 1992 quod
541 1917 605 1992 ipse
628 1921 711 1974 ratus
725 1917 765 1976 ad
787 1917 905 1974 tertium
919 1914 1030 1973 caelum
1083 1923 1154 1989 tres,
1167 1919 1244 1976 ostia
1258 1919 1363 1990 viginti
1380 1922 1519 1992 quatum.
1960 1921 1961 1946 ¹

197 2004 272 2063 vidit
283 2003 469 2062 secreta'ltei.
498 2009 521 2062 lt
540 2005 664 2063 meridie
679 2005 874 2076 renteberia,
890 2020 986 2062 unum
998 2004 1030 2061 in
1120 2011 1163 2065 rt.
1180 2008 1357 2066 Nuncadea
1370 2024 1437 2081 quae
1451 2005 1651 2064 omiseramus
1665 2007 1763 2082 petris
1777 2005 1898 2064 Willclrui

197 2094 344 2152 honorem
359 2097 532 2152 sauctorum
547 2093 753 2168 apostolorum
770 2094 896 2154 llatthaei
914 2097 943 2151 et
956 2096 1029 2152 Bar-
1083 2097 1261 2171 erplicanda
1275 2101 1360 2168 gesta
1380 2096 1491 2169 stylum
1518 2101 1681 2156 vertamus.
1707 2098 1896 2167 hugiutcrm

197 2182 295 2254 nabe,
311 2199 347 2240 ac
376 2186 461 2241 Lucre
487 2180 677 2256 evarigelista
694 2203 700 2254 ς
726 2184 808 2242 aliud
824 2184 854 2240 iu
881 2185 1028 2240 honorem
1083 2201 1135 2243 seu
1150 2201 1256 2258 regum
1268 2185 1382 2260 palade
1412 2201 1482 2242 cum
1496 2185 1580 2252 adiit,
1603 2186 1636 2242 in
1650 2183 1685 2242 iis
1697 2200 1766 2242 non
1778 2185 1896 2259 quesivit

198 2275 371 2330 sanctorum
394 2277 564 2346 martyrum
588 2274 740 2347 Stephani,
768 2273 915 2332 Laurentii
938 2277 1028 2347 atquc
1082 2292 1148 2349 quse
1162 2290 1219 2330 sua
1237 2277 1317 2344 sunt,
1331 2273 1463 2348 sedquae
1477 2277 1547 2332 lesu
1570 2273 1687 2344 Christi,
1713 2279 1894 2332 utexaorun

197 2361 349 2420 Vincentii.
366 2365 415 2420 Est
429 2363 510 2420 aliud
520 2362 612 2422 altare
623 2365 663 2422 ad
675 2364 890 2422 occidentalem
905 2364 1027 2440 plagam
1082 2363 1192 2421 sedicet
1203 2363 1341 2421 familiari
1355 2363 1551 2422 collocutione
1564 2363 1738 2421 subveniret
1764 2363 1893 2438 oppressis

198 2449 339 2520 ecdesia,
354 2450 385 2508 iu
400 2450 508 2508 eodem
530 2452 621 2510 latere
645 2453 813 2512 meridiano
827 2453 858 2510 iu
880 2454 1027 2510 honorem
1082 2469 1137 2510 sna
1151 2453 1390 2524 interventione,
1413 2457 1466 2510 aut
1486 2457 1564 2510 certe
1578 2468 1617 2510 ex
1644 2451 1784 2512 seculari
1797 2449 1892 2508 valde

198 2543 371 2596 sanctorum
386 2541 560 2610 llammetis,
584 2542 736 2614 Desiderii,
767 2542 948 2614 leodegarii,
975 2545 1026 2600 Se-
1080 2542 1281 2600 ricalihahita
1309 2543 1370 2600 Dec
1398 2541 1586 2611 lucrificaret,
1615 2545 1658 2614 ut,
1679 2541 1770 2614 juxta
1795 2537 1891 2598 Domini

196 2628 339 2698 bastiani,
355 2630 491 2702 Gengulti
517 2635 696 2704 martyrum.
725 2634 759 2688 lit
785 2635 919 2705 exparte
934 2629 1028 2688 altera
1080 2637 1275 2706 praeceptum,
1290 2631 1413 2706 propria
1435 2631 1648 2704 relinquerent,
1662 2633 1692 2688 et
1715 2628 1890 2688 medanum

197 2721 369 2776 sanctorum
385 2723 553 2792 martyrum
563 2719 730 2794 Polycarpi,
741 2719 898 2784 Antiochii,
911 2717 1025 2792 Thyrsi,
1080 2720 1160 2777 curis
1176 2719 1298 2776 semotis
1319 2723 1380 2777 lieo
1402 2719 1433 2778 in
1456 2719 1666 2793 tranquillitate
1676 2719 1788 2778 servire
1810 2717 1891 2776 sude

196 2807 331 2877 endan,
356 2808 567 2882 Simphoriani,
601 2809 727 2879 Georgii,
756 2807 969 2882 christophori,
998 2810 1027 2864 et
1079 2812 1155 2866 rent.
1168 2808 1392 2866 conveniebant
1406 2808 1496 2880 igitur
1509 2808 1549 2866 ad
1563 2823 1634 2883 eum
1647 2808 1781 2882 plurimi,
1795 2805 1889 2864 utdiri

197 2900 370 2952 sauctorum
407 2895 613 2954 confessorum
653 2896 764 2954 Urbani
805 2902 834 2955 et
877 2895 1025 2968 Gregorii,
1081 2915 1159 2967 mus,
1174 2896 1593 2966 atticetdiversinetionibus,
1606 2893 1887 2956 mentetunenuniti

196 2999 328 3057 quorum
353 2985 530 3058 corporibus
552 2985 717 3044 adornatur
747 3001 880 3060 praesens
902 2987 1024 3044 domus.
1040 3032 1062 3090 C
1081 2988 1402 3061 Latebaturpastorin
1417 2987 1463 3044 sui
1478 2987 1575 3058 gregis
1600 2991 1776 3060 augmento,
1798 2983 1888 3056 mags·

196 3071 361 3146 Principale
375 3073 467 3132 altare
479 3077 523 3130 cst
537 3079 687 3132 sacratum
701 3076 732 3134 in
747 3076 894 3137 honorem
907 3080 1025 3134 sancto-
1080 3093 1139 3150 que
1154 3077 1308 3148 gaudebat
1317 3077 1401 3150 quod
1410 3091 1518 3134 omnes
1532 3075 1687 3136 instabant
1699 3076 1780 3149 operi
1796 3087 1886 3148 propo

195 3176 264 3218 rum
286 3163 415 3222 llauricii
439 3167 529 3238 etque
548 3165 680 3238 Benigni,
709 3166 860 3239 simulque
884 3165 1025 3224 Omnium
1080 3166 1145 3222 sito.
1162 3169 1271 3224 Verum
1286 3166 1357 3241 quie
1370 3182 1459 3240 super
1485 3179 1609 3238 gregem
1633 3165 1693 3224 sibi
1709 3164 1884 3226 commissum

196 3251 374 3311 Sanctorum
391 3272 398 3324 ;
418 3253 511 3313 altare
524 3255 564 3313 ad
578 3255 732 3314 dexteram
743 3257 810 3329 ejiis
823 3257 854 3314 in
877 3257 1025 3314 honorem
1080 3255 1182 3314 solerti
1196 3256 1328 3329 vigilavit
1342 3273 1425 3327 cura,
1449 3256 1553 3314 divine
1566 3255 1732 3329 promeruit
1750 3253 1834 3326 gratia
1852 3249 1882 3305 de

196 3343 291 3400 sancti
305 3344 463 3418 Raphaelis
477 3345 649 3416 archangeli
674 3351 703 3404 et
714 3348 851 3406 omnium
866 3346 1024 3404 beatorum
1079 3343 1178 3402 fructu
1191 3345 1332 3402 laborum
1346 3361 1471 3403 suorum
1485 3346 1516 3401 in
1530 3345 1587 3401 hac
1597 3343 1728 3416 gaudere
1740 3343 1802 3400 vita.
1819 3343 1881 3398 Nam

173 3479 180 3492 ,
194 3430 354 3504 spirituum
370 3432 430 3502 ,ad
439 3431 549 3490 luvam
562 3448 632 3490 vero
644 3435 674 3490 in
690 3436 836 3493 honorem
850 3435 1025 3492 sanctillar·
1078 3435 1225 3505 regularis
1239 3435 1305 3492 vita
1319 3433 1521 3508 disciplinam,
1541 3449 1612 3507 quae
1623 3434 1687 3506 jam
1698 3447 1768 3506 pene
1779 3427 1880 3486 decide·

194 3519 221 3576 ci
235 3519 450 3590 evangelistar
477 3526 566 3594 aque
594 3523 625 3579 in
649 3521 750 3580 medio
778 3524 873 3598 ipsius
891 3522 1023 3581 ecclesie
1077 3527 1125 3581 rat
1136 3539 1191 3598 per
1204 3528 1336 3580 veterum
1347 3522 1570 3594 negligentiam,
1587 3526 1674 3596 prout
1690 3521 1786 3578 beatus
1798 3519 1874 3573 Bene-

194 3604 286 3662 altare
296 3607 410 3664 Sanctae
422 3610 531 3678 Crucis,
542 3611 744 3684 Omniumque
758 3615 1023 3670 Sanctorumdntc
1077 3611 1174 3669 dictus
1186 3628 1254 3670 eam
1267 3612 1447 3686 composuit,
1471 3611 1503 3669 in
1514 3611 1673 3686 pristinum
1688 3613 1785 3670 suun
1796 3603 1870 3663 wtti-

193 3693 251 3750 hoc
263 3693 356 3751 altare
369 3695 477 3769 triplex
491 3703 610 3754 constat
621 3699 758 3756 introitus
777 3704 900 3773 cryptae,
915 3699 946 3758 iu
958 3701 1023 3773 qui·
1078 3702 1177 3774 gendo
1192 3702 1379 3772 restauravit,
1395 3717 1431 3758 so
1443 3717 1497 3776 per
1510 3701 1645 3760 diversas
1669 3697 1873 3770 nucupata

192 3781 290 3840 decim
301 3783 448 3854 gradibm
460 3787 631 3846 ascenditur
644 3787 685 3848 ab
698 3789 765 3862 ipsa
778 3789 816 3848 ad
837 3790 1020 3872 superiorem
1076 3808 1130 3866 per
1142 3792 1229 3865 plura
1239 3791 1422 3850 monasteria
1435 3807 1454 3850 e
1467 3791 1597 3863 regulari
1606 3791 1722 3850 humile
1732 3787 1878 3854 desistam

193 3872 362 3932 ecclesiam.
965 3941 974 3957 ,
1076 3897 1130 3954 per
1144 3895 1175 3938 se
1189 3896 1282 3954 quam
1297 3895 1351 3954 per
1370 3897 1452 3952 suos,
1465 3897 1542 3954 quos
1563 3879 1689 3940 abbates
1703 3875 1878 3940 ambient

229 3969 273 4024 tt.
288 3966 465 4038 Sepulcrum
487 3983 559 4026 vero
587 3968 682 4028 sancti
705 3973 734 4026 et
746 3967 868 4040 gloriosi
882 3971 1022 4044 martyris
1077 3971 1244 4029 monastico
1266 3970 1365 4030 ordini
1383 3970 1524 4028 subdidit.
1545 3975 1578 4028 ln
1598 3971 1657 4028 hoc
1684 3965 1882 4040 vercgsudeus

190 4053 232 4111 ita
246 4059 291 4112 est
303 4060 507 4115 constructum
522 4075 528 4114 ε
543 4064 588 4116 est
609 4058 715 4118 tumbe
733 4074 770 4116 ex
797 4060 921 4133 quadris
932 4061 1023 4118 edtfl-
1077 4060 1283 4133 gratulabatur
1298 4061 1367 4129 heo,
1384 4059 1469 4133 quod
1482 4075 1588 4118 eornm
1600 4074 1679 4134 quos
1691 4073 1748 4119 sua
1761 4057 1813 4116 sub
1825 4066 1883 4111 curt

192 4143 259 4196 cata
272 4139 515 4217 lapidibusque
530 4150 598 4205 octo
613 4146 729 4204 cubitos
743 4147 776 4204 in
789 4147 926 4220 longum,
938 4149 1021 4222 quiu—
1076 4150 1265 4219 educaverat,
1290 4149 1330 4208 ad
1357 4149 1559 4207 monasticum
1581 4149 1751 4222 regendum
1768 4145 1883 4206 ordhtm

191 4243 251 4300 que
266 4231 367 4288 autem
383 4235 462 4290 tana
482 4234 513 4290 in
536 4235 641 4292 latum.
668 4237 760 4308 cujus
790 4252 935 4296 cacumen
948 4237 1022 4312 lupi·
1075 4237 1138 4294 iore
1152 4236 1263 4296 multos
1292 4237 1418 4296 idoneos
1440 4238 1583 4308 videbat;
1608 4238 1771 4313 exquibus
1789 4230 1885 4293 nortli-

191 4314 283 4372 deum
298 4322 428 4389 quatuor
442 4321 604 4380 sustinetur
619 4323 762 4398 suffragio
783 4326 994 4384 columnarum
1010 4345 1017 4397 3
1076 4343 1153 4401 quos
1171 4327 1298 4400 dignum
1315 4327 1520 4400 judicavimus
1542 4329 1612 4388 huic
1630 4328 1708 4386 libro
1734 4328 1842 4390 mdes.
1859 4323 1886 4376 ¹¹²

190 4403 321 4478 desuper
335 4409 436 4464 sutem
461 4413 593 4481 quatuor
617 4412 765 4470 columnis
788 4430 966 4474 marmoreae
979 4383 1057 4476 lon
1076 4417 1173 4474 sciant
1185 4417 1296 4491 posteri
1309 4433 1403 4491 quam
1423 4417 1536 4476 suenni
1549 4434 1586 4476 ex
1595 4419 1653 4476 heo
1671 4413 1885 4489 congregatione

190 4497 265 4552 cata
276 4499 362 4552 erant
376 4496 551 4570 antiquitus.
569 4499 645 4558 Olim
659 4513 749 4574 super
769 4501 904 4577 lapidans
933 4521 1020 4564 arcus
1073 4503 1240 4581 prodierint
1266 4507 1417 4577 monachi,
1440 4523 1607 4582 eorumque
1620 4507 1770 4567 memoria
1787 4517 1886 4582 peruru-

190 4583 243 4657 qui
257 4583 461 4655 continebant,
490 4587 630 4646 absidem
657 4589 793 4650 ferebant
815 4592 947 4665 ligneam
968 4612 1021 4652 sex
1073 4601 1143 4654 neat
1156 4595 1296 4654 inlaudc.

190 4673 360 4732 cubitorum
382 4673 589 4751 longitudinis,
604 4682 634 4738 et
651 4679 741 4738 trium
766 4680 939 4754 lstibrdinis,
956 4701 1017 4758 sep
1111 4691 1153 4744 iti.
1182 4688 1256 4744 Cum
1290 4686 1424 4759 primum
1457 4685 1576 4744 abbatis
1607 4687 1740 4760 suscepit
1770 4683 1885 4745 officium

190 4765 311 4837 temque
325 4764 459 4824 sesama
473 4766 648 4838 altitudinis,
662 4771 875 4845 queundique
903 4787 978 4831 auro
992 4779 1020 4832 et
1073 4775 1251 4834 venerabilis
1277 4775 1456 4846 Willelmus,
1482 4777 1559 4836 inter
1585 4777 1756 4836 monachos
1782 4777 1811 4834 in
1841 4773 1886 4830 hot

190 4854 431 4924 argentovestita
441 4855 597 4916 histum
626 4859 786 4918 [lominica
804 4861 964 4920 nativitatis
991 4869 1020 4922 et
1071 4865 1139 4922 leco
1167 4863 1309 4934 degentes
1333 4865 1388 4922 tuit
1410 4866 1536 4940 quidem
1560 4866 1754 4941 juvenculus,
1779 4867 1886 4924 vocatu

188 4943 338 5016 passionis
347 4947 609 5018 praemonstrabat,
631 4949 805 5024 anaglypho
819 4951 1017 5024 prominente,
1073 4953 1238 5026 flunaldus,
1274 4971 1366 5029 quem
1396 4957 1555 5030 predictis
1588 4961 1686 5016 Peter·
1711 4959 1816 5016 videns
1849 4967 1887 5009 ru

189 5046 280 5105 opere
295 5033 413 5107 pictura
436 5035 508 5094 satis
527 5037 650 5111 optima.
667 5040 774 5096 Verum
797 5038 855 5096 hoc
875 5040 1020 5098 decentis-
1072 5045 1154 5103 lertis
1185 5044 1307 5116 ingenii,
1335 5046 1455 5105 retinuit
1487 5047 1545 5106 sibi
1568 5048 1682 5106 aeteus
1708 5045 1885 5106 smmum

191 5119 312 5192 simum,
328 5121 366 5178 de
390 5140 452 5198 quo
475 5124 638 5199 loquimur,
666 5131 889 5201 oruamentum,
915 5131 956 5188 oh
977 5147 1020 5189 re-
1073 5138 1167 5203 Hunc,
1205 5134 1355 5209 praecipue
1384 5135 1467 5193 omni
1500 5137 1599 5195 studio
1632 5138 1777 5196 dochinus
1804 5133 1886 5192 imbu-

190 5208 371 5266 creationem
385 5227 554 5286 pauperum
567 5215 800 5288 temporetamis
822 5217 878 5276 tuit
895 5219 1020 5296 dissipa·
1072 5228 1147 5294 tum,
1171 5224 1202 5280 iu
1229 5223 1322 5281 domo
1348 5225 1400 5282 uei
1419 5226 1570 5286 constituit
1599 5244 1655 5286 vas
1683 5227 1819 5286 elaebrm.
1849 5218 1886 5277 ld

189 5297 255 5352 tum
268 5293 413 5396 ³·d0m110
426 5301 535 5360 flbbssiss
553 5303 707 5372 Willsslfflm
722 5309 751 5362 et
776 5321 846 5364 cum
861 5324 953 5384 capse
966 5327 1018 5370 au·
1072 5312 1175 5371 omnia
1190 5313 1302 5388 quippe
1317 5315 1457 5388 quesibi
1479 5321 1566 5376 erant
1577 5318 1746 5378 necessum
1766 5309 1886 5392 pradidi

190 5399 242 5441 rea
255 5384 379 5443 mntfice
396 5392 523 5458 gemmis
551 5401 704 5466 exornata,
733 5397 902 5471 pariterque
924 5400 1018 5456 tribus
1072 5402 1170 5460 fratris
1194 5403 1357 5475 jurabatur
1383 5406 1510 5464 solertia.
1543 5408 1677 5482 Denique
1704 5405 1829 5481 injunxit
1853 5399 1885 5458 illi

191 5473 301 5532 tabulis
317 5488 352 5533 ac
365 5475 485 5534 duobus
508 5482 666 5542 thuribulis
693 5486 849 5558 argenteis,
866 5489 1019 5547 crucibus·
1072 5508 1176 5550 curam
1199 5493 1290 5565 hujus
1313 5493 1389 5552 sacri
1414 5495 1564 5571 periboli;
1594 5513 1688 5572 quam
1703 5497 1784 5556 tanta
1797 5505 1887 5570 prosr

190 5577 260 5638 que,
276 5580 311 5622 ac
331 5581 421 5624 omne
448 5578 659 5631 ornamentum
687 5575 718 5632 in
747 5592 820 5634 auro
842 5582 870 5636 et
894 5583 1017 5652 argento
1071 5585 1157 5640 cutus
1181 5588 1225 5640 est
1246 5598 1318 5640 cura
1339 5589 1371 5642 ut
1385 5600 1462 5662 pene
1478 5589 1574 5646 totum
1585 5587 1734 5663 quidquid
1746 5586 1801 5646 tuit
1810 5595 1885 5642 orne·

189 5654 409 5717 venumdatum
436 5661 490 5720 est.
512 5663 587 5726 tnta
607 5663 673 5726 bac
687 5681 759 5726 vero
785 5669 934 5744 empore,
948 5669 1017 5732 insi·
1070 5672 1285 5736 mentorumiu
1311 5673 1369 5736 heo
1382 5673 1517 5750 butum,
1532 5676 1599 5750 sius
1612 5677 1712 5738 sarde
1734 5677 1772 5735 sit
1792 5684 1885 5744 tet*
