3996 6186
171 195 224 252 711
667 188 820 247 uuuouts
838 185 964 242 unctui
981 181 1009 240 S.
1027 182 1181 248 outuurtt
1196 187 1385 244 vuerthan.
1833 186 1881 241 uo

170 317 281 375 sidium
294 314 386 372 urbis.
403 315 534 371 Saxones
557 327 627 369 vero
653 312 729 368 fictae
755 311 832 382 fuges
858 308 996 365 simulate
1017 311 1041 363 Α
1055 307 1243 367 animositate
1255 325 1375 383 pungor
1387 307 1562 382 pranimia;
1586 306 1739 364 incertum
1755 322 1883 380 namque

169 405 287 471 hilares,
305 401 468 472 taliumque
482 415 609 456 casuum
623 403 731 457 eventu
746 414 797 456 eos
810 397 998 462 adamantes,
1052 402 1096 454 est
1110 398 1183 456 mihi
1194 400 1333 472 prescire
1347 399 1421 473 quid
1436 398 1589 468 agendum
1602 399 1640 454 sit
1657 397 1688 454 iu
1714 402 1783 454 tarn
1802 397 1883 470 pesti·

169 489 427 568 persequebantur
441 504 493 544 eos
503 488 656 546 hostiliter.
674 487 809 544 Tandem
821 501 892 543 vero
904 498 999 556 nepos
1052 487 1114 544 fera
1142 489 1269 546 tristium
1297 493 1457 546 eventuum
1484 504 1670 562 casuumque
1695 487 1883 544 enutritione.

168 581 246 652 regis
260 591 438 648 congressus
454 593 544 650 super
554 581 678 651 pontem
690 579 784 649 portae
799 571 996 640 belvacensis,
1051 580 1119 650 llos,
1136 579 1187 652 qui
1201 582 1274 636 natu
1290 595 1442 652 sensuque
1456 578 1587 648 majores
1602 577 1682 650 estis,
1690 592 1884 651 quorumque

167 667 294 742 putabat
309 683 481 740 expugnare
492 667 704 724 moeniaurbis.
719 662 914 723 Northmanni
926 678 997 718 vero
1052 667 1177 724 consilio
1191 684 1260 741 quae
1275 666 1468 741 exsequenda
1482 671 1553 724 sunt
1566 666 1711 734 delibero,
1730 665 1884 723 0111101155-

166 756 321 815 hincinde
337 757 443 814 armati
470 757 707 829 congredientes,
736 759 765 812 et
793 769 882 828 super
900 769 951 808 eos
965 755 998 808 ut
1052 757 1119 828 gaci
1131 757 1255 814 interne
1267 756 1467 814 meditationis
1479 757 1610 828 cogitatu
1624 756 1797 826 rimamini,
1817 754 1884 828 quid

165 845 268 904 leones
296 863 386 921 super
410 847 542 920 pecudes
569 846 747 944 exsilientgs,
768 847 923 918 coeperunt
946 857 997 898 eos
1051 851 1167 919 oportet
1181 845 1369 904 laudabiliter
1385 845 1517 919 exsequi.
1543 845 1723 916 Maleficum,
1753 844 1781 901 si
1804 843 1884 901 vobis

166 935 298 994 lacerare
312 937 544 1008 prosternentes,
560 940 589 992 et
601 934 735 992 occidere
758 933 822 990 telis
846 929 997 989 mucroni·
1051 934 1159 1007 placet,
1175 935 1345 1008 sophistam
1359 935 1478 1008 capiam
1495 933 1663 1004 arnulfum,
1688 933 1884 1005 vinctumque

167 1025 285 1099 busque
302 1024 444 1096 coruscis,
460 1028 550 1098 etque
579 1023 748 1097 discerpere
774 1023 938 1090 securibus,
966 1024 999 1077 ut
1051 1023 1164 1081 catenis
1179 1024 1325 1082 Richardo
1341 1023 1442 1081 comiti
1456 1023 1573 1080 mittam
1589 1040 1678 1092 eum3
1702 1027 1739 1079 ut
1762 1021 1884 1079 vindicet

166 1114 303 1172 bidentes
331 1113 403 1187 lupi.
432 1111 515 1170 Multi
540 1129 611 1170 vero
639 1113 809 1170 saxonibus
827 1111 996 1180 interfectis,
1051 1114 1088 1170 de
1099 1129 1135 1170 eo
1149 1117 1267 1187 patrem
1278 1129 1377 1181 suurn,
1393 1111 1466 1186 quia
1478 1111 1683 1169 fraudulenter
1707 1112 1811 1183 coegit
1835 1127 1883 1167 nos

167 1202 366 1278 pluribusque
379 1201 484 1259 attritis
500 1207 528 1259 et
540 1201 713 1272 vidneratis,
725 1201 897 1272 defungitur
908 1215 998 1273 super
1053 1203 1113 1259 hue
1126 1218 1287 1276 properare
1302 1207 1331 1259 et
1343 1218 1444 1272 regem
1464 1201 1656 1272 Ludovicum,
1670 1201 1802 1274 cupiens
1816 1200 1884 1257 occi·

167 1297 290 1368 pontem
304 1289 501 1348 mucronibus
516 1296 545 1348 et
562 1291 675 1347 lanceis
689 1307 785 1363 nepos
809 1290 897 1362 regis.
925 1292 998 1346 Tan·
1051 1291 1121 1347 dere
1134 1290 1244 1348 ducem
1259 1291 1449 1360 ltichardum,
1466 1295 1499 1347 ut
1513 1290 1585 1347 olim
1608 1295 1727 1363 patrem
1751 1306 1852 1345 suum.
1870 1313 1881 1336 s

168 1383 238 1439 dem
253 1381 449 1438 Northmanni
473 1380 597 1438 victoria
620 1381 715 1454 potiti,
742 1381 864 1455 capiunt
888 1377 998 1436 multos
1051 1383 1132 1438 Tunc
1160 1381 1303 1452 praesules
1327 1385 1355 1437 et
1381 1380 1540 1454 optimates
1575 1379 1803 1452 responderunt
1828 1377 1884 1448 regi

167 1470 338 1544 principum
353 1469 384 1526 in
399 1470 539 1527 conflictu
558 1469 700 1526 mortiferi
714 1469 894 1526 certaminis.
922 1467 998 1525 aeli·
1052 1470 1171 1542 Othoni,
1185 1469 1317 1526 dicentes
1333 1487 1339 1524 :
1354 1491 1367 1520 «
1385 1469 1698 1525 Exseorabilecunctis
1712 1470 1884 1542 0100011111-

168 1561 220 1635 qui
234 1576 304 1616 vero
318 1562 451 1617 Saxones
468 1563 608 1634 nepotem
632 1559 709 1630 regis
736 1563 889 1616 mortuum
909 1573 998 1631 super
1052 1556 1185 1630 parabile
1199 1557 1342 1614 omnibus
1357 1557 1411 1613 erit
1425 1557 1448 1613 si
1464 1556 1607 1630 capietur,
1630 1557 1717 1630 sique
1741 1554 1883 1612 Richards

167 1654 290 1725 pontem
300 1649 400 1721 jacere
415 1653 579 1717 cernentes,
595 1665 726 1721 eumque
740 1665 810 1705 cum
823 1663 934 1718 magno
944 1647 998 1703 im·
1014 1663 1034 1717 g
1053 1645 1092 1702 ad
1106 1645 1295 1718 puniendum
1319 1645 1460 1702 mittetur.
1485 1645 1668 1702 verecundia
1693 1643 1881 1717 dedecusque

167 1743 240 1813 petu
281 1737 418 1814 duroque
457 1737 597 1795 conflictu
622 1737 781 1810 rapientes,
820 1735 999 1794 ducentibus
1053 1734 1192 1791 obscena
1221 1733 1404 1790 confusionis
1432 1737 1460 1790 et
1486 1733 1599 1801 damni,
1628 1749 1698 1807 quae
1729 1732 1880 1804 condigna

169 1825 380 1886 Northmennis
395 1825 542 1902 plurimos
556 1826 676 1883 illorum
692 1832 797 1900 captos
826 1826 865 1882 ad
886 1824 998 1882 moenia
1052 1823 1200 1880 mercedis
1215 1823 1407 1880 retributione
1422 1823 1542 1896 pateris,
1559 1839 1620 1880 non
1631 1822 1801 1890 delebitur;
1815 1822 1880 1894 quia

168 1916 261 1986 urbia,
277 1913 477 1989 deportabant
488 1915 528 1971 ad
551 1919 673 1971 caeteras
694 1914 871 1988 phalanges.
894 1913 999 1984 iurgio
1053 1915 1123 1968 tuus
1137 1912 1282 1970 exercitus
1295 1911 1476 1968 Richardum
1489 1915 1517 1968 et
1532 1928 1604 1968 suos
1616 1911 1745 1981 indigna
1758 1910 1880 1967 obsidio

168 2005 237 2064 duri
264 2002 431 2078 prolixique
457 2002 551 2076 praelii
578 2002 674 2060 taliter
701 2004 847 2077 sejuncto,
879 2002 1000 2059 stabant
1053 2015 1093 2056 no
1107 2000 1293 2073 opprimens,
1310 1999 1357 2055 hic
1371 2000 1480 2071 injuste
1496 2004 1639 2056 moratur.
1653 2001 1711 2056 Sed
1725 1999 1764 2055 de
1779 2003 1878 2055 nostre

168 2095 237 2152 hino
254 2096 386 2152 Saxones
398 2096 427 2148 et
438 2091 540 2148 Franci
554 2095 584 2148 et
597 2091 772 2148 altrinsecus
791 2090 997 2159 h'orthmanni,
1053 2088 1247 2160 regressionis
1261 2088 1443 2161 profectione
1459 2087 1572 2145 salubri
1587 2088 1712 2144 consilio
1736 2087 1832 2156 stude,
1855 2091 1880 2141 et

167 2182 718 2253 110000111011013011511111151110110110
736 2181 865 2256 amplius
876 2197 907 2237 se
918 2197 999 2238 cour·
1053 2194 1092 2236 ne
1104 2177 1234 2234 deterius
1246 2178 1422 2252 turpiusque
1437 2177 1490 2233 tibi
1505 2182 1653 2248 contegat,
1662 2193 1734 2234 cum
1749 2177 1830 2234 omni
1839 2176 1877 2232 in·

168 2273 293 2330 miseere
308 2271 392 2344 ipsis.
1055 2265 1183 2323 tentione
1198 2265 1412 2322 animadverte.
1441 2268 1583 2338 Nepotem
1606 2269 1736 2339 tuosque
1762 2265 1877 2322 comites

206 2366 320 2418 interea
336 2359 493 2416 mortiferas
507 2359 659 2418 relationis
681 2360 762 2418 lama
782 2376 884 2432 regem
909 2361 999 2418 Otho·
1055 2353 1253 2427 satellitesque
1266 2357 1294 2410 et
1308 2369 1399 2427 quem
1416 2352 1561 2426 plurimos
1575 2353 1683 2410 milites
1698 2355 1791 2426 hujus
1804 2351 1875 2410 obsi-

169 2469 250 2520 nem,
264 2449 415 2508 crudelem
429 2451 546 2524 nepotis
561 2456 688 2509 mortem
714 2451 905 2522 denuntians,
935 2468 1000 2525 per·
1055 2443 1154 2500 dionis
1167 2443 1268 2516 jurgio
1280 2443 1360 2514 jusit
1375 2441 1541 2515 perdidisti,
1557 2441 1630 2515 quio
1641 2443 1790 2500 civitatem
1805 2443 1875 2498 hunt

170 2539 241 2598 oulit
255 2557 261 2608 ;
277 2543 434 2612 totumque
448 2538 611 2597 exercitum
625 2557 730 2598 rumor
744 2541 817 2598 tanti
831 2541 1001 2598 detrimenti
1053 2533 1163 2604 iniusto
1190 2532 1336 2589 invadens
1361 2530 1517 2588 obsedisti·
1553 2531 1743 2588 Inconsultus
1775 2531 1874 2588 atenim

171 2628 368 2687 conturbavit.
385 2628 464 2686 lllieo
480 2629 650 2686 communis
669 2630 782 2688 ratione
810 2631 925 2688 consilii
950 2632 1003 2688 ho
1056 2622 1248 2693 suggestione
1258 2622 1334 2678 vuiti
1348 2621 1461 2677 Anntliii
1478 2621 1536 2677 huo
1546 2621 1717 2678 accelerasti
1730 2641 1736 2690 ;
1748 2637 1874 2696 praeuio

171 2718 272 2776 utiliter
285 2717 459 2775 invaserunt
471 2717 631 2790 civitatem,
646 2720 799 2792 cupientes
816 2724 904 2777 1011101
918 2736 1002 2777 reve·
1055 2728 1093 2769 ne
1107 2712 1294 2768 inconsultus
1307 2711 1493 2782 regrediaris·
1519 2713 1543 2765 Α
1568 2711 1643 2768 moti
1657 2711 1695 2768 ud
1713 2715 1873 2784 Sequanam
1974 2739 1975 2764 1

169 2807 270 2864 rentire
283 2805 402 2877 juvenis
417 2805 569 2862 vindicare
585 2807 774 2877 sanguinem.
787 2809 920 2864 Saxones
930 2825 1001 2866 vero
1055 2819 1153 2876 usque
1168 2800 1388 2873 conglobantur
1400 2815 1507 2857 omnes
1522 2799 1636 2870 inculto,
1656 2807 1782 2875 postque
1800 2800 1872 2856 bion·
1974 2789 1975 2828 ³

171 2901 200 2953 et
213 2895 319 2951 Franci
333 2893 407 2950 nihil
421 2893 499 2949 circa
522 2893 628 2950 urbem
653 2895 852 2968 proficientes,
874 2896 926 2953 sed
945 2913 1000 2970 pro
1054 2889 1139 2947 nium
1155 2890 1284 2961 gestiunt
1297 2894 1325 2947 te
1341 2888 1462 2945 aciebus
1477 2889 1651 2962 praeparatis
1667 2889 1870 2946 invaderelt'on

170 2983 308 3058 plurimis
319 2997 443 3038 suorum
456 2981 640 3039 exercituum
659 2983 766 3039 occisis
788 2987 916 3043 nimium
941 2987 1002 3059 eju·
1018 3020 1038 3076 C
1056 2984 1100 3036 est
1123 2984 1233 3036 nostrae
1259 2977 1429 3036 valitudinis
1457 2977 1609 3050 nostrique
1634 2978 1746 3034 consilii
1760 2983 1786 3034 et
1799 2979 1867 3050 opis,

171 3071 276 3140 lantes,
290 3071 516 3128 revertebantur
529 3072 568 3129 ad
583 3077 691 3142 castra,
717 3073 926 3134 defunctorum
955 3094 1003 3134 ca·
1056 3069 1198 3125 diuturno
1213 3067 1356 3139 tempol'is
1368 3063 1524 3122 1111111110
1547 3066 1596 3122 hie
1624 3067 1740 3122 liminii·
1768 3068 1864 3133 Regem

171 3162 285 3220 devera
308 3162 513 3234 deportantes.
544 3163 664 3238 Nepotis
684 3181 755 3222 vero
781 3170 877 3224 morte
896 3167 1003 3242 hisque
1057 3156 1242 3214 ludovicum
1256 3155 1379 3228 1³02nitet
1390 3153 1518 3210 nimium
1531 3155 1590 3211 huc
1608 3155 1729 3222 vestisse,
1753 3151 1815 3224 quia
1832 3150 1859 3205 5¹¹

171 3251 477 3326 inopportunitatibus
502 3269 555 3310 rex
581 3253 657 3310 Otho
676 3259 810 3326 mlestus,
837 3256 1003 3330 vidensque
1056 3247 1146 3319 hujus
1160 3244 1325 3302 obsidionis
1339 3243 1512 3300 diluiuiiono
1539 3243 1623 3300 novit
1641 3259 1669 3299 oo
1693 3241 1759 3298 nihii
1781 3239 1862 3312 proii-

171 3341 272 3398 venire
286 3357 435 3415 pagenses
451 3341 529 3398 illius
544 3347 628 3399 terrae
643 3343 682 3399 ad
698 3344 804 3400 urbem
815 3344 1002 3414 altrinsecus,
1057 3352 1133 3393 oote-
1149 3333 1289 3390 dentulus
1303 3349 1374 3390 vero
1388 3331 1523 3406 plurimis
1547 3333 1759 3406 sophismatum
1774 3328 1866 3386 amba-

171 3430 246 3487 dixit
259 3429 321 3486 suis
334 3429 521 3504 principibus
539 3449 545 3485 :
564 3453 578 3481 «
594 3433 730 3488 Potestne
745 3434 809 3489 haec
823 3433 896 3489 urbs
908 3433 1002 3490 valla-

170 3518 196 3573 ri
210 3520 314 3574 nostro
329 3517 470 3588 exercitu,
487 3521 520 3574 ut
543 3518 596 3590 qui
615 3520 847 3576 transvehunter
872 3521 1002 3593 navigio,

171 3619 233 3660 non
246 3603 526 3674 transgrediantur?
540 3627 554 3656 1
571 3607 822 3678 Responderunt:
849 3631 862 3658 «
888 3613 1003 3684 Nequa-

171 3707 277 3765 quam,
288 3692 361 3765 quie
372 3693 510 3764 Sequana
525 3691 652 3766 simplex
666 3701 695 3752 et
709 3695 868 3766 singularis
891 3700 1005 3772 procel-

171 3779 207 3838 lis
217 3779 279 3837 suis
292 3779 388 3854 quatit
400 3796 502 3836 muros
526 3780 664 3851 civitatis,
689 3783 764 3856 quin
792 3785 882 3842 etiarn
911 3786 1004 3844 inore·

1058 3424 1146 3495 gibus
1160 3423 1323 3493 intricatus,
1346 3420 1537 3494 promulgato
1564 3421 1609 3478 sui
1634 3420 1779 3478 mendacii
1796 3419 1868 3488 inge-

1057 3513 1117 3580 nio,
1130 3511 1219 3568 hicet
1232 3510 1280 3566 1110
1303 3509 1458 3578 latitando,
1486 3526 1547 3566 non
1576 3509 1672 3567 ambit
1694 3505 1869 3566 sermocinari

1057 3606 1157 3659 tecum
1167 3599 1307 3673 amplius.
1324 3601 1357 3656 Et
1367 3599 1434 3656 ideo
1449 3600 1572 3656 internae
1584 3598 1785 3656 meditationis
1804 3595 1872 3665 cogi-

1056 3694 1121 3746 tatu
1135 3692 1298 3758 retractans
1310 3689 1463 3762 perpende
1471 3689 1544 3762 quid
1556 3688 1642 3745 nohis
1651 3685 1872 3745 transrhenanis

1058 3778 1212 3851 agendum
1225 3778 1261 3834 sit
1275 3777 1305 3834 in
1320 3778 1377 3834 ista
1393 3776 1559 3834 obsidione.
1578 3777 1651 3834 Urbs
1665 3794 1727 3834 non
1743 3777 1871 3852 capietur,

171 3875 304 3928 mentata
319 3875 526 3944 etrepugnata
540 3871 680 3928 fluctibus
691 3873 794 3944 maris,
805 3875 1003 3934 determinato
1057 3868 1178 3925 obsides
1197 3883 1259 3923 non
1275 3866 1438 3934 dabuntur,
1462 3882 1568 3923 Vtrum
1591 3866 1780 3924 incluctabile
1798 3864 1873 3923 nobis

171 3977 260 4018 eursu
274 3959 354 4016 lunae
369 3959 529 4017 crescentis
557 3964 586 4016 et
615 3960 788 4032 deficientis,
818 3963 1003 4023 incremento
1057 3958 1205 4015 domuum
1220 3955 1517 4014 uoorosootvolooiuo·
1535 3956 1652 4013 Uhnam
1671 3962 1730 4014 tuto
1742 3954 1874 4029 jussionis

171 4049 330 4124 septenarii
356 4049 484 4120 numeri,
511 4054 656 4107 aestuante
683 4051 775 4108 fluctu
812 4059 1004 4129 praeoccupat
1056 4050 1205 4121 procopio
1220 4050 1297 4103 esset
1310 4045 1446 4120 quisquis
1460 4051 1608 4117 nostium,
1636 4061 1698 4119 quo
1713 4050 1820 4102 terrum
1833 4059 1875 4117 po·

171 4143 274 4210 portas
290 4141 318 4193 et
331 4137 444 4194 moenia
459 4137 540 4194 urbs.
557 4156 573 4190 ›
592 4141 673 4196 Tunc
701 4155 761 4196 rex·
775 4142 850 4199 Otho
869 4143 950 4200 misit
963 4143 1003 4200 ad
1057 4138 1101 4194 tiit
1116 4135 1238 4194 exordio
1253 4135 1415 4192 nativitatis
1431 4135 1512 4192 suot
1530 4134 1586 4192 Sed
1601 4135 1674 4207 quia
1687 4133 1874 4192 nobisadhuc

172 4223 363 4291 Richardum‚
381 4229 413 4280 ut
426 4225 527 4283 liceret
540 4225 567 4282 ei
579 4233 665 4284 oratu
680 4234 781 4302 petere
796 4237 933 4289 sanctum
946 4237 1003 4289 Au·
1057 4228 1180 4284 minime
1196 4225 1434 4294 sufficiuntvota,
1448 4241 1616 4298 precamur,
1634 4230 1740 4298 torque
1764 4239 1876 4299 prospe·

172 4313 315 4368 doenum.
332 4315 405 4367 Data
422 4329 491 4369 vero
504 4313 610 4370 orandi
624 4315 752 4388 licentia,
779 4336 832 4376 rex
855 4337 924 4379 cum
943 4322 1003 4394 epi·
1057 4334 1098 4374 roe
1113 4315 1305 4389 regressionis
1320 4315 1454 4386 vestigia,
1472 4319 1581 4372 terram
1593 4319 1701 4372 nostrae
1726 4312 1876 4372 hauriretis

174 4399 274 4473 scopis
288 4403 317 4456 et
329 4399 469 4473 ducibus,
478 4400 621 4475 depositis
632 4405 732 4475 armis,
746 4408 828 4465 venit
841 4410 881 4466 ad
895 4427 1002 4467 mona·
1057 4406 1217 4480 repetitura
1234 4422 1241 4460 :
1256 4428 1269 4454 »
1291 4403 1387 4475 Hujus
1402 4403 1491 4474 igitur
1514 4403 1660 4460 sermonis
1686 4400 1878 4460 collocutioni·

174 4487 306 4555 sterium,
323 4486 406 4560 quod
420 4493 466 4545 est
479 4487 510 4544 111
526 4489 672 4548 suburbio
687 4491 823 4564 civitatis,
844 4497 874 4551 in
889 4497 1003 4557 honore
1057 4495 1115 4552 bus
1127 4511 1179 4552 rex
1193 4494 1269 4552 Otho
1284 4492 1484 4563 submonitus,
1496 4491 1722 4565 formidansque
1732 4491 1879 4566 pestiferos

173 4576 315 4649 cultuque
331 4576 427 4632 saneti
450 4577 525 4634 Petri
551 4579 706 4653 sanctique
730 4570 866 4640 audoeni
885 4585 1004 4642 dedica·
1058 4584 1148 4640 futuri
1160 4582 1283 4656 periculi
1298 4597 1398 4652 casus,
1411 4581 1498 4654 quasi
1513 4579 1590 4637 infra
1605 4585 1715 4637 statum
1731 4597 1795 4638 sure
1809 4593 1881 4638 men-

172 4665 342 4724 tumllulta
356 4681 427 4722 vero
442 4665 569 4723 donaria
583 4666 624 4723 ibi
638 4667 763 4740 largitus
775 4676 820 4727 est
830 4671 895 4744 ipse
908 4677 937 4730 et
946 4672 1003 4743 sui,
1059 4673 1095 4729 tis
1109 4678 1255 4745 receptus,
1271 4671 1383 4728 diutius
1408 4669 1558 4727 meditans
1584 4669 1650 4726 infit
1676 4669 1860 4745 principibus
1874 4683 1879 4720 :

172 4754 367 4828 residensque
390 4754 422 4810 in
445 4771 491 4826 eo,
519 4755 668 4812 accersitis
692 4759 886 4830 optimatibus
905 4761 980 4818 dixit
995 4780 1003 4818 ε
1060 4785 1073 4814 a
1086 4766 1126 4820 Ne
1140 4762 1245 4835 pejora
1258 4759 1408 4834 prioribus
1420 4759 1583 4816 infortunia
1595 4759 1808 4832 fortuitnpatia
1820 4772 1880 4822 nur,

174 4867 189 4896 a
209 4843 284 4910 Quid
309 4843 397 4901 uobis
423 4844 576 4916 agendum
596 4845 642 4919 sit,
673 4847 774 4905 animo
802 4847 961 4920 decernite,
977 4855 1006 4910 et
1058 4867 1132 4908 neve
1145 4850 1241 4907 nostri
1252 4849 1363 4907 inimici
1389 4849 1483 4906 nostri
1506 4847 1675 4905 detrimenti
1697 4846 1881 4906 successibus

173 4933 248 5007 quid
273 4932 363 5004 hujus
389 4931 501 5005 negotii
530 4932 586 4989 sibi
613 4934 732 4992 videtur
751 4940 875 5007 rectum,
889 4938 1006 4998 intimet
1059 4941 1206 5000 exsultent
1220 4939 1361 5013 amplius,
1375 4939 1428 4996 iter
1438 4943 1546 4996 nostrae
1560 4938 1767 5010 regressionis,
1795 4939 1819 4996 si
1836 4951 1882 4992 vo-

174 5022 311 5096 quisque.
328 5022 544 5094 Precaturegis
574 5022 725 5094 Ludovici,
752 5027 929 5101 comitisque
953 5031 1005 5086 hr—
1058 5031 1105 5088 bis
1119 5030 1200 5103 libet,
1221 5046 1288 5087 cras
1312 5032 1493 5102 repetamus.
1513 5050 1526 5079 »
1545 5027 1608 5083 Hoc
1633 5043 1766 5101 namque
1796 5023 1883 5083 consi

174 5109 250 5167 nulfi
268 5108 396 5166 subdolo
421 5110 606 5183 sophismate
631 5112 757 5187 decepit,
771 5115 832 5183 hue
853 5119 1003 5188 venimus,
1059 5120 1132 5177 lium
1144 5119 1363 5176 transrhenani
1384 5117 1590 5175 collaudantes
1614 5133 1668 5191 per
1690 5114 1804 5188 omnia,
1824 5129 1883 5172 ora·

175 5210 236 5268 quo
250 5210 311 5252 non
323 5197 469 5254 honorem
482 5207 703 5275 recuperantes,
718 5202 770 5260 scd
786 5203 933 5264 damnum
955 5223 1004 5264 ve·
1058 5209 1139 5266 110110
1155 5208 1221 5265 fusa
1236 5209 1266 5264 in
1281 5207 1375 5265 sancti
1388 5208 1464 5264 Petri
1476 5208 1631 5280 sanctique
1650 5206 1786 5262 audoeni
1812 5202 1882 5261 basi·

175 5283 411 5368 recundiamque
425 5291 514 5360 atque
528 5291 736 5348 confusionem
763 5295 856 5351 nostri
881 5296 1005 5354 honoris
1057 5298 1125 5368 lica,
1150 5302 1288 5370 repetunt
1314 5296 1422 5355 hilares
1460 5297 1595 5354 tentaria.
1638 5295 1779 5352 arnulfus
1819 5309 1882 5350 vero

175 5372 299 5446 turpiter
313 5373 452 5446 petimur.
465 5377 540 5432 Nihil
555 5378 698 5437 adversus
712 5383 932 5442 Northmannos
943 5385 1004 5442 tillo
1058 5404 1169 5456 comes,
1183 5388 1278 5444 relatu
1293 5387 1508 5461 quorumdam,
1524 5391 1557 5443 ut
1567 5377 1789 5460 prfevidoretne
1802 5399 1883 5456 cape-

175 5460 273 5518 hostili
288 5462 446 5519 conamine
459 5466 619 5536 praevalere
633 5474 686 5543 qui
700 5471 840 5542 serimus,
866 5474 937 5548 quie
950 5490 1005 5547 per
1057 5483 1146 5544 retur,
1162 5477 1296 5545 edoctus,
1310 5477 1446 5533 obscurae
1462 5476 1557 5532 noctis
1573 5475 1731 5532 conticinio
1747 5487 1883 5548 experge-

175 5553 320 5624 Sequanae
333 5551 453 5608 alveum
479 5561 585 5612 cuncta
607 5573 752 5631 prospere
779 5561 835 5616 illis
860 5561 1005 5618 submini-
1057 5563 1136 5620 facto
1151 5582 1206 5621 suo
1222 5565 1361 5634 exercitu,
1378 5565 1483 5621 castris
1497 5563 1691 5636 tentoriisque
1703 5559 1882 5635 complicatis

174 5645 315 5700 strantur.
331 5641 510 5702 intolerabili
522 5644 623 5720 itaque
636 5648 752 5706 crucior
773 5651 888 5709 tristitia
911 5656 1001 5726 atqm
1058 5654 1199 5712 secretins
1250 5660 1339 5728 11111110
1380 5671 1416 5712 cx
1466 5654 1550 5711 omni
1587 5650 1782 5727 suppellectili
1818 5663 1883 5706 one-
