4044 6184
113 195 150 248 te
359 222 361 226 ·
643 189 879 252 iiisroluittulil
897 189 988 250 111111
1005 189 1103 248 111118.
1119 219 1154 238 v-
1169 189 1233 252 hta.
1248 191 1295 245 lll.
1793 197 1830 251 70

113 315 223 389 quinto
237 313 285 372 die
301 316 371 372 ante
393 310 582 372 testivitatem
605 313 746 374 Omnium
771 317 949 374 8999199999
966 320 991 374 A
1040 317 1084 370 17.
1101 315 1171 372 Post
1185 317 1313 372 mortem
1326 312 1456 386 denique
1471 311 1775 390 supradictiepisoopl
1788 317 1833 375 Gi·

114 403 229 462 reversi
244 407 323 464 sunt.
339 434 374 444 -
389 405 431 464 Ea
445 407 620 475 tempestate
633 407 755 462 sanctus
778 399 949 464 heccardus
1003 401 1079 460 raldi
1094 403 1156 474 (aa.
1175 403 1254 476 icae)
1269 401 1463 464 decertabant
1475 400 1626 475 principes
1646 404 1833 464 lemovicen·
1945 397 1947 406 ’

115 491 275 555 confessor
289 491 319 551 in
348 489 548 556 lemovicino.
578 494 606 550 et
633 496 755 553 sanatus
781 491 949 552 Antoninus
1004 507 1052 550 ses
1066 507 1121 566 pro
1134 491 1322 565 episcopatu,
1338 507 1408 552 cum
1423 490 1592 552 Simoniaca
1605 491 1701 553 heresi
1716 495 1834 568 pontiti-

116 587 235 656 martyi·
260 581 291 640 in
315 580 483 642 cadurcino
511 581 664 642 miraculis
688 583 897 654 coruscabant,
922 585 951 640 et
1005 584 1105 642 catum
1115 577 1265 642 vindicare
1281 578 1389 643 conati.
1412 581 1493 638 Tunc
1510 579 1641 654 populus
1660 582 1743 645 urhis
1764 584 1834 646 leta·

117 671 254 745 undique
267 671 372 746 populi
386 687 422 730 eo
437 669 639 734 confluebant.
664 674 697 730 ai
718 671 865 743 gloriosus
888 671 951 730 dux
1004 670 1070 730 nias
1080 685 1150 730 cuin
1164 669 1322 729 monachii
1336 671 1365 730 et
1379 666 1531 732 canonicis
1545 673 1667 742 propter
1680 669 1738 728 hoc
1752 687 1835 745 pera·

117 761 310 832 recognitans
325 760 375 820 llei
389 759 546 829 bonorem,
567 761 662 820 accito
678 761 802 820 tldilone
824 761 952 820 sanctis-
1005 757 1056 830 git,
1081 762 1111 814 et
1130 757 1192 814 dux
1214 755 1465 831 prudentissimus
1492 771 1562 812 cum
1588 757 1757 817 consiliario
1778 776 1833 818 sno

117 851 198 908 simo
228 849 416 912 cluniacensi
432 851 469 888 ¹³⁰
483 849 603 920 abbate,
631 852 662 908 in
692 851 788 908 sancti
810 849 954 908 Johannis
1006 845 1151 906 willelmo
1165 846 1273 904 comite
1288 845 1835 918 ligolismensiapudsanctunilunia·

117 938 304 1001 monasterio
314 938 486 1008 regularum
496 938 653 998 renovavit
661 938 888 1012 districtionem,
902 937 954 996 ubi
1006 934 1832 1009 numplaeitumhabuitexhaccausama.walacra).

116 1027 205 1086 tldilo
238 1027 380 1086 abbatem
409 1025 593 1088 Rainaldum
630 1027 787 1102 disposuit,
813 1027 954 1085 defuncto
1006 1025 1256 1086 ldlmtihiwtdc
1270 1025 1437 1086 vicecomes
1451 1027 1597 1084 cromnes
1617 1025 1769 1102 principes
1782 1031 1835 1089 Le·

120 1119 148 1176 1·
162 1117 292 1178 alduino
306 1115 427 1178 abbata.
452 1119 487 1174 ltt
511 1115 657 1178 rainaldo
678 1118 706 1176 9·
728 1116 865 1192 spiritum
886 1114 953 1173 red-
1006 1115 1236 1176 movieinoruni.
1253 1115 1296 1174 lbi
1317 1115 1368 1175 bei
1390 1118 1466 1176 nutu
1479 1113 1567 1185 elegit
1588 1115 1621 1175 in
1645 1116 1836 1193 episcopatus

116 1206 221 1276 dente,
234 1204 408 1266 simistrum
433 1220 490 1279 pro
513 1220 549 1264 eo
572 1204 705 1265 domnus
729 1206 815 1264 Odilo
837 1209 954 1280 patrem
1006 1207 1121 1264 honore
1157 1207 1323 1264 lordonum
1357 1205 1540 1281 prepositum
1573 1205 1705 1268 ecelesia
1742 1207 1837 1268 sancti

117 1293 285 1368 praeposuit
310 1294 403 1366 (cliro
430 1309 480 1352 aa.
508 1293 597 1366 1020).
626 1297 698 1352 ltem
721 1293 796 1352 dum
822 1292 955 1366 reliquiae
1007 1295 1163 1368 renaudi,
1174 1311 1294 1373 magum
1306 1294 1468 1354 nobilitatis
1477 1299 1506 1354 et
1518 1295 1715 1370 simplicitatis
1726 1296 1835 1358 virum.

117 1382 218 1442 sancti
232 1381 368 1456 Eperchii
382 1381 579 1454 procederent
592 1381 632 1440 ad
658 1387 798 1443 sanctum
823 1397 954 1460 precur-
1007 1386 1138 1456 Surgens
1151 1400 1241 1442 mane
1255 1384 1318 1442 dux
1339 1399 1358 1442 a
1381 1383 1564 1443 monasterio
1592 1385 1688 1444 sancii
1706 1385 1836 1458 lantani,

118 1488 234 1538 sorcin,
249 1470 366 1530 delatus
381 1474 426 1530 est
447 1471 558 1544 pariter
574 1471 703 1531 baculus
726 1471 862 1544 ejusdem
886 1485 956 1532 con·
1007 1491 1077 1532 cum
1087 1473 1208 1531 duobus
1220 1474 1371 1548 episcopis
1385 1473 1480 1532 lslouc
1493 1477 1522 1535 at
1534 1473 1688 1532 isimberto
1703 1479 1732 1535 et
1741 1475 1839 1534 multi-

118 1559 254 1618 lessnris.
272 1558 396 1632 Estipse
408 1558 537 1621 bacidus
550 1558 709 1632 pastoralis
730 1559 762 1622 in
783 1558 955 1620 summitate
1007 1563 1111 1622 tudine
1132 1562 1313 1638 principum,
1324 1561 1444 1620 devenit
1458 1561 1498 1620 ed
1509 1562 1615 1622 urbem
1631 1563 1710 1622 circa
1729 1565 1838 1624 horam

117 1654 274 1718 curvatus,
290 1647 330 1705 ad
344 1649 433 1720 cujus
457 1648 683 1713 similitudinem
702 1663 792 1723 super
813 1648 955 1722 reliquiae
1008 1657 1133 1712 sexum.
1151 1651 1202 1710 Cui
1216 1652 1340 1711 obviam
1353 1651 1500 1726 processit
1517 1651 1616 1712 omnis
1640 1653 1742 1712 civitas
1762 1669 1838 1726 gau-

118 1739 261 1812 ejnsdem
283 1737 452 1795 sanctioris
467 1738 620 1796 nocturnis
640 1755 736 1814 iisque
760 1737 822 1796 sole
843 1738 955 1798 oriente
1008 1743 1094 1814 dens,
1109 1746 1137 1800 et
1150 1759 1223 1800 mox
1236 1746 1378 1817 properat
1390 1741 1430 1800 ad
1440 1739 1598 1800 basilicam
1610 1743 1742 1814 regalem
1751 1744 1838 1816 (155),

118 1826 310 1902 resplenduit
323 1826 355 1888 in
369 1825 446 1886 aoelo
457 1826 563 1898 ignens
578 1827 606 1886 ³*
618 1826 755 1896 baculus,
769 1826 872 1901 quoad
886 1841 957 1884 ven·
1009 1836 1146 1905 receptus
1160 1848 1178 1889 a
1190 1831 1348 1889 monachis
1358 1831 1465 1888 reum
1475 1834 1558 1889 textu
1568 1835 1739 1892 sanctorum
1750 1847 1840 1892 evan·

119 1923 187 1980 tuor
203 1921 248 1976 est
261 1915 302 1974 ad
313 1921 405 1990 caput
420 1915 516 1977 sancti
538 1916 696 1987 lobannis,
720 1920 749 1974 ct
769 1915 921 1978 miraculis
937 1931 955 1976 a
973 1897 994 1954 Β
1011 1920 1158 1993 gottorum
1170 1926 1200 1978 el
1213 1920 1442 1980 timiamatherio
1454 1920 1490 1991 8',
1507 1919 1583 1978 sicut
1602 1936 1720 1995 semper
1743 1922 1782 1980 ah
1797 1921 1840 1982 eis

122 2005 439 2080 ΠΙ9999191199911119
462 2021 552 2079 snper
565 2005 702 2068 infirmos
725 2009 846 2067 sanatos
870 2021 954 2079 pera-
1008 2009 1070 2068 dux
1083 2009 1157 2068 solet
1170 2010 1276 2084 excipi.
1293 2009 1365 2068 lude
1378 2009 1419 2068 ad
1437 2009 1589 2068 tumulum
1611 2010 1706 2068 saneti
1720 2010 1840 2070 hercia-

121 2096 189 2166 ctis‚
204 2111 275 2154 cuin
293 2092 390 2155 leticia
410 2109 581 2164 regressum
607 2097 660 2152 est.
686 2093 841 2154 canonicis
865 2093 955 2152 etiam
1007 2098 1183 2172 premissam
1198 2098 1332 2168 audivit3
1349 2103 1378 2156 et
1396 2099 1482 2172 juxte
1501 2098 1718 2158 monasterium
1732 2115 1768 2158 eo
1791 2099 1840 2158 die

119 2185 218 2245 sancti
232 2183 306 2245 Petri
321 2183 402 2242 sedis
417 2183 627 2256 Egolismansis
638 2184 869 2257 procedentibus
885 2199 954 2244 cum
1008 2187 1146 2259 regaliter
1171 2189 1339 2264 hospitatus
1364 2192 1416 2247 est.
1442 2187 1575 2248 Crastino
1599 2187 1728 2246 barbam
1746 2191 1840 2248 eleeto

118 2261 267 2349 reliqniis,
282 2289 353 2334 cunr
366 2272 559 2334 subvectores
571 2289 686 2340 aarum,
696 2273 793 2332 induti
806 2273 899 2332 sacris
911 2276 956 2334 tu·
1008 2277 1145 2338 benedici
1158 2277 1245 2350 jubet
1258 2282 1288 2335 et
1298 2277 1432 2346 detondi,
1448 2280 1477 2334 et
1498 2276 1540 2334 sic
1556 2276 1597 2334 ad
1620 2276 1723 2336 sedem
1746 2277 1842 2336 sancti

120 2365 210 2437 nnis,
225 2379 280 2437 per
293 2362 479 2438 protundum
494 2362 619 2424 fluvium
641 2361 956 2436 pertranseuntem
1010 2365 1153 2424 llarclalis
1168 2365 1199 2424 in
1215 2365 1284 2423 aula
1299 2365 1395 2423 sancti
1408 2364 1550 2441 Stephani
1563 2365 1729 2424 Iordanum
1749 2367 1842 2425 dedu-

120 2456 282 2518 senscrunt
295 2467 418 2526 aquam,
440 2451 492 2510 sed
513 2451 575 2511 acsi
588 2452 625 2490 ¹⁷⁸
640 2467 694 2526 per
716 2450 833 2512 aridam
852 2451 958 2512 amhn·
1010 2455 1062 2528 xit,
1077 2459 1106 2513 et
1117 2472 1187 2513 cuin
1201 2455 1311 2514 haculo
1325 2455 1467 2530 pastorali
1481 2455 1607 2514 ibicum
1621 2456 1712 2528 gratis
1726 2457 1842 2516 honore

119 2542 247 2612 lassent,
260 2539 378 2600 nullum
395 2539 515 2610 signum
530 2555 617 2613 aquae
633 2555 724 2615 super
738 2555 856 2600 cosnec
868 2555 958 2612 super
1011 2543 1174 2618 pontificali
1192 2545 1329 2614 vestivit;
1354 2549 1477 2619 eratque
1492 2543 1561 2602 linis
1573 2544 1706 2603 19999911
1717 2547 1842 2619 mensis,

120 2631 301 2693 vestimenta
321 2629 370 2688 vel
398 2629 594 2688 calciamenta
618 2645 723 2688 eorum
752 2629 892 2702 apperuit
916 2629 954 2688 i'.
1011 2639 1040 2691 et
1060 2649 1197 2690 reversus
1211 2637 1255 2690 est
1277 2632 1410 2690 Pleiade.
1439 2632 1678 2704 Quadrageslma
1702 2649 1844 2708 superve-

123 2720 256 2791 Coniigit
269 2719 407 2782 homines
420 2719 513 2778 sancti
525 2718 669 2779 iohannis
684 2723 713 2779 et
726 2717 957 2778 Willclmidncis
1011 2721 1110 2780 niente
1125 2723 1187 2780 dux
1208 2725 1336 2781 Romam
1357 2721 1472 2792 abiens,
1497 2720 1559 2778 lilio
1583 2738 1649 2794 siin,
1674 2721 1844 2797 prudentis-

122 2811 154 2868 in
170 2811 209 2846 ¹²⁸
223 2807 388 2880 engeriaco
403 2808 469 2866 vico
485 2807 669 2876 tumultuari,
684 2811 712 2866 et
724 2808 898 2868 viilneratns
914 2810 959 2868 est
1012 2810 1089 2869 simo
1104 2811 1296 2883 adolescenti,
1308 2810 1452 2870 willelmo
1461 2810 1620 2884 imperavit
1633 2811 1680 2884 ¹⁷⁸,
1708 2815 1847 2869 utrensi·-

122 2898 307 2976 prepositus
322 2897 407 2956 ducis
423 2898 461 2958 eil
476 2901 614 2965 mortem,
628 2902 657 2957 ei
670 2896 741 2956 aula
764 2897 829 2969 ejus
853 2897 894 2954 ihi
916 2896 959 2956 di·
1013 2903 1078 2956 tens
1105 2899 1278 2957 ordinatum
1303 2899 1444 2972 reperiret
1471 2898 1658 2974 episcopum.
1689 2899 1776 2966 Quod
1796 2899 1844 2959 ille

123 2993 204 3048 ruta.
220 2990 302 3047 Tunc
318 3001 337 3046 a
350 2985 530 3060 primatibus
545 2985 704 3054 malivolis.
728 2989 757 3044 et
780 2984 920 3061 precipue
941 3000 959 3044 9
1013 2987 1178 3062 adimplere
1192 2987 1316 3061 curavit,
1331 2992 1360 3046 et
1374 2987 1475 3046 modia
1498 2987 1733 3064 quadragesima
1746 2989 1845 3048 1119-

125 3077 258 3137 Falcone
273 3075 390 3143 comite,
404 3074 457 3148 qui
470 3079 541 3134 tunc
550 3073 582 3138 in
597 3073 714 3134 servitio
729 3073 814 3130 ducis
834 3073 959 3134 Pictevls
1013 3075 1132 3148 gerlaco
1146 3081 1215 3134 ante
1230 3081 1321 3150 caput
1335 3077 1429 3134 sancti
1447 3076 1591 3134 iohannis
1617 3077 1662 3134 ic·
1687 3091 1844 3136 consecra·

124 3171 201 3236 erat,
222 3170 357 3239 tempore
380 3163 619 3238 quadragesimae
641 3162 825 3226 suadebatur
846 3161 873 3222 ei
895 3162 960 3222 das
1014 3169 1061 3224 tus
1073 3168 1119 3222 est
1129 3165 1289 3239 episcopus
1301 3165 1341 3222 ah
1356 3165 1451 3223 islone
1466 3164 1608 3239 episcopo
1625 3165 1670 3223 11·
1683 3171 1712 3226 91
1745 3169 1845 3226 119999

123 3264 227 3318 trnere
241 3256 343 3318 locum
358 3254 452 3318 saneti
474 3254 629 3324 iohannis,
655 3258 684 3314 at
702 3253 772 3314 inde
796 3253 962 3314 monachos
982 3255 1089 3327 Clltltl)
1106 3258 1197 3328 atque
1211 3255 1342 3312 1999199
1356 3269 1474 3312 necnon
1498 3258 1527 3312 et
1551 3253 1706 3312 isimberto
1730 3255 1845 3328 episco-

125 3349 248 3422 ejioera‚
263 3345 427 3405 canonicos
443 3346 471 3404 5·
485 3344 516 3404 in
531 3343 689 3405 inmittere.
706 3347 740 3404 lit
752 3343 821 3404 licet
835 3343 962 3404 serenis·
1016 3341 1074 3417 pis,
1088 3346 1117 3400 et
1129 3359 1148 3400 a
1162 3342 1335 3402 clarissima
1348 3342 1457 3403 indolis
1473 3342 1618 3402 Willelmo
1633 3343 1783 3402 99991991
1796 3349 1847 3404 llis

126 3439 226 3498 simus
239 3435 379 3511 princeps
392 3435 492 3498 lurore
508 3435 592 3508 gravi
613 3438 784 3494 commotas
807 3438 885 3492 esset
907 3449 963 3508 pro
1016 3431 1109 3490 naldo
1123 3433 1355 3506 reoagorueiiil
1371 3432 1514 3508 episcopo
1537 3433 1729 3492 lemovicem
1751 3433 1846 3491 dedu·

125 3526 243 3600 injuria
254 3541 319 3592 sua,
336 3529 436 3584 umen
450 3541 538 3584 suam
553 3523 629 3584 ham
644 3528 673 3582 et
687 3523 850 3598 impiorum
866 3522 964 3582 oonsi-
1016 3527 1092 3594 ctus,
1103 3521 1297 3583 intronizatus
1309 3527 1355 3582 est
1367 3521 1399 3580 in
1414 3521 1485 3580 sede
1500 3521 1594 3581 sancti
1618 3522 1762 3590 ltarcialts
1786 3523 1845 3596 (aa.

126 3612 170 3676 lia
186 3610 266 3682 vicit,
281 3616 310 3670 et
323 3612 415 3684 regali
427 3629 511 3670 inore
526 3629 597 3674 cum
611 3612 726 3671 ratione
740 3610 880 3685 prudenti
891 3627 963 3670 cau-
1019 3613 1108 3686 icti).
1120 3612 1369 3687 Archiepiseopue
1381 3628 1452 3672 vcro
1468 3611 1655 3672 Bitriricensis
1669 3611 1846 3682 Gaudenus,

127 3717 199 3764 sain
213 3699 392 3775 pacificavit.
410 3703 594 3776 Semperque
604 3701 659 3760 luit
674 3717 831 3761 servorum
847 3700 896 3760 liei
915 3701 965 3760 de·
1017 3699 1058 3757 ad
1071 3701 1159 3773 nujus
1174 3701 1318 3760 diocesim
1328 3718 1399 3760 vero
1411 3701 1700 3774 Lemovicapertinet
1711 3699 1765 3769 lat,
1777 3701 1849 3774 quia

128 3793 283 3861 19999991
296 3794 372 3853 heus
386 3792 413 3852 ei
427 3792 457 3850 in
472 3791 614 3852 omnihus
629 3791 748 3864 adjutor
762 3793 965 3850 Monaesen
1019 3788 1046 3846 si
1060 3804 1115 3846 aaa
1129 3789 1303 3848 auctoritate
1318 3791 1509 3848 consecratus
1521 3794 1567 3847 est
1577 3788 1736 3864 episcopus
1753 3787 1798 3848 13·
1807 3792 1850 3848 tc

129 3881 241 3940 civius
255 3880 380 3944 Pictoris
394 3881 551 3944 concurre
567 3885 622 3950 ost,
637 3885 667 3940 et
681 3881 743 3940 dux
754 3878 857 3938 sedem
871 3879 965 3942 sancti
1018 3882 1083 3938 tum
1094 3879 1319 3937 Lemovicinum
1332 3877 1615 3948 excommunicavit,
1629 3883 1735 3952 praeter
1748 3877 1849 3936 locuni

131 3970 396 4045 Petriceterasqire
409 3970 549 4030 ecclesias
564 3986 714 4044 suumque
735 3969 881 4044 palatium
904 3984 967 4027 ma·
1020 3969 1115 4028 sancti
1129 3969 1273 4028 llareialis
1297 3974 1327 4027 et
1348 3985 1417 4042 quse
1439 3967 1568 4042 proprias
1581 3967 1622 4024 ad
1636 3983 1707 4024 eum
1720 3967 1849 4041 pertine-

130 4057 197 4132 jori
210 4057 316 4120 decom
331 4061 367 4098 ¹²⁸
381 4059 547 4134 ampliavit.
1019 4057 1103 4128 hant,
1113 4057 1436 4132 ipsumquaprohibnit
1448 4055 1594 4114 ehofficio
1607 4073 1664 4114 siin
1673 4056 1850 4131 episcopam

137 4239 167 4294 1·
191 4252 288 4311 nuper
312 4237 383 4295 odd.
406 4241 433 4294 2.
484 4237 513 4294 9·
525 4241 596 4312 post
618 4237 732 4310 aliquot
747 4250 843 4293 annos
856 4235 960 4318 adda
1010 4236 1039 4294 3·
1059 4236 1149 4321 ignea
1161 4235 1255 4308 virga,
1272 4240 1397 4293 curvata
1410 4234 1628 4292 nihilhominus
1653 4234 1683 4318 in
1705 4233 1808 4317 fatigio
1822 4239 1849 4318 9.

172 4312 202 4368 l·
216 4311 244 4365 9.
283 4309 339 4368 tac
354 4310 416 4371 loco
431 4309 501 4368 odd.
520 4309 652 4390 :interea
667 4311 757 4382 capnt
768 4339 809 4434 u—ll
819 4310 961 4390 retrnetur
972 4323 1039 4380 pun
1053 4308 1139 4390 infra
1153 4323 1178 4366 c.
1191 4311 1224 4364 98
1238 4307 1575 4434 Ι1999919191119999999
1588 4311 1709 4390 perpet:
1727 4309 1852 4414 pirensis

172 4377 1853 4533 119999119911111919ξ91991..1.·119111919911999991199991199999

173 4525 308 4592 conbgrt.
325 4522 353 4578 a·
365 4521 585 4604 monachornm
600 4525 739 4580 senatum
752 4537 857 4594 eiicere
873 4525 903 4578 et
917 4537 1126 4605 canonicorum
1149 4521 1295 4580 feritatem
1314 4465 1427 4580 misem
1444 4525 1602 4602 immittere
1617 4524 1644 4578 i.
1695 4521 1723 4602 tl*
1745 4523 1772 4578 9.
1798 4519 1853 4575 boc

174 4596 240 4675 loco
250 4593 322 4674 odd.
331 4612 343 4674 ,ε
359 4596 407 4676 ilis
422 4593 608 4675 temporibus
623 4597 754 4650 cometes
768 4624 803 4634 -
817 4592 972 4674 devoravit
985 4609 1051 4666 qun
1066 4595 1150 4665 infra
1163 4609 1187 4652 c.
1205 4596 1248 4650 58.
1266 4597 1440 4676 accurram.
1456 4592 1485 4651 7·
1499 4591 1635 4652 vestibus
1648 4591 1726 4650 albis
1739 4594 1769 4648 et
1781 4605 1816 4646 ca
1839 4619 1852 4630 -

173 4681 221 4738 pis
235 4663 382 4746 olocirrcis
397 4671 512 4726 amictis
528 4665 598 4746 odd.
616 4668 643 4722 2.
692 4665 720 4722 8·
736 4662 925 4721 candelabris
938 4679 1059 4745 quoque
1075 4668 1103 4722 et
1116 4680 1197 4738 aqua
1211 4663 1369 4747 benedicte
1387 4663 1501 4746 addi.
1557 4664 1586 4720 9·
1607 4663 1735 4723 sabbato
1755 4677 1821 4740 m¹

173 4736 408 4818 quadragesime
421 4741 446 4794 2.
499 4736 544 4816 tlt*
556 4736 702 4828 diaconus
716 4739 744 4818 et
757 4734 916 4817 presbyter
929 4735 1084 4817 ordinatus
1099 4739 1153 4806 est,
1168 4738 1341 4818 etacrastina
1355 4733 1508 4792 dominica
1522 4733 1593 4794 aad.
1605 4737 1632 4798 2.
1657 4738 1694 4860 ιἢ1
1702 4731 1728 4788 1·
1739 4731 1855 4859 ι99919εεὶ

173 4823 261 4938 litt
284 4805 1791 4961 .11191999139119119999919911191191111999919999919
1805 4817 1854 4930 la

237 4949 899 5032 19999999999999399999999999999.
922 4951 949 5010 2.
989 4947 1047 5032 11·
1062 4965 1132 5010 cum
1145 4964 1299 5034 racionem
1317 4948 1447 5032 reddere¹
1465 4950 1568 5022 posset
1587 4948 1616 5009 et
1636 4959 1704 5026 seso
1724 4958 1854 5019 purgare

177 5019 362 5150 Stitnaofflffi,
378 5020 631 5151 ffieffletfflgm
645 5036 728 5095 papa
740 5023 875 5080 Romano
890 5021 937 5093 ¹⁷⁸,
954 5019 1066 5079 scillcet
1078 5025 1303 5095 comtempsisse
1318 5021 1579 5094 archiepiscopum
1592 5031 1749 5093 proprium
1764 5029 1856 5079 causa

356 5135 364 5160 ,
444 5109 460 5150 e
561 5134 567 5149 .
604 5135 611 5149 .

1826 4659 1853 4716 ie

829 5189 945 5249 VARlAE
964 5189 1166 5250 incriouus.

176 5303 519 5363 ¹³⁰clnnlacensisl.¹t¹
576 5302 698 5362 adl¹⁷¹
747 5303 890 5367 extistit
940 5299 1447 5370 in-mortemdes.2.decore¹⁷⁸
1496 5299 1619 5365 mi.¹⁷¹
1658 5299 1805 5384 imperavi
1828 5302 1853 5355 1.

140 5380 179 5416 ¹³⁸
189 5393 265 5449 argo
280 5393 305 5436 c.
359 5377 395 5413 ¹⁷⁷
410 5391 492 5433 sesse
503 5391 639 5451 pugnare
654 5391 679 5434 c.
755 5375 791 5412 ¹⁷⁸
805 5390 933 5434 romana
947 5389 972 5432 c.

943 5473 1012 5531 1101
1048 5515 1054 5528 .

179 5575 257 5648 (155)
283 5572 329 5631 Sic
351 5571 447 5630 sancti
468 5570 606 5630 Hartialis
638 5571 795 5630 ecelesiam
819 5571 969 5656 appellat3
1012 5475 1045 5532 Ε
1062 5571 1135 5645 (itit)
1152 5567 1375 5642 Engolismensi.

32 5685 34 5704 .
143 5645 183 5704 el.
198 5647 278 5702 lton.
290 5645 371 5702 lem.
387 5659 416 5702 9.
434 5646 513 5714 teir,
530 5646 606 5702 lon.
622 5645 672 5703 SS.
689 5647 722 5715 ll,
734 5659 765 5718 p.
781 5647 844 5702 1112.
