4002 6174
166 168 215 222 ru
438 188 443 194 -
761 138 1286 228 lavarcininsrclaaninle
1826 162 1879 230 nt

89 311 92 318 =
164 287 293 345 ctionem
307 286 420 345 dationi
432 285 533 343 lecerit
550 285 772 360 suprascriptas,
797 286 934 362 quandiu
960 284 992 341 in
1010 285 1034 340 Α
1049 298 1144 356 quam
1157 282 1328 354 ecclesiam,
1340 283 1390 342 vel
1401 281 1525 355 aliquod
1535 280 1752 345 monasterinm
1764 281 1803 345 da
1813 299 1884 357 nro·

162 377 222 433 hac
248 376 448 451 permanserit
473 375 647 446 ιιιιιιιιιοιιε,
675 377 812 438 hnmana
837 380 866 434 et
894 375 995 436 divina
1048 371 1120 451 priis
1143 372 1366 430 haereditatibus
1392 371 1594 440 honoraverit,
1617 369 1666 426 vcl
1686 371 1882 430 donationem

163 465 308 526 multatur
320 463 539 532 maledictione.
1048 459 1158 529 iecerit,
1173 461 1344 528 nulatmtn
1357 477 1413 518 nec
1425 477 1444 528 a
1455 459 1526 528 filio,
1544 473 1600 516 nee
1617 459 1657 521 ab
1685 459 1788 542 niqra
1813 478 1882 528 lue·

202 556 230 612 S.
247 553 523 618 ltichavdieclnitis.
540 555 570 618 S.
592 553 733 618 liodberti
761 553 992 634 archipraesulis.
1048 565 1166 614 cessone
1178 557 1323 632 repetere,
1338 550 1449 618 idcireo
1465 565 1520 622 ego
1534 549 1709 617 ioiwllnus,
1732 552 1883 620 Gaualridi

164 645 192 702 S.
206 643 346 700 Richardi
360 643 478 701 comitis
497 643 587 701 ιιειει
615 643 806 717 archipraesul
835 643 995 700 Rothoma-
1048 639 1139 712 filius,
1155 645 1261 698 nebim
1273 657 1338 699 esse
1353 639 1442 714 cupio
1455 639 1597 697 omnibus
1608 644 1671 696 tam
1680 641 1881 714 praesentibus

163 731 273 804 gensis.
291 733 318 790 S.
335 732 515 790 Gunnoridis
528 732 696 790 comitisse.
714 734 741 791 S·
766 732 915 801 Richardi,
940 731 994 787 filil
1047 744 1141 804 qnam
1152 730 1268 800 tuturis,
1283 730 1411 805 qualiter
1425 733 1526 803 etqua
1540 727 1654 786 ratione
1668 744 1724 802 pro
1744 729 1792 786 his
1811 747 1882 805 quae

163 820 291 878 comitis.
308 823 336 879 S.
348 821 500 892 liodberti,
514 821 566 878 lilii
577 821 704 886 comilis,
722 823 750 882 S.
766 820 889 885 Uniridi.
1048 823 1160 895 epatre
1174 835 1243 886 meo
1253 820 1379 884 dimiisa
1392 823 1463 884 sunt
1472 823 1563 892 atque
1575 817 1685 875 tradita
1698 819 1806 876 Sancte
1830 823 1883 877 Pe·

200 911 394 985 Supradicius
404 911 530 980 viculus,
548 911 670 968 arabus
684 909 868 982 colligendis,
889 913 994 967 Resco-
1047 915 1093 966 iro
1104 911 1291 968 carnotensis
1307 909 1446 978 coenobii,
1460 911 1667 982 postmortem
1681 907 1786 982 ipsius,
1797 910 1882 968 adie-

162 999 220 1056 lius
233 999 305 1056 olim
320 999 444 1073 quidem
460 999 633 1070 dicentium
647 999 689 1058 ibi
702 999 784 1062 enim
797 998 918 1061 narsei
933 997 993 1056 col·
1047 999 1104 1059 rint
1117 999 1266 1064 domnum
1282 999 1425 1062 abbatem
1439 996 1646 1074 llnjonardum
1661 1001 1690 1052 et
1700 1013 1823 1056 omnem
1837 999 1884 1072 ip-

162 1086 333 1159 ligabantur
343 1089 390 1151 vel
402 1089 675 1162 congregabantur.
691 1093 723 1150 ln
736 1105 809 1168 quo,
828 1103 891 1150 non
905 1087 994 1158 longe
1048 1090 1110 1154 sins
1123 1089 1179 1150 loci
1203 1089 1478 1162 congregationem.
1509 1090 1594 1152 Pater
1618 1086 1767 1168 siquidem
1792 1105 1882 1146 meus

126 1181 128 1184 ’
165 1175 205 1232 ab
221 1178 286 1234 ava
300 1176 435 1246 flumine,
451 1177 747 1252 propterquemdam
762 1177 885 1244 iontem,
911 1191 993 1250 quac·
1049 1178 1234 1250 Gauslridus,
1250 1178 1290 1236 ob
1304 1177 1472 1236 remedium
1499 1192 1625 1233 suorum
1658 1177 1882 1249 peccaminum,

164 1265 236 1322 dam
246 1265 400 1323 ecclesiola
421 1266 521 1336 lignea
543 1267 598 1322 sita
621 1271 684 1322 erat
709 1265 740 1322 in
762 1266 875 1322 honore
899 1264 994 1321 sancti
1048 1267 1183 1337 alodum,
1194 1267 1317 1325 nominc
1333 1265 1525 1335 Exclusellas,
1541 1265 1573 1322 in
1583 1264 1726 1323 comitatu
1745 1268 1881 1324 hoccasi-

165 1354 300 1427 Remigii.
316 1356 467 1411 Dessuentc
481 1360 707 1428 varotempore,
732 1359 760 1410 et
784 1353 900 1410 vicillus
925 1370 995 1410 eum
1048 1373 1098 1426 no,
1117 1358 1224 1414 Sancto
1238 1359 1324 1413 Petro
1338 1353 1497 1425 delegavit,
1513 1369 1603 1428 super
1628 1354 1753 1411 fluvium
1777 1355 1883 1411 Andu-

164 1444 290 1508 ecciesia
300 1444 385 1508 baliis
399 1444 529 1508 nsidns
543 1444 583 1506 ad
598 1443 725 1508 nibilum
737 1459 813 1520 pelle
825 1443 993 1510 deducitur.
1048 1461 1099 1514 ιιι,
1116 1461 1165 1500 me
1180 1460 1275 1518 puero
1293 1448 1321 1501 et
1335 1447 1430 1500 matre
1444 1442 1573 1501 vivente.
1589 1446 1650 1513 Ego
1665 1446 1766 1500 autem
1779 1444 1882 1517 ipsum

162 1541 192 1593 et
206 1538 452 1606 transmunde
468 1535 576 1598 cernite
591 1534 751 1604 ιιιιιιιιιιο,
768 1533 912 1611 parochia
928 1534 995 1610 ipsa
1049 1533 1172 1590 alodum
1189 1533 1306 1607 expetii,
1319 1548 1381 1589 non
1402 1532 1470 1588 idco
1495 1536 1528 1587 ut
1546 1531 1637 1588 velim
1663 1533 1812 1590 retrahere
1841 1532 1882 1591 ab

164 1624 248 1686 unita
265 1627 312 1685 cst
326 1623 426 1686 seneli
439 1623 555 1696 Georgii
566 1622 726 1698 parochiae,
757 1623 843 1693 cujus
870 1622 995 1686 eeclesia
1009 1641 1029 1700 g
1048 1621 1114 1695 ipso
1128 1619 1291 1677 venerabili
1305 1620 1372 1676 loco
1386 1619 1435 1676 oui
1449 1623 1494 1675 est
1505 1618 1641 1692 traditus,
1653 1636 1708 1677 nec
1723 1623 1755 1677 ut
1779 1619 1882 1695 aliqua

162 1711 457 1783 multiplicabant,
473 1715 503 1774 ei
516 1712 610 1774 altare
626 1711 727 1771 Sancti
737 1710 862 1784 Remigii
887 1710 918 1768 in
947 1710 995 1766 ala
1048 1710 1153 1767 fraude
1165 1709 1337 1784 possideam
1353 1727 1360 1774 ς
1377 1709 1430 1765 sed
1445 1724 1481 1765 eo
1496 1713 1600 1765 tcume
1619 1713 1649 1766 et
1675 1709 1727 1766 tali
1751 1725 1884 1768 conven-

162 1800 248 1858 istius
261 1799 396 1864 ecelesia
409 1816 427 1856 a
442 1799 599 1860 monachis
612 1798 850 1870 translatumesi,
867 1797 919 1856 ubi
930 1814 994 1878 per·
1049 1800 1128 1856 tione
1143 1800 1323 1873 ut,qucndiu
1336 1799 1492 1865 vixero‚llu
1510 1797 1623 1856 solidos
1637 1799 1669 1856 tn
1679 1815 1807 1856 censum
1815 1816 1884 1874 per-

163 1888 275 1948 mansit
287 1888 385 1950 donec
397 1888 545 1950 moderno
559 1885 886 1960 temporcamonneho
897 1887 995 1952 nomi-
1049 1881 1176 1957 solvam',
1202 1891 1313 1945 statuto
1340 1887 1478 1958 termino,
1504 1887 1701 1962 debitumque
1727 1888 1882 1946 servitium

165 1993 203 2034 ne
215 1976 505 2040 Hnbcrlccaelncnlo
517 1981 547 2034 et
558 1975 657 2052 lapide
684 1981 731 2036 est
755 1975 903 2038 aedificata
928 1977 993 2048 int..
1049 1977 1221 2052 persolvam
1236 1995 1244 2046 ς
1259 1992 1462 2051 necunquam
1487 1975 1561 2033 mibi
1573 1976 1725 2035 liceatnec
1742 1978 1882 2048 rendere,

164 2063 289 2126 doncea
303 2065 456 2127 modernis
485 2063 642 2126 monachis
670 2064 768 2140 major
794 2069 940 2126 cemento
967 2068 997 2122 et
1049 2082 1105 2123 nec
1115 2066 1231 2123 tradere
1247 2066 1346 2135 abent,
1370 2081 1426 2122 nee
1452 2065 1524 2135 filio,
1547 2081 1602 2122 neo
1627 2067 1718 2124 alicui
1741 2083 1883 2124 meorum

163 2152 264 2228 lapide
280 2153 504 2228 estedificetal.
1049 2156 1290 2230 propinquorum
1308 2173 1315 2226 ;
1333 2155 1386 2212 sed
1400 2169 1530 2229 semper,
1541 2155 1729 2213 dumilatum
1742 2157 1880 2224 emisere,

556 2246 601 2304 lv,
1049 2247 1081 2302 in
1093 2261 1161 2302 mea
1175 2261 1270 2302 manu
1283 2261 1411 2318 meoque
1423 2245 1558 2302 dominio
1570 2245 1729 2303 habeatnr.
1756 2249 1824 2303 Post
1842 2246 1882 2302 ll·

162 2332 206 2390 De
215 2332 341 2396 scalena
354 2333 590 2394 nuncnune
604 2331 678 2391 dcta
690 2332 803 2396 Sancto
816 2333 906 2393 Petro
915 2333 997 2398 aliti-
1049 2351 1120 2391 nem
1135 2350 1206 2391 vero
1217 2350 1291 2391 men
1303 2334 1381 2405 vitm,
1397 2338 1429 2391 ut
1444 2335 1543 2406 major
1556 2335 1703 2392 memoria
1718 2335 1756 2392 slt
1774 2335 1882 2409 patris,

506 2423 642 2495 denario.
1050 2429 1079 2482 et
1093 2427 1210 2498 partem
1220 2423 1339 2480 valeam
1351 2423 1463 2480 habere
1473 2423 1504 2480 ln
1514 2423 1610 2497 ipsius
1625 2424 1794 2496 benelecto,
1819 2440 1883 2482 non

439 2510 524 2584 (Ante
547 2527 597 2574 all.
628 2511 718 2586 loni.)
1049 2513 1141 2570 modo
1159 2511 1232 2569 lllud
1247 2512 1331 2586 quod
1343 2515 1429 2586 pater
1443 2511 1577 2583 donavit,
1592 2513 1677 2588 qnod
1688 2529 1770 2571 nunc
1782 2517 1880 2585 teneo,

200 2599 367 2662 innomine
378 2604 491 2664 emole
504 2604 532 2662 et
556 2600 720 2662 ludulae
747 2600 903 2663 Trinitatis.
933 2603 995 2672 Ego
1048 2603 1130 2660 dono
1145 2603 1250 2659 domni
1265 2601 1383 2659 abbatis
1398 2601 1560 2674 Majenardi
1578 2606 1607 2659 et
1630 2602 1759 2660 aliorum
1785 2603 1883 2661 senio

111 2713 113 2720 ¹
165 2688 342 2760 bichardus,
358 2692 613 2752 nortmannorum
626 2688 899 2760 dux,notlnnvolo
929 2705 994 2749 esse
1047 2709 1126 2762 rum,
1143 2692 1196 2747 sed
1210 2691 1314 2748 omnia
1326 2707 1397 2748 cnm
1406 2691 1453 2748 his
1465 2705 1534 2766 qun
1544 2691 1576 2748 ln
1585 2691 1654 2768 ipso
1669 2697 1748 2760 sunt,
1771 2693 1883 2750 sedicet

162 2781 224 2840 ran
238 2777 668 2852 nmwnmsqnemlunnis,
684 2778 838 2857 qlliaadiit
863 2793 995 2853 praesen
1047 2779 1238 2848 molendinis,
1253 2779 1337 2836 terris
1354 2780 1440 2836 eules
1452 2784 1480 2836 et
1507 2779 1635 2854 incultis,
1661 2781 1764 2855 pratis,
1788 2782 1880 2852 silvis,

162 2866 236 2926 ιιιιιι
251 2882 352 2928 manin
362 2865 458 2928 fidelis
473 2881 569 2936 incus,
583 2867 709 2930 nemim
720 2865 907 2944 RajenarlnS,
923 2882 994 2924 cum
1049 2867 1089 2925 ad
1102 2868 1243 2925 eumdem
1254 2867 1355 2924 locum
1368 2884 1387 2923 a
1398 2883 1459 2941 quo
1470 2868 1582 2941 accepi,
1594 2869 1756 2928 deveniant
1766 2869 1796 2926 ln
1807 2887 1881 2926 usus

161 2971 311 3018 consensu
332 2972 394 3018 ann
409 2955 559 3030 conjugis,
580 2955 809 3030 wandelburgis
831 2955 992 3030 vocabule,
1010 2986 1034 3046 fl
1049 2972 1205 3014 servorum
1220 2956 1336 3013 Christi.
1354 2958 1390 3013 Ut
1399 2961 1501 3016 autem
1515 2957 1631 3030 absque
1646 2957 1799 3016 calumnia
1819 2959 1883 3016 ulla

160 3043 312 3106 hilmiiiten
322 3047 429 3124 petens
444 3048 486 3114 ιιι,
499 3060 555 3119 pro
565 3044 699 3108 remedio
712 3045 820 3107 aninlae
833 3061 921 3116 meae,
946 3060 992 3104 ec·
1047 3044 1096 3101 vel
1110 3043 1344 3106 contradictione
1355 3043 1415 3104 hoc
1437 3043 1500 3120 liat,
1522 3044 1626 3108 lteris
1651 3046 1797 3112 mandare
1817 3052 1881 3103 stu-

162 3131 284 3188 ciceiam
298 3131 330 3190 in
345 3133 489 3192 comitatu
502 3133 638 3204 Ebroico,
654 3133 703 3198 cni
714 3149 829 3197 nomen
855 3137 899 3191 est
924 3135 991 3196 lla-
1047 3133 1100 3190 dui
1116 3152 1123 3202 ;
1137 3132 1178 3190 oh
1188 3133 1246 3190 hoc
1256 3133 1388 3192 maxime
1399 3149 1437 3194 ne
1450 3133 1571 3213 uliquis,
1590 3133 1664 3192 mihi
1692 3135 1779 3192 luerit
1805 3136 1881 3208 (sic),

160 3219 354 3294 donincurtis,
369 3239 422 3280 seu
436 3239 492 3297 pro
506 3222 558 3279 filli
574 3223 620 3286 sni
633 3223 745 3291 anima,
758 3224 845 3295 cujus
859 3223 992 3280 vocabu·
1048 3221 1104 3279 sibi
1116 3221 1254 3282 vindicet.
1271 3221 1385 3281 Seniori
1397 3237 1519 3298 quoque
1544 3237 1612 3284 meo
1643 3223 1749 3294 Odoni,
1779 3225 1882 3282 comiti

160 3307 225 3370 luni
237 3308 294 3372 init
306 3309 484 3382 liodbentne,
499 3311 544 3376 acl
553 3327 608 3384 pro
622 3311 782 3376 abolendis
804 3311 867 3374 suis
885 3326 993 3388 peeca-
1049 3311 1172 3385 inclyto,
1183 3311 1420 3384 proceribusque
1437 3312 1499 3368 suis
1511 3312 1596 3372 trado
1608 3313 1880 3382 corroborandum,

163 3397 211 3470 tis,
234 3399 391 3456 monachis
421 3399 521 3456 Sancti
545 3400 622 3462 Pelei
640 3399 772 3460 caenobii
802 3399 993 3455 carnotensis
1048 3404 1080 3457 ut
1093 3415 1223 3476 sequens
1237 3399 1268 3455 ιιι
1284 3416 1381 3458 aarum
1394 3399 1517 3458 firmum
1532 3405 1560 3458 et
1580 3401 1790 3460 inconvulsum
1814 3419 1883 3478 per-

123 3497 125 3502 ·
162 3486 369 3544 concederem.
399 3487 464 3555 Qui,
491 3488 607 3564 justam
631 3487 807 3566 petitionem
836 3487 910 3544 tanti
937 3487 993 3544 viri
1048 3493 1170 3544 maneat
1184 3487 1267 3564 quod
1282 3487 1430 3546 insertum
1445 3491 1499 3546 est.
1516 3491 1543 3546 S.
1561 3489 1674 3547 Odonis
1691 3491 1817 3560 comitis,
1849 3493 1879 3550 S.

161 3573 535 3638 eonddercnsnssnasnm
556 3575 684 3651 Ριιιιιιιι,
706 3575 831 3654 insuper
855 3577 993 3642 sanciens
1048 3581 1149 3646 nerle,
1165 3577 1268 3634 matris
1284 3593 1354 3633 auce.
1370 3579 1398 3634 S.
1414 3579 1545 3652 Agnetis,
1558 3577 1627 3636 filia
1637 3578 1744 3658 ipsius.
1760 3583 1787 3638 S.
1804 3581 1883 3638 Wal-

160 3663 256 3732 ut,ab
269 3663 360 3728 bodie
388 3663 420 3724 in
448 3664 645 3742 subsequenti
667 3665 868 3735 generatione,
889 3665 993 3730 nuihn
1046 3665 1111 3723 terii
1127 3666 1253 3723 comitis.
1271 3668 1300 3725 S.
1313 3665 1471 3726 Gausfredl
1485 3666 1595 3724 militis.
1622 3667 1650 3726 S.
1680 3669 1782 3726 llervei
1804 3669 1884 3727 vice·

162 3769 298 3826 altorem,
313 3753 794 3832 velquornmlibetalior.um,ius
812 3755 993 3820 ,domineco
1047 3754 1173 3813 comilis.
1191 3757 1220 3812 S.
1236 3755 1364 3812 Rodrdli.
1392 3757 1420 3814 S.
1447 3756 1612 3814 Gausberd.
1643 3759 1671 3814 S.
1697 3757 1817 3815 hiberti.
1851 3761 1880 3818 S.

159 3843 272 3906 nissen
285 3843 457 3906 violentiam
474 3843 634 3922 ειιιιιιιιιιι
650 3845 835 3922 irreptionis,
865 3847 991 3918 [cenna]
1046 3841 1201 3902 wasulini.
1217 3844 1245 3901 S·
1264 3843 1345 3900 salii.
1363 3845 1392 3900 S·
1404 3843 1555 3922 loscelini,
1580 3844 1632 3922 qul
1657 3845 1736 3901 hanc
1761 3845 1883 3904 chartu-

160 3934 253 4008 hujiis
263 3933 457 3999 firmitudinis
469 3937 577 3996 nostrae
584 3934 838 4008 compactionem,
866 3939 992 3996 temera·
1046 3930 1109 3988 lam
1121 3929 1236 3987 firmari
1246 3930 1381 3988 instituit.
1392 3931 1420 3989 S.
1437 3931 1596 4004 Gauslridi,
1608 3933 1710 3990 militis
1731 3933 1787 3990 sui.

159 4023 406 4098 riaprneacitate,
427 4024 562 4100 irrogare
584 4028 720 4088 ncncbn.
749 4027 784 4089 Ut
806 4028 907 4089 aulem
928 4026 992 4087 haec
1438 4021 1482 4077 Vl.

159 4112 275 4174 carnale
288 4112 387 4174 ialin
410 4113 536 4176 nonina
559 4113 685 4177 firmiori
704 4113 851 4178 innitatur
878 4115 991 4191 vigore,
1196 4109 1239 4166 De
1253 4108 1370 4180 Gucrpo
1383 4107 1569 4166 Urstcttlcris
1583 4111 1723 4168 εεειεειε.

160 4215 256 4260 mana
269 4199 579 4277 propiiunbaciipsi,
597 4201 739 4264 ιιιιιιιιιιιε
763 4218 888 4276 ‚qrmqne
913 4203 992 4270 ineis
1324 4195 1596 4270 (mecanicae.)

163 4287 476 4350 adcorreberandlim
488 4288 609 4352 tradidi
1003 4337 1029 4393 υ
1081 4283 1143 4342 Sub
1168 4287 1290 4340 aeterno.
1305 4284 1452 4355 regimine
1492 4301 1672 4360 summoque
1710 4285 1878 4344 sacerdotio

197 4377 226 4436 S.
242 4373 513 4438 Hebardiedmihs
544 4377 575 4438 s,
603 4375 744 4440 liodberti
760 4376 989 4458 archiepiscopi.
1044 4372 1161 4441 Christi,
1174 4387 1244 4433 meo
1272 4375 1417 4450 tempore,
1443 4389 1499 4446 ego
1521 4373 1686 4444 odolricus,
1703 4375 1879 4434 Aureliano-

161 4467 190 4524 S.
204 4463 338 4528 nenati
347 4463 494 4542 ιιιιιιερι,
511 4465 540 4522 S.
556 4464 728 4528 lneodenci
736 4465 865 4531 abbatis.
877 4469 905 4526 S.
915 4467 991 4542 liod-
1043 4480 1112 4522 rum
1134 4462 1305 4542 episcopus,
1337 4466 1444 4520 notum
1475 4462 1540 4521 fieri
1569 4465 1637 4521 volo
1666 4470 1878 4540 contempora-

159 4553 398 4620 candacis.
422 4553 580 4632 lncani,
605 4553 661 4628 qui
689 4553 768 4618 hanc
797 4553 991 4620 donationem
1043 4552 1123 4610 libus
1152 4556 1242 4628 atque
1274 4551 1499 4610 successoribus
1534 4553 1610 4610 meis
1637 4555 1766 4614 modum
1789 4559 1819 4612 ct
1844 4555 1880 4612 fi-

159 4644 237 4712 leoit.
254 4647 281 4703 S.
294 4644 442 4708 flianiredi
455 4643 493 4706 de
506 4644 687 4710 wetulabus
796 4709 797 4712 Ἴ
1044 4659 1115 4700 nem
1128 4657 1227 4700 causae
1257 4657 1325 4720 qum
1339 4642 1371 4698 in
1385 4641 1443 4699 hac
1454 4641 1591 4701 chartaria
1605 4643 1715 4720 scripta
1735 4647 1790 4702 est.
1816 4647 1878 4704 tlo-

195 4734 551 4810 wmfflimbmporis
564 4734 707 4800 monachi
730 4733 921 4810 possederint
945 4735 992 4802 vei
1043 4733 1133 4790 nachl
1163 4729 1262 4790 Sancti
1289 4731 1367 4788 Petri
1392 4732 1580 4790 carnotensis
1601 4732 1878 4807 coenobiiposside-

159 4824 320 4888 hublicrlnl
342 4824 499 4900 nentem
527 4823 684 4886 eeclesiam
704 4823 829 4906 penitus
859 4823 990 4902 ignoro;
1044 4823 1129 4888 bant,
1158 4837 1195 4878 ex
1221 4820 1313 4892 longo
1326 4823 1473 4895 tempore,
1489 4821 1657 4898 quamdam
1672 4821 1831 4880 ecclesiam
1844 4824 1877 4881 in

159 4928 233 4976 nan
242 4929 428 4990 “queem
435 4912 584 4978 natmse
604 4913 646 4976 ab
672 4909 805 4995 ,antiquis
832 4914 991 4978 monachis
1043 4925 1124 4986 pago
1137 4909 1272 4972 bunensi
1283 4909 1316 4965 in
1328 4908 1394 4966 loco
1408 4909 1462 4983 qui
1476 4907 1584 4967 diciillr
1599 4910 1785 4970 Ursivillaris.
1806 4911 1879 4978 Qui·

160 5001 272 5066 audini,
282 5018 385 5078 neque
396 5019 414 5062 ι
425 5002 583 5066 ιιιιιιιιιιιιι
592 5001 778 5065 mentionem
793 5001 927 5075 aliquam
940 5001 992 5063 fie—
1043 4999 1116 5058 dam
1127 5015 1199 5056 vero
1215 5002 1334 5056 casahls
1347 5002 1460 5071 noster,
1471 4999 1595 5059 nominc
1618 4999 1786 5074 hilduinus,
1803 5017 1877 5058 cum

159 5091 358 5166 nimquam
372 5091 518 5170 hincm
542 5092 666 5170 danici
684 5091 851 5170 ιθοιιιιοιιι)
876 5091 988 5160 audivi.
1044 5105 1105 5146 suis
1115 5103 1296 5162 propinquis
1310 5087 1522 5145 intendebat
1497 5103 1539 5144 ers
1551 5087 1736 5146 calumniam
1756 5087 1815 5146 ιιι
1806 5105 1877 5163 ipsa

125 5170 131 5186 ‘
557 5183 590 5240 V.
1043 5176 1179 5250 ecclesia,
1189 5177 1294 5234 dicens
1307 5176 1425 5233 samad
1443 5181 1652 5234 casamentum
1680 5181 1818 5236 nostrum
1845 5183 1878 5236 et

160 5264 304 5326 Dealelle
317 5267 536 5332 &demeum
550 5269 621 5330 dato
636 5283 655 5332 a
666 5267 834 5341 Ganadtdo
848 5274 877 5327 ct
891 5270 989 5328 Joscc·
1043 5266 1083 5324 ad
1102 5282 1192 5324 suum
1216 5263 1397 5324 beneficium
1427 5265 1583 5338 pertinere.
1614 5264 1754 5322 Addebat
1781 5265 1875 5323 etiam

496 5358 561 5418 tino
569 5359 651 5434 filio.
1044 5355 1230 5430 temporibus
1245 5358 1469 5412 antecessorum
1487 5367 1625 5411 meorum
1653 5369 1685 5409 se
1714 5354 1785 5411 satis
1812 5353 1876 5454 εει·

438 5444 592 5518 riman·
613 5443 705 5521 lori.)
1041 5448 1121 5501 tasse
1148 5443 1332 5501 calumniam
1370 5441 1472 5511 istam,
1501 5429 1553 5498 sed
1573 5441 1720 5515 justitiam
1746 5441 1874 5510 minime

193 5531 517 5610 {luculentiam
526 5535 675 5618 ‚ser'qitunl
688 5539 778 5609 atque
793 5535 966 5592 sancitum
957 5551 989 5595 in
1043 5532 1189 5608 consequi
1213 5531 1357 5610 potuisse.
1392 5529 1593 5587 convenimus
1621 5545 1693 5602 ergo
1721 5528 1873 5587 domnum

159 5621 284 5684 decretis
297 5624 443 5692 veterum,
460 5621 484 5677 si
498 5621 567 5700 quis
591 5621 740 5682 nobilium
761 5622 908 5684 laieorum
933 5623 987 5684 ιιι·
1042 5621 1225 5694 lutbertum,
1239 5618 1648 5700 cpiscopnmtiarnoteneem,
1659 5615 1871 5692 ethmullum,
