3990 6184
242 186 309 241 llll
788 173 936 230 GARGlAS
956 169 1147 230 MouAcrrth
1165 167 1386 226 CUXASENSIS.
1885 179 1940 230 itia

242 313 318 366 tiens
332 312 361 364 ct
376 306 472 360 Homo
491 318 546 360 aua
565 300 702 358 membra
717 297 912 356 circumdedit
934 300 963 352 et
976 294 1066 351 disci·
1084 297 1106 348 A
1123 292 1249 349 civitate.
1266 295 1340 350 Sunt
1352 291 1484 366 rehqnioe
1493 291 1575 348 beati
1589 292 1747 350 Clementis
1761 295 1817 366 qui
1828 302 1940 368 quartus

239 397 381 470 pulcrum
408 406 533 446 snorum
559 390 652 461 pedes
672 387 823 444 humiliter
835 386 961 443 abluens
976 383 1065 440 tersit.
1121 385 1189 454 poet
1205 383 1325 438 Petrum
1351 385 1518 439 Romanam
1544 382 1621 438 rexit
1645 383 1823 454 Ecclesiam,
1850 391 1876 440 et
1892 388 1941 442 snb

241 488 314 542 Sunt
329 479 461 553 reliquia
472 478 509 534 de
521 477 724 551 sepulcro,ubi
735 476 890 532 [lominica
901 474 1068 543 earo,juxta
1120 471 1327 543 persecutione
1340 471 1553 542 Trajani‘frans
1561 473 1691 527 Pontum
1705 488 1790 528 mare
1801 476 1832 530 in
1841 490 1938 532 eremo.

239 575 381 627 naturam
396 568 509 642 quievit
526 571 556 623 et
570 567 725 623 vivificans
741 569 868 621 mortem
883 568 1017 619 nostram
1031 577 1068 616 ex
1120 557 1204 630 quod
1218 558 1337 629 adjacet
1350 559 1461 615 civitati
1480 560 1647 628 Chersonae,
1665 559 1818 630 relegatur
1829 564 1938 620 exsilio:

238 661 305 734 ipso
320 676 340 716 a
352 657 478 714 moriaris
492 655 660 713 resurrexit.
678 659 781 710 insunt
793 652 925 726 reliquias
938 651 975 708 de
990 665 1067 724 prm·
1120 646 1272 720 ligataque
1286 647 1326 703 ad
1343 647 1454 704 collum
1467 648 1531 719 ejus
1546 649 1692 718 anchora,
1705 653 1734 706 et
1749 651 1939 722 praecipitatus

240 749 316 823 sepi,
328 747 359 804 in
372 763 433 819 qno
448 745 595 802 infantilia
609 743 809 801 membranei
824 740 940 798 Domini
951 741 1001 812 pia
1011 741 1067 796 Ma·
1120 735 1151 791 in
1176 735 1269 792 maria
1285 735 1395 798 medio.
1411 737 1477 807 ejus
1491 737 1637 794 memoria
1654 753 1753 810 usquc
1774 738 1864 794 hodie
1878 740 1938 796 inibi

238 835 469 907 ter,secundum
487 834 563 890 servi
580 833 718 898 formam,
730 831 893 888 reclinavit.
912 832 986 886 Sunt
1000 826 1066 882 reli·
1121 823 1295 880 custoditur.
1314 827 1388 882 Sunt
1410 824 1543 898 reliquiae
1567 825 1661 882 sancti
1683 826 1866 900 Apollinaris
1885 829 1938 898 epi·

238 921 317 995 quiae
343 936 379 977 ex
408 918 584 990 fragmentis
610 917 687 972 illius
713 915 802 988 panis'
830 913 910 970 unde
932 912 1066 984 quinque
1121 913 1204 984 scopi
1226 917 1255 968 et
1276 913 1426 985 martyris,
1442 913 1495 986 qui
1509 913 1549 970 ab
1564 913 1717 970 Antiochia
1732 920 1857 971 secutus
1878 933 1938 988 apo

239 1007 505 1066 milliahominum
529 1005 722 1078 exquirique
749 1002 879 1076 panibus
896 1006 925 1057 et
946 1000 1067 1057 duobus
1121 999 1231 1056 stolum
1248 999 1671 1066 Petrum,aburbeltomaal:
1687 1001 1799 1058 eodem
1815 1004 1936 1074 apostolo
1973 981 1976 1060 l

237 1098 371 1172 piscibus
382 1097 413 1152 in
423 1096 540 1152 deserto
554 1094 715 1150 satiaverat
729 1092 871 1150 Christus.
886 1093 988 1146 insunt
1002 1089 1067 1144 reli·
1120 1087 1232 1144 missua
1247 1089 1494 1158 Ravennam,sub
1505 1089 1688 1160 Vespasiano
1702 1091 1833 1158 Caesare,
1843 1095 1936 1161 marty·

238 1186 316 1259 quiae
327 1185 365 1240 de
373 1183 549 1239 vestimento
559 1181 737 1238 beatissimae
748 1178 871 1250 virginis
886 1178 1066 1248 Marimqnae
1120 1177 1197 1232 rium
1223 1177 1451 1233 consummavit.
1479 1178 1585 1233 Insunt
1607 1177 1738 1251 reliquia
1763 1178 1843 1234 beati
1859 1179 1934 1234 Seba-

239 1275 462 1330 sacramentum
495 1271 605 1326 divinae
633 1267 848 1324 incarnationis
880 1264 1066 1338 specietenus
1121 1265 1219 1333 silani,
1235 1265 1283 1320 cui
1304 1265 1362 1321 snb
1388 1265 1594 1338 persecutione
1622 1265 1798 1323 diocletiani
1819 1271 1846 1322 et
1864 1268 1935 1323 Mari-

238 1361 345 1420 clausit
363 1365 392 1417 et
405 1360 562 1416 vivificans
575 1358 626 1414 liei
642 1357 770 1413 Verbum
785 1356 815 1411 in
830 1359 915 1411 utero
930 1351 1067 1424 concepit
1119 1354 1212 1410 miani
1227 1353 1454 1426 imperatorum,
1475 1359 1543 1426 post
1557 1355 1762 1428 principatum
1786 1356 1882 1428 prime
1896 1373 1934 1411 oc

238 1455 267 1507 et
281 1449 392 1520 genuit.
418 1451 492 1506 Sunt
505 1447 637 1519 reliquiae
651 1446 746 1519 ipsius
762 1443 881 1516 gloriosi
895 1439 1066 1511 archangeli
1120 1442 1212 1498 hortis
1228 1447 1257 1498 et
1268 1442 1384 1512 fugitivi
1398 1442 1501 1499 saeculi
1514 1442 1731 1512 blandimenta,
1757 1444 1867 1514 sagittis
1877 1461 1933 1516 per·

238 1537 395 1604 Michaelis,
420 1537 559 1610 expallio
575 1534 887 1604 scilicetejussanetas
902 1528 1064 1586 memoriae.
1120 1529 1233 1586 foratus
1256 1546 1275 1586 a
1295 1529 1448 1598 militibus,
1465 1533 1493 1586 et
1517 1529 1685 1600 fustigatus,
1709 1533 1814 1587 ltomre
1837 1537 1933 1602 martyr

239 1628 343 1684 Insunt
355 1626 465 1699 requies
480 1641 517 1680 ex
529 1623 644 1697 capillis
654 1623 733 1678 beati
746 1619 940 1694 precursoris
951 1623 980 1674 ct
994 1621 1066 1689 Bap
1084 1619 1254 1693 gpcrvenit
1276 1617 1316 1672 ad
1340 1618 1497 1674 Christum.
1521 1620 1596 1673 Sunt
1607 1617 1741 1692 reliquiae
1768 1621 1855 1674 saneti
1878 1619 1932 1674 t'in-

237 1716 311 1772 tistae
333 1715 465 1778 loannis,
487 1714 537 1786 qui
560 1713 599 1769 ab
616 1712 729 1768 Herode
756 1713 877 1782 propter
902 1707 1065 1763 fraternum
1121 1706 1206 1761 centii
1224 1705 1363 1778 martyris
1385 1704 1532 1775 etlevitaa,
1553 1706 1606 1778 qni
1629 1721 1699 1762 curn
1715 1707 1931 1763 sanctot'alcrio

237 1804 321 1878 quod
340 1803 492 1876 prohibuit
505 1802 614 1857 violare
629 1799 815 1856 connubium
829 1811 945 1854 carcere
961 1800 989 1849 et
1002 1794 1065 1849 vin·
1119 1795 1262 1867 episcopo
1279 1810 1345 1860 suo,
1354 1794 1385 1849 in
1399 1797 1516 1850 Caesare
1530 1799 1659 1864 augusta
1673 1795 1792 1852 civitate
1800 1794 1930 1858 Valentia,

238 1892 311 1948 culis
332 1890 530 1961 mancipatur,
551 1894 579 1944 et
594 1889 631 1943 ad
648 1887 820 1958 petitionem
837 1885 997 1940 mulierum
1011 1897 1065 1954 pro
1119 1883 1249 1956 plurima
1265 1899 1318 1955 per
1339 1881 1459 1938 vincula
1471 1883 1598 1939 carceris
1613 1889 1793 1950 maceratus,
1819 1885 1871 1940 sub
1885 1889 1930 1940 lta-

239 1977 545 2054 ltcdcmptorisnostri
560 1974 834 2045 testimoniocapite
846 1971 1067 2044 plectiturSunt
1119 1972 1206 2029 ciano
1220 1971 1436 2042 infatigabilem
1449 1971 1585 2044 spiritum
1601 1977 1716 2044 martyr
1735 1974 1841 2030 Christi
1851 1973 1931 2028 rcddi·

238 2063 371 2137 reliquie
390 2063 427 2120 de
443 2063 539 2120 barba
553 2067 581 2118 et
604 2060 759 2133 corporale
779 2057 868 2115 simul
882 2064 911 2114 et
925 2074 1012 2113 cruce
1035 2060 1063 2114 S.
1119 2060 1170 2116 dit.
1193 2063 1295 2117 insunt
1310 2059 1441 2133 reliquiae
1457 2060 1553 2116 sancti
1566 2060 1701 2130 Mauritii,
1714 2062 1767 2134 qui
1780 2061 1833 2118 fnit
1844 2063 1929 2135 primi-

237 2153 315 2209 Petri
328 2153 466 2225 apostoli,
475 2152 527 2224 qui
539 2151 569 2207 in
585 2149 772 2206 confessione
785 2147 928 2214 unigeniti
942 2145 1003 2201 Filii
1016 2145 1065 2201 liei
1119 2149 1215 2204 cerins
1235 2147 1361 2216 legionis
1375 2147 1454 2204 illius
1468 2164 1535 2222 quae
1552 2149 1608 2204 sub
1628 2149 1805 2206 Maximiano
1820 2151 1847 2206 in
1866 2150 1927 2206 eivi-

238 2240 354 2314 accepit
366 2240 532 2314 primatum
553 2239 582 2294 in
599 2237 795 2293 fundamento
810 2235 920 2290 domus
935 2232 1063 2298 Domini,
1119 2240 1177 2292 tate
1193 2236 1392 2306 Seduno,loco
1402 2241 1597 2310 Agauno,pro
1609 2237 1923 2307 Christogloriosissime

238 2333 266 2386 et
280 2328 396 2402 primus
418 2326 634 2382 sacerdotalem
657 2323 831 2380 cathedram
853 2321 937 2378 urbis
952 2324 1064 2390 Romae,
1119 2323 1252 2380 coronati
1279 2329 1357 2380 sunt.
1379 2326 1453 2382 Sunt
1474 2323 1606 2397 reliquiae
1626 2324 1710 2380 beati
1726 2325 1852 2396 Victoris,
1871 2325 1924 2398 qui,

239 2417 297 2475 sub
323 2421 435 2472 Nerone
457 2418 582 2480 Caesare,
598 2414 679 2470 cruci
694 2413 801 2470 affixus
816 2411 922 2484 eapite,
946 2415 979 2467 ut
1002 2410 1064 2483 ipsc
1118 2412 1201 2484 apud
1212 2411 1371 2470 Massiliam
1385 2411 1590 2468 crudelissime
1606 2429 1704 2468 cassus
1720 2429 1757 2470 ae
1771 2429 1928 2486 suspensus.

237 2505 343 2573 voluit,
358 2505 396 2562 ed
413 2510 521 2560 terram
542 2519 627 2559 verso
640 2502 785 2575 martyrio
798 2503 967 2566 coronatur,
983 2498 1065 2555 etibi
1118 2504 1147 2557 et
1161 2500 1270 2556 taureis
1292 2500 1450 2567 cruciatus,
1467 2506 1496 2556 et
1515 2500 1547 2556 in
1561 2501 1676 2558 molam
1701 2502 1855 2574 pistoriam
1871 2503 1928 2557 mis

237 2595 331 2666 digno
356 2593 471 2649 honore
490 2591 640 2664 sepelitur.
663 2591 766 2645 insunt
791 2587 922 2660 reliquias
938 2585 1064 2660 apostoli
1118 2605 1180 2656 sus,
1194 2588 1373 2660 martyrium
1393 2590 1624 2646 consummavit.

237 2683 329 2750 Pauli,
343 2682 394 2755 qui
414 2682 490 2736 inter
503 2679 656 2752 apostolos
676 2678 852 2749 dignitatem
868 2676 975 2732 meruit
989 2691 1063 2746 apo·
1154 2681 1258 2733 insunt
1269 2676 1401 2750 reliquiae
1415 2677 1511 2734 sancti
1525 2679 1687 2744 Saturnini,
1696 2679 1758 2752 qui,
1770 2679 1847 2752 apud
1856 2679 1931 2735 folo-

237 2771 371 2836 stolatus,
379 2769 444 2825 etin
453 2783 523 2824 vcra
533 2765 814 2836 religioncgentium
823 2764 964 2834 magister
972 2779 1063 2836 appo·
1118 2781 1194 2830 sam,
1210 2765 1395 2838 temporibus
1410 2766 1488 2822 Decii
1503 2766 1533 2822 in
1554 2767 1700 2840 Capitolio
1714 2769 1843 2839 ejusdem
1856 2767 1930 2822 urbis

237 2862 321 2924 situs,
336 2875 391 2932 pro
404 2858 526 2913 veritate
546 2856 653 2914 Christi
667 2871 686 2911 e
700 2859 812 2910 Nerone
827 2853 923 2927 capite
942 2859 1072 2930 trunca·¹
1117 2871 1135 2910 a
1150 2855 1277 2926 paganis
1289 2859 1386 2910 tentus
1403 2858 1549 2928 tauroque
1564 2854 1604 2911 ad
1612 2856 1764 2914 victimam
1777 2860 1927 2929 preparato

236 2948 294 3008 tarr,
311 2949 339 2998 ct
360 2944 389 2998 in
404 2943 479 2999 urbe
494 2946 599 3012 Roma,
624 2942 690 3015 pari
714 2941 869 3009 memoria,
893 2945 925 2996 ut
940 2945 1061 2996 sanctus
1081 2943 1239 3030 Cfunibus
1256 2943 1601 3014 religatus,ctasnmmo
1617 2946 1761 3018 Capitolio
1772 2960 1929 3018 peromnes

236 3034 348 3101 Petrus,
366 3036 534 3088 veneratur.
561 3033 635 3089 Sunt
658 3029 790 3103 reliquiae
813 3029 909 3085 sancti
937 3029 1062 3084 Andreae
1117 3033 1229 3102 gratim
1262 3033 1475 3106 precipitatus
1513 3033 1638 3103 dignam
1667 3035 1777 3092 Christo
1804 3033 1931 3091 animam

236 3121 375 3194 apostoli,
392 3120 443 3193 qni
458 3120 610 3193 Scythiam
624 3124 653 3176 et
676 3118 820 3174 Achaiam
843 3116 1062 3189 predicationis
1117 3120 1278 3181 exhalavit,
1290 3121 1424 3194 inibique
1438 3122 1607 3194 requiescit.
1619 3124 1693 3180 Sunt
1702 3123 1827 3197 reliquias
1840 3121 1931 3178 sancti

236 3210 331 3281 gratia
347 3209 450 3276 tenuit,
467 3209 540 3265 etin
564 3209 680 3266 civitate
695 3208 797 3263 Patres
812 3205 869 3261 sub
884 3209 972 3274 AEgea
992 3221 1062 3277 pro·
1117 3209 1251 3276 Marcelli,
1263 3210 1323 3282 qui¹
1342 3210 1470 3282 equuleo
1480 3227 1644 3284 suspensus
1659 3211 1828 3270 acfustibus
1841 3226 1934 3268 mace-

235 3292 1062 3368 eonsnlecruci,ligatismanibusetpedibusfunibusque
1116 3301 1209 3363 ratus,
1232 3297 1315 3370 apud
1340 3297 1492 3370 Spoletum
1507 3304 1551 3357 est
1565 3302 1744 3373 martyrium
1759 3317 1871 3374 passus.
1889 3303 1933 3354 tn-

235 3391 296 3444 toto
311 3403 436 3461 corpore
450 3392 563 3454 tensus,
579 3385 671 3442 biduo
686 3383 760 3440 inibi
775 3382 980 3456 supervivens,
1003 3380 1062 3437 fine
1117 3390 1188 3441 sunt
1206 3385 1337 3458 reliquiae
1351 3385 1429 3442 beati
1443 3387 1561 3458 tuliani,
1576 3389 1637 3461 qui,
1654 3389 1694 3444 ab
1714 3388 1936 3462 insequentibus

234 3475 324 3532 beato
339 3475 488 3531 occubuit.
505 3478 609 3530 insunt
629 3472 760 3545 reliquia
775 3471 855 3527 beati
869 3471 972 3526 Jacobi
988 3485 1062 3543 apo·
1115 3474 1356 3546 persecutoribus
1370 3477 1479 3543 tentus,
1491 3475 1608 3534 desecto
1619 3481 1744 3545 gutture,
1755 3481 1849 3531 morte
1862 3477 1933 3531 hor-

235 3562 312 3630 stoli,
328 3563 380 3634 qui
403 3562 568 3618 decollatus
580 3565 626 3617 est
645 3561 684 3616 ab
699 3560 814 3616 Herode
837 3559 1060 3632 Hierosolymis,
1115 3561 1193 3617 ribili
1208 3567 1331 3617 necatus
1346 3563 1480 3634 estapud
1494 3564 1655 3618 Brivatense
1665 3563 1937 3619 territoriumSuut

235 3651 320 3721 cujus
351 3665 420 3705 ossa
455 3650 495 3705 ad
523 3649 682 3721 Hispanias
711 3647 865 3716 translata,
891 3649 920 3702 in
950 3645 1062 3702 ultimis
1114 3647 1245 3719 reliquias
1262 3649 1290 3704 S.
1312 3648 1459 3704 Laurentii
1475 3649 1685 3721 archidiaconi,
1699 3651 1846 3723 qui,post
1861 3651 1939 3706 mul-

234 3752 340 3794 earum
354 3735 476 3803 finibus,
489 3735 627 3792 videlicet
639 3738 744 3791 conhe
758 3737 834 3790 Marc
848 3732 1059 3801 Britannicum,
1114 3739 1159 3791 tas
1180 3733 1325 3790 sectiones
1339 3733 1509 3803 verberum,
1532 3736 1627 3792 ferreo
1646 3743 1759 3794 cratere
1783 3738 1937 3808 distentus,

234 3827 428 3886 celeberrima
441 3826 631 3884 veneratione
644 3824 798 3881 excolitur.
1113 3825 1182 3894 post
1196 3821 1288 3891 longa
1306 3826 1334 3876 et
1348 3822 1504 3894 multiplici
1520 3839 1611 3896 poena
1624 3825 1773 3882 cruciatus
1787 3844 1795 3892 ς
1819 3829 1938 3901 insuper

184 3912 187 3918 '
271 3918 345 3974 Sunt
369 3915 502 3988 reliquiae
525 3913 604 3970 beati
621 3911 831 3968 bartholomaei
847 3911 1059 3983 apostoliqui,
1113 3910 1249 3982 exposita
1275 3909 1369 3966 melos
1394 3911 1563 3968 carbonum
1586 3913 1644 3970 sub
1668 3914 1755 3970 Decio
1775 3916 1934 3974 Valeriano.

233 4007 314 4082 apud
331 4008 446 4065 indiam.
462 4005 656 4075 Evangelium
665 4003 770 4061 Christi
778 4002 1060 4076 praedicans,nsqne
1112 3999 1235 4056 illustris
1250 4001 1344 4055 Roma
1358 3999 1442 4072 pium
1466 4001 1572 4058 retinet
1594 4005 1936 4078 secum.Suntreliq1nre

233 4095 274 4151 ad
290 4094 407 4152 titulum
427 4093 577 4167 passionis
594 4109 655 4148 sum
673 4091 792 4165 populis
809 4091 937 4147 scientim
957 4090 1060 4147 lumen
1113 4087 1208 4144 sancti
1223 4087 1364 4162 Stephani
1380 4105 1466 4163 papae
1480 4094 1509 4145 et
1520 4092 1673 4164 martyris,
1689 4093 1741 4166 qui
1757 4095 1867 4160 Romae,
1883 4093 1935 4148 sub

232 4181 410 4238 monstravit
420 4186 447 4238 et
461 4197 517 4253 pro
529 4180 599 4236 fidei
613 4179 778 4250 integritate
790 4177 889 4250 gladio
900 4195 995 4234 cresus
1009 4195 1059 4234 oc·
1114 4176 1272 4233 Valeriano
1285 4181 1315 4232 et
1327 4176 1459 4234 Gallieno
1472 4177 1717 4252 imperatoribus,
1730 4181 1763 4236 in
1777 4197 1833 4238 sua
1842 4181 1935 4237 decol-

232 4267 355 4336 cubnit;
371 4268 501 4341 indeque
515 4271 719 4324 Beneventum
733 4267 903 4334 translatus,
919 4268 970 4341 pia
983 4265 1056 4322 lide-
1112 4263 1190 4320 latus
1205 4268 1249 4320 est
1276 4265 1355 4320 sede.
1378 4269 1482 4322 insunt
1507 4266 1640 4340 reliquia
1660 4268 1756 4326 sancti
1780 4271 1926 4344 llyppohtr'.

231 4358 306 4416 lium
319 4355 510 4413 veneratione
518 4355 694 4413 celebratur.
709 4361 812 4412 insunt
823 4355 956 4428 reliquiae
965 4355 1059 4412 sancti
1112 4353 1175 4424 qui,
1191 4351 1329 4425 exemplo
1343 4353 1482 4425 martyris
1498 4356 1646 4413 Laurentii
1660 4357 1932 4426 extentus,fustihus

231 4447 319 4507 Marci
334 4445 534 4516 evangelista,
551 4444 603 4517 qui
624 4443 740 4516 primus
762 4443 948 4501 Alexandria
962 4445 1060 4502 cathe-
1112 4444 1141 4496 et
1154 4439 1253 4496 cerdis
1266 4440 1318 4496 diu
1332 4457 1438 4510 cessus,
1453 4441 1552 4512 ligatis
1567 4445 1696 4516 pedibus
1711 4447 1751 4503 ad
1766 4447 1839 4504 eoba
1850 4447 1935 4502 indo-

231 4539 319 4594 drem
333 4535 436 4604 tenuit,
453 4540 482 4592 et
496 4533 657 4590 Ecclesiam
668 4533 784 4604 AEgypti
799 4533 858 4588 lide
873 4533 1060 4590 etindustria
1112 4529 1254 4584 mitorum
1293 4544 1440 4602 equorum
1466 4547 1520 4604 per
1547 4533 1726 4591 carductum
1759 4542 1788 4592 et
1817 4537 1940 4592 tribulos

231 4641 287 4682 aue
310 4623 467 4691 fundavit;
495 4626 523 4679 et
546 4621 585 4677 ad
601 4621 738 4680 ultimum
766 4623 864 4674 tentus
888 4621 1057 4692 apaganis,
1112 4620 1235 4686 tractus,
1252 4632 1344 4674 romae
1357 4619 1454 4675 emisit
1474 4620 1598 4678 beatum
1620 4624 1769 4695 spiritum.
1786 4627 1861 4682 Sunt
1874 4625 1941 4680 reli-

231 4713 326 4769 miaso
341 4711 412 4768 inne
426 4711 457 4766 in
472 4710 549 4766 collo
563 4710 761 4781 ejus,martyr
773 4707 812 4764 ad
826 4706 957 4762 coelestia
967 4723 1060 4778 regna
1110 4705 1187 4780 quiae
1201 4707 1296 4764 sancti
1310 4707 1424 4780 Apulei,
1442 4709 1506 4781 qui,
1520 4710 1623 4768 relicto
1639 4712 1760 4770 Simone
1776 4717 1873 4785 Mago,
1889 4715 1943 4770 do-

229 4805 276 4858 est
290 4804 425 4870 vocatus,
442 4803 470 4856 et
482 4815 500 4858 a
514 4797 584 4854 viris
599 4797 744 4866 religiosis
766 4795 847 4869 apud
861 4795 990 4852 insulam
1005 4799 1058 4851 Ve-
1112 4795 1213 4851 ctrina
1226 4795 1354 4868 apostoli
1368 4797 1442 4853 Petri
1458 4814 1488 4854 sc
1501 4799 1632 4871 tradidit,
1648 4805 1677 4858 et
1690 4802 1851 4860 Aureliano
1869 4820 1943 4860 con-

230 4889 315 4946 netiae
331 4888 500 4961 deputatus.
519 4889 592 4943 Sunt
604 4885 736 4958 reliquiae
750 4883 979 4957 protomartyris
996 4885 1057 4939 Ste-
1112 4883 1203 4940 sulari
1222 4883 1286 4940 viro
1312 4885 1446 4957 martyrii
1470 4903 1614 4946 coronam
1641 4892 1739 4947 Romae
1765 4891 1945 4966 complevit.

229 4977 334 5052 phuni,
349 4977 401 5050 qui
416 4975 456 5032 ab
470 4974 615 5047 apostolis
629 4979 675 5030 est
688 4973 833 5030 diaconus
848 4972 1013 5038 ordinatus,
1029 4975 1058 5028 et
1110 4975 1216 5028 insunt
1229 4972 1359 5044 reliquiae
1374 4974 1467 5030 sancti
1478 4975 1586 5044 Vitatis,
1601 4977 1652 5050 qui
1667 4979 1748 5052 apud
1762 4981 1948 5038 Ravennam

229 5064 369 5124 atudaeis
389 5069 417 5120 et
432 5063 617 5136 principibus
643 5061 833 5117 sacerdotum
847 5061 877 5116 iu
894 5058 1056 5116 Jerusalem
1111 5065 1179 5133 post
1203 5061 1295 5116 nimia
1318 5067 1466 5120 tormenta
1480 5065 1637 5138 capitalem
1654 5069 1767 5142 acecpit
1787 5070 1946 5142 palmam.

228 5141 393 5229 lapidatus,
405 5157 519 5226 martyr
543 5151 723 5210 ohdormivit
745 5150 774 5206 in
792 5151 917 5206 Domino
957 5153 1058 5206 insunt
1112 5153 1185 5207 Sunt
1204 5149 1335 5223 reliquie
1351 5155 1378 5208 Β.
1394 5153 1522 5227 Agapiti,
1536 5154 1599 5228 qni,
1622 5157 1705 5229 apud
1726 5161 1766 5214 Pa:
1790 5161 1948 5218 :astinem

228 5244 360 5318 reliquiae
386 5242 481 5299 sancti
498 5239 601 5310 ignatii
623 5239 812 5299 Antiochense
837 5238 972 5294 Ecclesia
995 5237 1056 5309 epi·
1109 5239 1259 5296 civitatem
1275 5240 1375 5308 gladio
1389 5258 1486 5298 ezesns
1501 5250 1553 5300 est.
1572 5245 1675 5302 lnsnrrt
1688 5246 1820 5320 reliquiae
1843 5252 1948 5306 sancti

228 5333 322 5406 scopi,
345 5331 396 5404 qui
411 5335 480 5406 post
494 5333 612 5384 Petrum
627 5327 798 5399 apostolum
813 5326 948 5396 ejusdcm
964 5325 1057 5382 Eccle-
1108 5328 1251 5396 Mercurii,
1265 5331 1316 5403 qul
1331 5330 1360 5384 in
1376 5332 1479 5388 castris
1493 5333 1688 5390 saecularibus
1703 5335 1947 5406 militans,verns

229 5421 279 5478 sia
294 5415 1057 5489 tertins‚commoventeTrajanoimperatore,rlam·
1108 5420 1137 5473 et
1159 5417 1320 5489 spiritualis
1342 5418 1437 5486 miles,
1454 5419 1484 5476 iu
1513 5425 1608 5478 morte
1636 5421 1743 5480 tuliani
1766 5425 1950 5500 impiissimi

229 5515 316 5566 natus
338 5511 435 5568 estah
457 5509 579 5574 bestias,
603 5505 702 5564 etsub
724 5504 830 5561 eodem
855 5503 1056 5578 priucipcper
1107 5507 1241 5579 Augusti,
1282 5507 1528 5580 praeclarissimus
1569 5511 1677 5580 exstitit
1716 5523 1948 5589 propugnator.

227 5595 324 5656 nna
337 5601 556 5662 wmtnwrnm
566 5607 677 5667 genem
691 5592 935 5667 passusyiaoetin
949 5593 1056 5655 cadon
1109 5598 1142 5650 ut
1168 5595 1274 5668 legitur
1297 5595 1327 5652 in
1355 5597 1446 5660 Gestis
1470 5598 1568 5674 Basilii
1582 5601 1740 5685 eepiceopi.
1771 5595 1846 5664 Sunt
1878 5605 1949 5660 reli-
