3998 6182
160 173 216 228 νῦν
627 152 629 156 ’
976 167 1065 222 Vlla·
1820 181 1875 236 stc

160 291 192 348 iu
205 289 355 364 aliquibus
368 305 439 348 vero
452 293 512 348 tote
524 291 564 347 ad
574 291 743 349 dominium
755 289 923 366 perveniret
933 289 989 346 fra-
1006 294 1030 347 a
1046 289 1095 346 liei
1110 290 1241 348 famulus
1252 291 1449 350 leodebobus
1461 293 1543 352 abba
1554 297 1671 370 exstat,
1686 299 1802 358 babens
1816 303 1873 360 sub

160 385 250 438 hum.
266 379 323 446 Qui
337 378 473 436 videficet
488 395 560 436 usus
575 380 878 438 hactenuseerratur.
894 379 992 444 ercd·
1045 395 1075 434 sc
1098 379 1295 438 Fulcbcldum
1322 381 1456 439 nobilem
1470 383 1578 441 virum.
1594 387 1736 451 Quartam
1751 403 1873 461 quoque

159 485 219 542 que
246 467 344 539 magis
367 484 437 524 eum
459 467 579 530 divitem
604 469 695 526 fuisse
713 469 855 536 declarat,
872 472 992 524 nonest
1045 473 1158 540 partem
1184 470 1221 526 de
1243 471 1395 528 suncanto
1416 475 1508 556 atque
1522 473 1622 530 villam
1636 477 1874 534 warentiariasa

157 556 370 626 omittendum,
387 555 495 612 emisse
520 557 657 614 videlicet
677 558 762 614 illum
785 557 991 614 haereditatem
1044 558 1185 614 llacbilde
1199 558 1311 616 femina
1327 575 1375 616 occ
1391 560 1527 633 probatis
1543 564 1608 618 auri
1625 563 1738 634 solidis,
1753 565 1874 622 ltosdcn

160 646 463 718 Thomas,cujusdam
476 647 615 704 parisiaci
630 648 712 717 civis,
725 647 817 704 ebusi
830 648 897 704 auri
911 646 991 703 mille
1044 645 1084 701 ab
1102 647 1282 706 Auderanno
1307 665 1339 705 cc
1361 649 1501 721 ejusdem
1528 651 1641 708 mctalli
1668 652 1741 710 emit
1763 653 1873 710 solidis.

160 739 192 792 st
206 734 351 792 sexcentis
365 733 479 792 solidis.
495 737 628 792 Testatur
641 735 700 792 hoc
713 737 818 792 charta
833 734 991 792 memorati
1046 737 1112 808 lpse
1133 752 1203 792 vero
1227 753 1323 810 usque
1347 738 1387 794 ad
1410 743 1552 798 octavum
1581 741 1735 798 decimum
1760 758 1876 801 aunum

162 824 324 884 nudans
338 823 378 882 ad
391 823 492 896 ipsum
506 823 654 880 domnum
673 823 887 880 leodebodum
901 823 990 892 facta,
1044 825 1202 882 memorati
1225 826 1302 896 regis
1330 827 1468 885 Clodovei
1484 829 1663 903 perdurans,
1679 832 1877 904 postmodum

161 912 194 970 iu
214 913 324 972 noshis
346 912 477 972 archivis
497 913 661 983 recondita,
676 913 744 970 licet
757 917 902 970 vetustate
921 928 991 969 con·
1044 912 1205 970 laudabilis
1225 914 1292 970 titre
1318 931 1440 973 cursum
1463 923 1567 976 sancto
1581 919 1640 976 tine
1654 919 1810 978 conclusit,
1826 924 1877 978 Re-

162 1007 293 1075 sumpts.
308 1003 402 1074 cujus
417 1002 598 1060 haereditatis
612 1003 644 1080 in
659 1002 806 1059 territorio
816 1003 990 1060 Aureliano·
1045 1003 1201 1075 pariuntur
1215 1008 1316 1060 cutem
1332 1004 1372 1060 ab
1388 1009 1592 1065 incarnatione
1604 1009 1722 1068 homini
1734 1026 1798 1066 non
1811 1011 1875 1083 plu-

161 1107 230 1150 rum
250 1090 311 1148 sita
326 1091 428 1150 media
442 1107 512 1166 pars
534 1091 573 1148 ab
589 1107 624 1147 eo
638 1091 709 1148 huic
724 1107 810 1148 sacro
825 1091 932 1148 collata
947 1094 992 1146 est
1044 1107 1093 1148 res
1118 1108 1212 1165 quam
1236 1097 1289 1148 titi
1313 1095 1489 1166 praeteriisse
1514 1098 1597 1169 anni,
1611 1098 1707 1156 donec
1722 1115 1740 1156 a
1761 1100 1876 1157 domuc

161 1181 238 1254 mco,
254 1181 313 1243 alta
335 1182 493 1240 medietate
505 1182 688 1241 monasterio
701 1185 812 1240 sanctae
832 1181 926 1239 flariae
948 1195 992 1237 re
1045 1182 1225 1238 leodebodo
1238 1181 1351 1240 fabrica
1366 1185 1457 1256 hujus
1472 1187 1549 1242 sacri
1563 1192 1661 1260 crepta
1674 1193 1721 1244 est
1734 1190 1873 1262 coenobii,

160 1276 312 1342 manente,
320 1272 404 1346 quod
414 1271 539 1346 quidam
550 1274 732 1340 ioannes,ut
744 1287 837 1344 upra
847 1271 992 1344 scrIptum
1046 1271 1206 1328 auxiliante
1230 1272 1357 1329 Domino
1382 1278 1485 1331 nostro
1505 1277 1577 1330 lesu
1592 1276 1715 1339 Christo.
1732 1278 1784 1350 qui
1807 1279 1877 1336 vivit

162 1367 215 1432 est,
237 1378 257 1419 a
279 1361 485 1420 fundamentis
511 1367 727 1434 construxerat,
744 1362 893 1436 cujusque
913 1360 991 1418 idem
1046 1365 1075 1418 et
1088 1366 1203 1431 regnat.

162 1487 298 1557 Explicit
314 1493 521 1544 testamentum
546 1487 711 1545 Lccdebccli
721 1486 836 1542 ablotis
850 1487 1028 1542 monasterti
1037 1488 1137 1542 cuncti
1147 1487 1271 1555 Arriani,
1283 1489 1364 1558 quod
1376 1489 1494 1560 sactum
1516 1494 1559 1546 ert
1577 1489 1632 1546 auh
1649 1491 1795 1550 clodoveo
1811 1507 1878 1566 rece

711 1559 899 1615 Francorum
913 1557 1163 1686 fiIIZtP‘Ilq'gIIm
1175 1559 1318 1615 Seoicrcb.

193 1941 469 2062 lnairlr
499 1940 821 2063 EPITOMA
863 1941 1052 2060 rITAE
1084 1940 1297 2063 REGIS
1328 1940 1693 2064 ROTBERTI
1726 1947 1846 2066 PII.

828 2145 1216 2364 PRIR-fflIO.

197 2428 329 2486 celestis
351 2429 469 2501 imperii
484 2428 626 2499 dignitas,
643 2428 690 2484 cui
706 2429 829 2500 spiritus
845 2429 992 2501 superbire
1012 2430 1035 2483 B
1049 2429 1113 2485 suis
1123 2428 1212 2485 rebus
1223 2427 1352 2501 propriis
1363 2431 1468 2484 sancto
1480 2429 1566 2485 Petro
1573 2429 1880 2498 aurelianensidom·

163 2517 287 2591 {equalis
301 2518 393 2574 voluit
418 2534 487 2574 esse
511 2522 652 2590 potestas,
669 2517 800 2588 ologitin
815 2519 873 2574 hoc
887 2519 994 2574 secrato
1047 2535 1094 2574 naa
1108 2516 1204 2576 llarire
1214 2521 1243 2573 ct
1252 2520 1356 2574 sancio
1366 2515 1784 2586 Pctrcllloriaceusiccntulii3
1798 2536 1878 2576 nunc

162 2607 322 2681 prInpres,
338 2607 391 2680 qui
405 2611 542 2677 regerent
567 2607 658 2678 hujus
683 2607 784 2662 saeculi
809 2611 925 2680 sceptra
942 2623 995 2680 po
1048 2607 1117 2662 huic
1142 2606 1253 2679 scrtpto
1278 2605 1388 2662 addere
1412 2605 1585 2661 cmavimus
1608 2607 1702 2680 quod,
1722 2608 1752 2664 iu
1773 2623 1880 2665 omnes

165 2701 267 2754 untes.
284 2700 318 2754 Et
332 2697 407 2753 sicut
429 2700 533 2753 sancte
545 2695 684 2764 Ecclesia,
696 2712 764 2769 quta
776 2699 821 2753 est
835 2701 930 2754 mater
942 2713 995 2753 no·
1049 2699 1141 2752 terras
1157 2711 1250 2751 sonus
1265 2695 1366 2752 exiens
1382 2695 1500 2768 pietatis
1524 2701 1552 2754 et
1574 2697 1715 2754 bonitatis
1739 2697 1879 2766 lietberti,

164 2791 234 2853 stra,
246 2785 378 2843 obtinuii
392 2785 448 2842 sibi
460 2785 500 2842 cd
514 2785 681 2855 regendum
694 2785 843 2858 populum
856 2787 906 2842 liei
921 2801 994 2859 pou·
1049 2784 1219 2841 suavissimi
1232 2789 1260 2842 et
1274 2784 1403 2859 piissimi
1417 2785 1496 2856 regis
1511 2789 1704 2856 Francorum,
1717 2786 1769 2844 filii
1783 2787 1882 2857 liugo-

165 2876 269 2944 tificcs,
285 2874 411 2932 abbates
423 2879 452 2931 ct
466 2879 589 2930 caeteros
610 2874 687 2931 sacri
702 2875 815 2930 ordinis
831 2875 993 2942 ministros,
1048 2875 1095 2931 nis
1108 2875 1195 2946 regis,
1211 2876 1293 2932 bunc
1307 2879 1456 2946 sanctum,
1471 2876 1503 2933 in
1517 2881 1666 2950 quantum
1680 2877 1786 2950 potuit,
1795 2891 1880 2935 exor—

164 2965 205 3022 ita
226 2969 256 3022 et
278 2965 308 3020 in
333 2965 390 3020 hoc
415 2964 530 3021 mundo
544 2963 632 3034 elegit
645 2964 850 3037 imperatores,
866 2981 952 3035 reges
966 2969 995 3024 et
1049 2964 1140 3032 navit,
1157 2963 1259 3022 dilexit
1281 2968 1310 3021 et
1332 2965 1469 3022 excoluit.
1494 2967 1558 3033 Quo
1577 2965 1770 3034 concedente,
1786 2966 1879 3023 utam

164 3055 315 3129 principes
329 3073 346 3108 s
359 3053 399 3110 ad
409 3053 574 3110 vindictam
588 3052 815 3110 malefactorum
830 3076 843 3104 u
857 3059 885 3110 et
897 3055 937 3110 ad
951 3071 995 3110 re·
1049 3053 1140 3124 hujus
1164 3053 1402 3110 excellentissimi
1426 3055 1504 3124 regis
1527 3056 1638 3113 adoriri
1651 3056 1790 3129 cupimus
1805 3071 1879 3129 prar-

165 3143 356 3217 primendam
375 3144 555 3216 proterviam
576 3144 759 3216 iniquorum,
777 3144 991 3200 utlaudcretur
1051 3141 1184 3197 sentibus
1197 3147 1225 3198 ct
1237 3142 1538 3200 icturisimitabilsm.
1554 3148 1629 3200 Nam
1641 3145 1689 3201 bie
1703 3144 1880 3214 languentes

165 3233 285 3291 hensio
298 3233 407 3290 secuta
421 3235 610 3290 sreculcrum.
622 3236 654 3288 Et
664 3232 735 3306 quia
749 3249 768 3289 a
782 3233 916 3306 patribus
929 3249 993 3290 mo·
1050 3231 1159 3288 anime
1181 3231 1361 3305 perspicient
1384 3232 1458 3306 quid
1484 3233 1647 3300 obediatis,
1662 3232 1837 3289 humilitatis
1851 3236 1882 3290 et

165 3323 287 3381 casterii
304 3323 410 3379 domui
424 3323 533 3381 Auiani
554 3339 653 3380 sermo
675 3323 804 3397 sumpsit
826 3323 994 3392 exordium,
1049 3320 1261 3378 misericordia
1274 3320 1393 3378 valeant
1405 3337 1507 3394 opera,
1522 3321 1586 3378 sine
1600 3321 1711 3394 quibus
1726 3320 1829 3378 nullus
1841 3320 1882 3377 ad

165 3412 369 3470 necessarium
384 3416 428 3468 est
442 3418 470 3470 ct
484 3413 554 3470 utile
568 3417 602 3470 ut
618 3429 697 3469 unus
712 3414 811 3470 adbuc
826 3413 996 3486 praecipuus
1049 3425 1143 3481 regna
1156 3410 1264 3484 poterit
1276 3411 1431 3484 pervenire
1443 3410 1585 3468 ccelesiis.
1597 3411 1630 3466 ln
1642 3409 1755 3485 qulbus
1769 3409 1810 3466 fta
1821 3409 1883 3466 eui-

165 3506 250 3576 patcr
263 3507 401 3558 sumatur
413 3517 469 3575 pro
481 3501 633 3574 omnibus,
646 3507 678 3558 ut
692 3501 804 3558 babeat
817 3501 855 3558 de
870 3519 907 3558 eo
919 3502 997 3559 leva·
1051 3501 1114 3569 tuit,
1130 3503 1163 3556 ut
1184 3503 1252 3573 post
1275 3499 1500 3557 sanctissimum
1524 3515 1627 3571 regem
1641 3500 1882 3574 prophetamque

165 3609 236 3650 men
267 3592 366 3650 omnis
393 3593 539 3663 mundus,
565 3593 638 3666 quia
662 3609 733 3650 eum
759 3593 875 3652 bonum
909 3593 997 3664 elegit
1050 3588 1144 3645 David
1158 3587 1258 3644 nullus
1273 3587 1695 3663 cirequaretur,prsecipucin
1709 3591 1815 3646 sancta
1829 3589 1883 3644 hu·

166 3681 273 3740 Christi
287 3681 508 3755 DchnIpietas
520 3686 549 3738 et
561 3705 575 3732 κ
587 3683 739 3738 constituit
751 3699 840 3756 super
849 3683 996 3742 familiam
1050 3677 1184 3750 militate,
1196 3694 1264 3750 quae
1280 3693 1398 3752 semper
1414 3681 1473 3736 lieo
1487 3678 1626 3752 proxIma
1639 3682 1789 3736 amatores
1812 3692 1883 3734 suos

168 3789 281 3830 suam»
305 3771 408 3828 diuina
432 3773 585 3845 majestas.
608 3772 653 3827 Ad
668 3771 742 3845 quid
763 3772 819 3828 ista
840 3772 996 3845 protuleri-
1017 3784 1176 3856 cccrpore
1198 3767 1287 3824 simul
1307 3771 1367 3824 lieo
1382 3768 1538 3840 conjungit
1552 3773 1581 3824 et
1596 3768 1709 3840 spiritu.
1731 3767 1816 3824 initio
1828 3782 1883 3822 au·

167 3878 246 3932 mus,
261 3862 409 3918 dIcamus.
1049 3861 1110 3913 tem
1124 3856 1330 3930 descriptionis
1341 3871 1465 3913 omnem
1475 3855 1576 3910 vultus
1586 3855 1665 3910 illius
1674 3854 1884 3909 habitudinem

202 3950 424 4024 Omnipoteutia
438 3949 527 4021 igitur
540 3947 753 4021 omquotentis
770 3949 821 4005 liei
834 3949 953 4007 volente
969 3953 998 4005 ct
1051 3945 1222 4018 corporisve
1250 3945 1442 4015 elegantiam,
1469 3947 1559 4015 prout
1582 3943 1641 4014 ipsi
1664 3940 1883 4014 perspeximus,

164 4041 255 4099 beato
270 4041 388 4098 aniano
400 4039 573 4109 auxiliante,
588 4039 767 4096 memoriam
787 4039 892 4095 domni
907 4043 935 4095 et
946 4055 997 4094 ve·
1051 4035 1259 4110 propalamus,
1274 4034 1323 4105 adj
1329 4038 1438 4090 uvanto
1455 4033 1581 4089 Domino
1602 4035 1705 4088 nostro
1719 4032 1788 4086 iesu
1802 4030 1885 4088 Chri·

164 4131 294 4189 necandi
312 4129 482 4188 leodebodi
506 4129 624 4186 abbatis
648 4128 820 4186 monasterii
846 4128 999 4201 sepedicti
1052 4127 1108 4193 sto,
1122 4123 1185 4196 qul,
1199 4123 1251 4178 ubi
1266 4123 1339 4193 vult,
1355 4125 1384 4178 et
1398 4120 1553 4195 quomodo
1578 4123 1607 4178 et
1630 4121 1678 4178 cui
1692 4119 1766 4194 vult,
1782 4119 1886 4180 inoliia

164 4221 262 4278 sancti
276 4220 383 4278 Antaui
401 4219 527 4276 fecimus
551 4235 605 4292 per
628 4220 851 4289 testamentum,
865 4217 949 4291 quod
961 4217 999 4274 de
1053 4214 1186 4271 bonilatc
1202 4211 1325 4285 aspIrat.

874 4358 999 4400 EXPLICIT
1018 4354 1172 4398 PRAEFATIO.

769 4517 1053 4634 INCIPIT
1107 4513 1301 4628 VITA.

206 4714 238 4770 ln
254 4715 467 4788 temporc,quo
479 4710 608 4788 respexit
619 4713 696 4766 heus
712 4724 802 4781 super
815 4707 891 4764 filios
905 4706 1000 4766 homi·
1018 4707 1041 4761 D
1056 4704 1222 4768 admodum
1237 4704 1331 4780 plana
1344 4707 1373 4760 et
1385 4702 1462 4758 bene
1474 4700 1577 4771 ducta,
1592 4696 1671 4754 oculi
1683 4694 1821 4763 humiles,
1836 4710 1889 4754 na·

167 4819 255 4869 rrum,
270 4807 304 4859 ut
316 4800 440 4873 videret,
455 4800 479 4857 si
494 4804 572 4858 esset
592 4799 759 4870 intelligens
780 4802 831 4856 aul
845 4797 1000 4872 requirens
1054 4811 1101 4852 res
1114 4799 1258 4870 porrectae
1274 4791 1436 4868 etpumia,
1452 4806 1487 4846 os
1503 4803 1596 4844 suave
1610 4789 1639 4842 et
1653 4784 1741 4842 dulce
1756 4782 1796 4839 ad
1811 4782 1887 4840 dan-

168 4896 276 4964 Deum,
289 4891 345 4950 fuit
360 4907 412 4948 rex
428 4893 610 4948 Francorum
625 4889 794 4960 lietbertus,
811 4887 925 4959 origine
944 4903 999 4946 na·
1054 4886 1129 4943 dum
1144 4889 1252 4942 sauctae
1267 4881 1351 4956 pacis
1370 4879 1520 4947 osculum,
1537 4876 1633 4933 barba
1657 4873 1728 4930 satis
1749 4872 1885 4942 honesta,

168 4985 219 5039 tus
233 4979 518 5054 nobilissima,patrc
531 4979 637 5037 illustri
651 4979 786 5048 lingone,
798 4981 894 5036 matre
906 4976 1001 5034 Adhe-
1054 4974 1172 5036 humeri
1186 4973 1276 5043 hujus
1291 4971 1321 5027 in
1337 4968 1431 5026 altum
1446 4966 1583 5042 porrecti.
1599 4967 1716 5021 Corona
1730 4961 1821 5046 capiti
1834 4961 1889 5017 im·

168 5069 248 5128 laide
263 5068 402 5137 vocItata,
418 5085 484 5142 quas
499 5068 576 5126 adeo
603 5068 681 5126 benc
706 5066 830 5124 laudata
854 5065 928 5124 tanti
949 5064 1002 5124 filii
1055 5065 1152 5138 positu
1166 5060 1346 5118 decernebat
1355 5075 1424 5115 eum
1438 5055 1503 5114 aris
1517 5059 1546 5112 ci
1560 5051 1653 5112 atavis
1667 5049 1757 5126 stirpe
1768 5066 1888 5125 proces-

170 5158 255 5230 digni
270 5158 377 5216 exstitit
391 5157 597 5232 praerogatiua.
615 5157 685 5227 Ejus
707 5155 818 5229 iuclyta
832 5154 1000 5228 progenies,
1056 5154 1130 5209 cisse
1141 5151 1233 5222 regia.
1248 5149 1359 5207 Sedens
1374 5162 1453 5219 equo
1464 5145 1556 5215 regio,
1568 5141 1703 5200 mirabile
1713 5141 1889 5216 dictu,pene

171 5249 258 5308 sicuti
270 5249 334 5322 ipse
350 5249 412 5306 suis
426 5247 536 5306 sanctis
548 5250 577 5303 et
588 5243 763 5302 humillimis
774 5244 927 5301 asserebat
939 5259 1003 5300 ver·
1053 5238 1201 5312 jugebcut
1212 5235 1326 5311 pedum
1339 5233 1422 5302 digiti
1436 5232 1588 5304 calcaneo,
1601 5232 1695 5288 ethoc
1708 5231 1771 5287 crat
1785 5227 1889 5286 vicien-

169 5338 229 5409 bis,
245 5339 285 5398 ab
300 5337 438 5396 Ausoniae
453 5335 589 5412 partibus
613 5332 818 5390 descenderat.
839 5333 940 5390 Probis
954 5331 1003 5388 hic
1055 5327 1136 5384 tibus
1150 5326 1181 5384 in
1196 5325 1306 5382 saccio
1320 5339 1376 5398 pro
1391 5322 1545 5380 miraculo
1563 5325 1630 5380 Erat
1654 5321 1684 5377 iu
1706 5337 1742 5377 eo
1763 5319 1846 5391 jugis
1861 5320 1891 5374 et

172 5428 290 5488 actibus
311 5427 478 5492 decoratae,
503 5423 654 5481 crescebat
676 5421 809 5495 quotidie
829 5422 1002 5478 meritorum
1058 5416 1197 5490 frequens
1213 5413 1253 5471 ad
1271 5416 1364 5470 Deum
1377 5412 1482 5478 oratic,
1498 5427 1631 5484 genuum
1647 5410 1736 5468 flexio
1751 5409 1890 5464 innume·

171 5517 286 5576 lumine
301 5516 426 5592 quierat
438 5513 596 5587 insignitus
611 5511 700 5568 tullus
712 5507 841 5568 scientiae
851 5509 1005 5583 perlectio-
1058 5505 1159 5564 rabilis
1174 5509 1237 5562 erat
1250 5519 1305 5576 pro
1318 5505 1409 5572 certo,
1423 5505 1461 5570 et,
1479 5505 1510 5558 ut
1520 5500 1618 5558 verbis
1630 5497 1739 5556 Aurelii
1753 5494 1892 5554 Victorini

173 5623 222 5666 nc.
237 5607 330 5680 llujus
339 5606 429 5683 igitur
441 5608 555 5664 statura
566 5599 699 5676 corporis
709 5599 854 5670 amfusus,
866 5601 1002 5658 cesaries
1057 5598 1175 5672 loquar,
1192 5595 1232 5654 ad
1244 5593 1385 5652 humanae
1396 5589 1635 5653 conversationis
1649 5587 1892 5662 exemplum,par
