4002 6174
878 129 1043 190 amnonis
1061 126 1213 186 nauum.
1561 203 1563 208 ,

197 251 1894 296 Μ

624 471 973 596 EPISTULA
1031 463 1386 590 GUlDONlS
1414 463 1472 535 (δ’)

868 735 1034 795 alcusam
1055 732 1223 790 doulcao

761 949 833 1036 DE
891 943 1092 1034 IGNOTO
1146 938 1336 1029 CANTU.

230 1388 402 1451 Beatissimo
414 1389 503 1458 atquc
518 1375 691 1438 dulcissimo
711 1371 794 1430 fratri
807 1366 939 1429 ldicbaeli
954 1364 1020 1422 Gui·
1038 1361 1146 1421 Anibil
1165 1359 1369 1422 habebimus?
1394 1358 1482 1416 absit.
1509 1362 1584 1416 Nam
1599 1361 1627 1414 ct
1641 1355 1809 1431 Apostolus,
1830 1371 1896 1413 cum

194 1485 244 1550 do,
260 1497 315 1556 per
335 1477 486 1536 anfractus
500 1470 612 1528 multos
626 1467 758 1537 dejectus
779 1464 808 1517 ct
832 1461 946 1530 auctus.
964 1459 1021 1512 aut
1074 1449 1169 1524 gratia
1192 1450 1243 1508 liei
1264 1450 1302 1507 sit
1314 1449 1355 1518 id,
1371 1447 1454 1524 quod
1469 1446 1514 1516 sit,
1531 1449 1632 1504 cantat
1645 1451 1764 1503 tamem
1782 1446 1897 1502 Bonam

194 1575 270 1632 dura
285 1573 356 1627 sunt
367 1563 572 1636 tempora,aut
581 1556 690 1613 divina
700 1545 903 1624 dispositionis
913 1545 1021 1602 obscu·
1073 1548 1223 1600 certamen
1237 1542 1360 1606 certavi,
1375 1553 1497 1597 cursam
1512 1537 1725 1606 consummavi,
1739 1535 1828 1605 fidem
1844 1550 1899 1592 ser-

193 1680 228 1720 ra
242 1656 423 1720 discrimina,
439 1651 514 1708 dum
526 1652 555 1705 et
567 1647 720 1703 veritatem
737 1636 864 1705 fallacia,
880 1639 909 1691 et
922 1632 1019 1690 chari·
1074 1631 1144 1690 vavi
1151 1643 1163 1701 ;
1177 1631 1337 1702 teretique
1352 1628 1483 1699 reposita
1496 1632 1539 1684 est
1553 1627 1628 1684 miti
1641 1640 1753 1683 emona
1760 1626 1896 1696 jnstits'ae.

194 1755 285 1810 tatem
298 1761 378 1819 saepe
401 1738 555 1798 conculcet
572 1731 696 1800 invidia,
710 1744 779 1802 quae
798 1723 892 1782 nostri
907 1721 1021 1780 ordinis
1110 1718 1211 1778 Securi
1225 1734 1296 1790 crgo
1310 1717 1349 1774 de
1362 1734 1415 1791 spe
1426 1715 1629 1773 retributionis
1643 1713 1819 1771 insistamus
1833 1727 1900 1786 ope-

193 1838 243 1895 vix
264 1831 372 1892 deserit
398 1826 578 1890 societatem,
594 1833 657 1892 quo
675 1813 896 1872 Philistinorum
915 1807 1020 1865 concio
1073 1809 1099 1866 ri
1111 1811 1201 1866 tanta
1214 1807 1361 1874 utilitatis;
1377 1811 1407 1863 et
1417 1806 1490 1880 quia
1499 1808 1570 1878 post
1584 1803 1694 1861 midias
1708 1806 1898 1876 tempestates

195 1922 385 1983 israeliticam
412 1913 516 1990 puniat
547 1908 735 1984 pravitatem,
758 1919 796 1960 nc
824 1901 849 1958 si
875 1915 945 1957 mox
966 1897 1021 1952 flat
1073 1897 1161 1955 rediit
1183 1896 1236 1952 diu
1259 1899 1362 1970 optata
1383 1893 1535 1964 serenitas,
1551 1893 1757 1965 navigandum
1771 1896 1816 1949 est
1842 1890 1898 1949 1011.

112 2029 114 2034 ·
194 2009 352 2087 quidquid,
368 2010 401 2062 ut
411 2002 562 2068 volumus,
577 1997 653 2056 adeo
666 1995 699 2051 iu
719 2008 750 2049 se
772 1987 927 2048 confidens
940 1985 1019 2060 peri·
1073 1987 1153 2045 citer,

194 2109 279 2160 turus
293 2096 412 2156 decidat
425 2091 554 2150 animus.
568 2091 648 2144 lunc
662 2083 743 2141 enim
766 2084 810 2138 est
823 2094 892 2136 vere
903 2077 1019 2133 bonum
1110 2074 1167 2133 Sed
1189 2074 1261 2148 quia
1280 2072 1389 2130 diffidit
1409 2077 1460 2129 tua
1474 2072 1512 2130 de
1525 2071 1659 2129 libertate
1678 2071 1847 2146 captivitas,
1861 2069 1900 2127 rei

193 2191 225 2249 id
239 2188 322 2264 quod
338 2183 476 2249 facimus,
493 2194 562 2235 cnm
576 2177 680 2232 nostro
693 2169 798 2228 factori
819 2164 1019 2224 adscribimus
1073 2163 1210 2221 ordinem
1232 2161 1377 2236 pandam.
1403 2163 1534 2220 Summa
1565 2160 1645 2218 sedis
1667 2159 1840 2234 apostolicae
1859 2161 1902 2215 lo

194 2296 284 2340 omne
296 2275 379 2352 quod
392 2284 567 2349 possumus·
1073 2253 1199 2318 baanes,
1215 2249 1267 2324 qui
1281 2248 1374 2306 modo
1387 2252 1554 2307 Romanam
1568 2250 1717 2321 gubernat
1729 2247 1901 2317 Ecclesiam,

229 2367 300 2428 lnde
312 2369 367 2438 est,
379 2359 464 2437 quod
478 2355 622 2415 merides
644 2349 766 2425 prolixis
789 2345 902 2404 finibus
917 2341 1019 2400 exula-
1074 2339 1200 2398 audiens
1226 2339 1340 2397 famam
1363 2343 1473 2395 nostra
1497 2337 1617 2410 scholas,
1631 2343 1661 2395 et
1681 2337 1837 2412 quomodo
1851 2350 1902 2409 per

194 2466 269 2528 tum,
285 2473 320 2515 ac
334 2453 474 2527 teipsum,
488 2464 526 2504 ne
539 2445 586 2502 vel
599 2441 747 2516 respirare
765 2437 889 2512 quidem
910 2432 1018 2507 possis,
1073 2433 1178 2487 nostra
1192 2428 1403 2503 antiphonaria
1420 2426 1571 2485 inauditos
1585 2427 1671 2501 pueri
1686 2427 1903 2499 cognoscerent

193 2549 363 2609 invidorum
375 2539 490 2615 laqueis
500 2535 690 2593 suffocatum.
703 2529 843 2596 Quainre
853 2523 1019 2581 simillimos
1074 2523 1191 2591 cantus,
1205 2517 1293 2575 valde
1308 2517 1442 2586 miratus,
1459 2516 1553 2574 tribus
1569 2515 1680 2574 nuntiis
1695 2532 1745 2572 me
1759 2515 1799 2573 ad
1814 2531 1847 2572 se
1863 2513 1904 2570 in·

193 2657 250 2700 nos
271 2635 393 2696 cuidam
406 2631 473 2688 dico
484 2624 600 2698 artifici,
615 2622 667 2698 qui
681 2638 751 2678 cum
765 2620 898 2689 Augusto
914 2612 1021 2673 Caesari
1074 2608 1184 2666 vitavit.
1194 2607 1259 2664 Adii
1271 2605 1361 2679 igitur
1371 2609 1497 2663 Romam
1512 2622 1583 2663 cum
1597 2605 1711 2663 domno
1722 2603 1903 2672 Grunvaldo,

193 2721 462 2801 incomparabilem
477 2721 506 2774 ct
518 2714 632 2773 cunctis
645 2709 814 2769 inauditum
829 2703 947 2762 saeculis
961 2703 1022 2760 the·
1039 2695 1314 2772 gravercntissimo
1339 2693 1458 2764 abbate,
1479 2699 1508 2752 ct
1531 2694 1645 2752 domno
1670 2697 1754 2751 Petro
1777 2693 1904 2750 arctina

196 2832 332 2886 saurum,
357 2807 487 2868 flexibile
505 2802 642 2862 videlicet
664 2799 784 2866 vitrum,
807 2794 934 2861 offerret,
950 2791 1023 2865 quia
1076 2785 1207 2843 ecclesia
1229 2782 1446 2842 canonicorum
1470 2784 1641 2858 praeposito,
1655 2783 1720 2840 viro
1734 2798 1790 2856 pro
1810 2779 1906 2840 nostri

194 2905 309 2982 aliquid
322 2916 413 2976 super
435 2910 541 2954 omncs
559 2890 698 2949 homines
712 2885 816 2962 potuit,
830 2884 958 2956 ideoque
973 2879 1023 2938 ali-
1076 2873 1218 2948 tcmporis
1243 2873 1387 2948 quatitate
1415 2872 1622 2929 scientissimo.
1647 2872 1771 2930 llultum
1803 2871 1906 2944 itaque

194 2995 269 3072 quid
283 3007 373 3067 super
384 3001 490 3045 omncs
509 2978 673 3058 promereri
693 2973 873 3040 accredidit,
888 2971 1023 3046 pessima
1075 2965 1209 3040 pontifex
1231 2981 1300 3022 meo
1315 2963 1479 3036 gratulatus
1493 2967 1537 3019 ast
1551 2962 1692 3032 adventu,
1707 2961 1803 3018 multa
1815 2961 1908 3018 collo·

196 3089 273 3143 sorte
290 3083 394 3156 jussus
408 3079 453 3133 est
465 3071 578 3140 occidi;
604 3085 642 3126 ne
662 3066 698 3136 si,
712 3070 744 3123 ut
766 3067 810 3122 est
831 3060 967 3119 mirabile
981 3058 1023 3116 vi·
1076 3071 1174 3129 quens
1196 3059 1225 3112 at
1245 3054 1365 3112 diversa
1388 3051 1579 3127 perquirens:
1601 3055 1799 3123 nostrumque
1822 3050 1910 3106 velut

193 3180 285 3246 bum,
300 3171 402 3247 posset
420 3167 499 3224 esset
513 3158 661 3230 durabile,
675 3156 776 3228 regius
798 3151 882 3210 omni
902 3150 1022 3207 thesau-
1076 3141 1233 3219 quoddam
1247 3141 1420 3216 prodigium
1446 3157 1524 3216 sape
1547 3139 1703 3197 revolvens
1724 3137 1912 3211 antiphona-

193 3281 254 3333 rus,
271 3262 323 3338 qui
337 3260 375 3318 de
396 3253 521 3315 diversis
535 3255 599 3309 crat
618 3245 755 3317 metallis,
770 3244 854 3301 ficret
871 3238 1021 3312 extemplo
1075 3233 1164 3303 rium,
1176 3231 1375 3306 praefixasque
1385 3230 1543 3288 ruminans
1551 3227 1680 3302 regulas,
1689 3241 1751 3284 non
1760 3225 1846 3301 prius
1858 3226 1911 3283 de-

192 3353 322 3414 vitabitis
345 3350 413 3424 (32).
438 3346 544 3419 sicque
567 3357 604 3398 cx
626 3339 677 3397 illo
703 3341 837 3408 tempore
862 3327 1023 3388 maledieta
1076 3321 1156 3389 stitit,
1169 3327 1221 3378 aut
1233 3321 1270 3377 de
1282 3321 1359 3389 loco,
1375 3321 1407 3376 in
1420 3337 1482 3394 quo
1497 3319 1630 3388 sedebat,
1642 3316 1797 3388 abscessit,
1808 3316 1910 3373 donec

193 3459 313 3517 semper
323 3438 446 3504 invidia,
458 3435 534 3490 sicut
544 3428 702 3504 quondam
718 3421 908 3496 paradisum,
921 3421 950 3473 et
963 3417 1021 3473 boc
1075 3427 1172 3468 unum
1185 3409 1368 3468 versiculum
1382 3409 1554 3467 inauditum
1577 3407 1623 3463 sui
1633 3406 1694 3463 voti
1707 3421 1836 3479 compos
1849 3405 1909 3464 edi-

193 3547 315 3608 quoque
323 3524 500 3585 mortalibus
511 3516 633 3577 abstulit
643 3510 849 3573 commodum.
862 3511 936 3565 Nam
949 3505 1021 3580 quia
1076 3504 1177 3568 sceret,
1191 3504 1224 3555 ut
1238 3499 1321 3572 quod
1335 3498 1386 3554 vix
1398 3497 1540 3554 credebat
1552 3497 1584 3552 in
1599 3495 1675 3564 aliis,
1684 3499 1748 3552 tam
1762 3495 1865 3554 subito
1878 3495 1908 3551 in

192 3619 305 3679 invidia
317 3614 437 3674 artificis
448 3609 566 3668 nullum
577 3604 672 3662 voluit
684 3601 819 3664 edocere,
832 3596 929 3671 potuit
942 3594 1020 3666 regis
1075 3607 1107 3648 se
1121 3593 1356 3661 recognosceret.
1373 3587 1448 3652 Quid
1463 3587 1574 3661 pfuraf
1594 3585 1766 3644 infirmitate
1781 3591 1907 3658 cogente

191 3709 305 3769 invidia
319 3704 464 3764 artificem
478 3714 548 3757 cum
562 3700 624 3754 arte
639 3691 794 3767 perimere.
1075 3681 1175 3735 Romae
1194 3676 1308 3734 morari
1322 3693 1383 3734 non
1407 3680 1544 3750 poteram
1558 3674 1606 3732 vei
1620 3673 1786 3745 modicum,
1803 3675 1908 3732 aestivo

180 3808 184 3817 “
229 3798 312 3858 Unde
324 3811 381 3868 ego
396 3789 559 3865 inspirante
570 3787 630 3841 Deo
643 3778 829 3850 charitatem,
844 3791 906 3833 non
921 3772 1020 3830 solum
1074 3767 1189 3825 fervore
1203 3766 1235 3824 in
1248 3767 1320 3823 locis
1335 3765 1492 3824 maritimis
1502 3781 1538 3822 ac
1550 3762 1734 3839 palustribus
1748 3762 1840 3820 nobis
1855 3763 1908 3821 mi-

192 3889 254 3958 tibi‚
267 3886 319 3945 sed
332 3887 361 3942 at
373 3881 449 3952 aliis,
459 3877 702 3954 quibuscumque
714 3867 809 3943 potui,
818 3879 939 3922 summa
949 3879 1020 3920 cum
1074 3861 1165 3915 nante
1175 3855 1336 3914 excidium.
1352 3854 1485 3915 Tandem
1500 3853 1702 3924 condiximus,
1711 3869 1784 3910 mox
1796 3853 1907 3927 hyeme

192 3975 378 4037 festinatione
388 3962 721 4029 acsollicitudineaneo
729 3952 1019 4025 mihiindignissimo
1074 3947 1216 4004 redeunte
1227 3943 1748 4017 meillucdeberereverti,quatenus
1761 3943 1908 4017 hocopus

192 4069 295 4125 datam
310 4059 422 4121 contuli
434 4055 580 4131 gratiam:
596 4056 630 4108 ut
641 4064 718 4124 quos
729 4061 785 4117 ego
797 4047 826 4102 et
835 4058 941 4100 omncs
950 4045 1020 4098 ante
1039 4065 1059 4121 c
1074 4034 1231 4110 praelibato
1241 4033 1377 4108 pontifici
1387 4049 1503 4106 suoque
1511 4030 1590 4089 clero
1599 4030 1728 4087 debeam
1735 4028 1905 4104 propalare.

192 4172 241 4213 me
262 4166 384 4211 summa
404 4163 475 4206 cum
495 4140 668 4201 difficultate
683 4133 898 4195 ecclesiasticos
913 4135 1020 4188 cantus
1110 4127 1179 4181 Post
1192 4138 1306 4197 paucos
1321 4121 1430 4178 debinc
1451 4119 1515 4177 dies
1531 4121 1648 4176 Patrem
1668 4122 1801 4176 vestrum
1818 4121 1907 4191 atquc

192 4241 361 4305 didicimus,
375 4238 457 4312 ipsos
469 4231 581 4309 posteri
595 4245 665 4287 cum
688 4240 809 4283 summa
823 4221 962 4280 facilitate
976 4217 1021 4277 di-
1074 4228 1178 4270 mcum
1189 4215 1222 4281 D,
1232 4206 1572 4283 GnidonemPomposiae
1582 4206 1839 4279 abbatem‚virum
1850 4205 1906 4262 Deo

191 4337 317 4403 scentes,
332 4327 406 4386 mibi
420 4330 449 4384 ct
463 4323 516 4381 tibi
541 4338 577 4379 ac
599 4317 721 4392 reliquis
742 4311 931 4387 adiutoribus
945 4309 1021 4367 meis
1074 4308 1103 4360 et
1115 4300 1289 4360 bominibus
1303 4299 1411 4357 merito
1425 4297 1539 4355 virtutis
1558 4301 1587 4354 et
1601 4295 1754 4370 sapientia
1767 4293 1907 4354 charissi-

192 4399 1021 4492 atamamoptentsalutam‚fiatquepermisericordiam
1074 4389 1314 4449 mumetanime
1325 4391 1524 4462 meaepartem
1534 4382 1905 4459 vidorecupiensvisitavi,

191 4512 244 4572 Dei
266 4511 459 4587 peccatorum
480 4505 652 4560 nostrorum
675 4492 822 4565 remissio,
837 4491 885 4548 vel
899 4489 1020 4547 modica
1074 4481 1127 4556 qui
1141 4484 1170 4538 st
1181 4477 1296 4554 ipscvir
1310 4474 1759 4552 perspicacisinganiinostrum
1768 4473 1907 4548 antipho

191 4605 344 4662 tantorum
358 4612 396 4654 ex
415 4591 557 4652 charitate
577 4585 682 4644 oratio.
697 4587 772 4642 llam
785 4581 811 4638 si
822 4579 865 4636 illi
877 4593 933 4652 pro
956 4577 1019 4634 suis
1073 4569 1193 4626 narium
1207 4570 1241 4624 ut
1252 4565 1334 4636 vidit,
1350 4563 1501 4638 extemplo
1511 4561 1652 4638 probavit
1665 4566 1694 4620 et
1707 4561 1846 4629 eredidit,
1856 4575 1906 4619 no

191 4690 274 4766 apud
287 4691 383 4746 Deum
397 4677 587 4741 devotissima
599 4671 787 4733 intercedunt
798 4666 1021 4740 magistris‚qui
1075 4658 1204 4732 atrisque
1216 4655 1332 4714 aemulis
1343 4671 1374 4712 se
1389 4654 1547 4728 quondam
1561 4652 1748 4711 consensisse
1755 4650 1904 4726 poenituit,

190 4782 336 4839 hactenus
345 4773 386 4832 ab
396 4771 438 4830 eis
445 4769 495 4827 vix
507 4763 653 4825 decennio
661 4758 802 4819 cantandi
814 4754 1020 4830 imperfectam
1073 4753 1103 4806 et
1111 4751 1144 4806 ut
1153 4744 1347 4819 Pomposiam
1353 4743 1484 4813 veniam,
1494 4742 1670 4817 postulavit;
1688 4741 1823 4799 suadens
1833 4737 1906 4798 mihi

191 4869 346 4930 scientiam
360 4858 504 4934 consequi
515 4856 687 4931 potuerunt,
703 4849 776 4924 qnid
791 4851 879 4923 putas
894 4861 950 4920 pro
964 4859 1020 4901 no·
1073 4836 1225 4895 monacho
1240 4851 1305 4892 esse
1319 4832 1506 4908 praeferenda
1526 4831 1710 4890 monasteria
1724 4829 1905 4905 episcopati·

189 4961 237 5019 bis
252 4957 422 5029 nostrisque
435 4945 624 5022 adjutoribus
644 4942 704 5010 fiet,
720 4937 772 5013 qui
788 4935 889 4996 annali
911 4935 1019 5009 spatio,
1073 4926 1142 4991 bus.
1159 4923 1290 4982 maxime
1304 4921 1507 4995 Pomposiam,
1523 4925 1646 4996 propter
1661 4920 1806 4990 studium,
1822 4915 1905 4993 quod

190 5053 243 5109 ant
253 5048 278 5105 si
291 5044 431 5113 multum,
445 5036 568 5098 biennio
583 5032 748 5109 perfectum
763 5032 916 5086 cantorem
931 5022 1020 5081 efflci-
1073 5015 1166 5074 modo
1178 5018 1225 5072 est
1237 5028 1291 5087 per
1302 5011 1353 5069 Dei
1365 5010 1494 5082 gratiam
1510 5015 1539 5068 et
1554 5009 1785 5069 reverentissimi
1799 5007 1906 5066 Guido

190 5137 282 5196 must
296 5137 354 5192 Aut
368 5132 392 5189 si
404 5128 562 5188 bominum
576 5125 720 5182 consueta
733 5116 854 5176 miseria
864 5111 1019 5173 beneficiis
1073 5107 1119 5164 nis
1133 5102 1312 5163 industriam
1329 5117 1410 5160 nunc
1423 5100 1557 5176 primum
1572 5101 1604 5157 in
1617 5099 1699 5160 ltalia
1711 5103 1875 5174 repertum.

189 5226 279 5286 tantis
292 5224 411 5295 ingrata
423 5216 576 5285 exstiterit,
591 5209 741 5286 numquid
763 5209 861 5280 J'ustus
880 5208 958 5263 [leus
976 5203 1018 5261 la·
1108 5193 1191 5255 Tanti
1214 5192 1315 5266 itaqua
1337 5191 1433 5249 Patris
1454 5190 1640 5248 orationibus
1659 5189 1766 5262 flexus,
1782 5192 1812 5246 et
1830 5203 1905 5263 pra·

189 5317 296 5375 borem
309 5314 448 5370 nostrum
462 5323 524 5364 non
537 5297 765 5364 remunerabit?
791 5300 836 5352 an
850 5294 923 5369 quia
941 5295 1018 5350 fleus
1072 5285 1165 5361 ceptis
1173 5281 1328 5351 obediens,
1339 5281 1423 5355 prius
1434 5280 1595 5340 auxiliante
1601 5283 1661 5338 Deo
1668 5278 1736 5338 volo
1746 5279 1805 5336 hcc
1814 5291 1903 5352 opera

189 5409 285 5463 totum
305 5403 363 5460 boo
386 5398 464 5468 facit,
480 5400 510 5454 et
530 5411 587 5452 nos
602 5392 666 5449 sinc
687 5388 738 5446 illo
752 5384 826 5443 nihil
839 5396 1015 5458 possumus,
1034 5369 1534 5472 1)tantumettalemonasterium
1546 5369 1703 5443 illustrare,
1711 5382 1823 5443 meque
1839 5381 1903 5424 mo-

224 5545 282 5621 (3l)
301 5540 389 5618 apud
402 5541 465 5598 Pca.
480 5541 500 5596 t.
516 5539 552 5593 Vl
564 5533 721 5602 anecdot,
738 5546 769 5604 p.
785 5530 849 5587 223.
869 5526 919 5582 lls.
934 5521 1015 5580 ilion.
1071 5519 1157 5576 cona
1171 5515 1213 5575 cd
1227 5513 1420 5574 monachum.

188 5615 369 5693 sparsura
380 5608 592 5682 recapitulatio
600 5606 690 5664 cotim
699 5601 796 5674 operis
807 5595 938 5670 ejusden
947 5593 1018 5652 dci-
1108 5589 1163 5663 (³2)
1182 5591 1212 5646 f.
1228 5586 1385 5645 siccata.
1401 5585 1490 5643 idm.
1504 5583 1668 5643 mutabitis.
