3998 6176
114 181 152 235 ttl
467 192 469 196 ·
768 166 848 222 VITA
867 164 896 222 S.
917 163 1097 222 WTBERTI.
1734 181 1786 236 350

112 301 214 374 plorum
225 294 340 350 11111111
366 289 494 355 excitati,
510 288 664 363 popularis
679 304 758 346 aurae
777 288 905 358 gratiam
920 293 944 344 Α
963 287 1142 358 caligantem
1151 292 1282 349 1111111111
1296 292 1410 352 lumine
1424 295 1648 365 illustr-areatat
1662 299 1791 358 virden-

112 389 244 460 raplantes,
259 382 333 438 dum
348 394 379 436 se
410 379 547 436 inllrrnos
572 379 735 436 tolerandis
753 377 907 434 laboribus
963 381 991 434 ta
1000 379 1115 452 antiqui
1129 382 1294 439 seductoris
1308 385 1426 441 semina
1436 385 1557 456 deagro
1573 387 1709 446 Ecclesiae
1721 403 1802 448 corn

113 476 234 540 1111111111,
248 487 306 528 non
322 469 410 526 simili
424 469 539 535 labore,
569 469 621 525 sed
649 469 906 534 consortionem,
962 471 1073 524 stanter
1091 476 1268 528 resecarent.
1297 472 1391 544 Hujus
1416 475 1578 532 dominicae
1598 475 1792 536 iustitutionis

111 566 138 622 ad
150 560 292 622 scribenda
301 564 385 629 gesta
397 558 587 615 saecularium
614 557 745 614 virorum
760 573 793 612 sa
809 555 907 612 studio
961 563 1148 615 exsecutores
1162 561 1249 632 primi
1264 561 1413 635 discipuli,
1427 563 1535 620 deinde
1546 581 1791 626 successoresee·

110 653 237 708 reclusere
248 667 255 718 ;
267 648 409 722 qui,dum
423 646 516 703 vitam
531 646 622 702 aliam
643 646 826 716 nesciebant,
850 645 908 700 hoc
960 661 1039 717 rum,
1056 649 1151 706 sancti
1165 649 1302 708 videlicet
1316 651 1453 708 doctores
1475 653 1650 712 exstiterunt
1667 672 1746 730 quos
1757 656 1792 714 in

109 743 151 798 sibi
162 741 197 796 ud
209 739 368 812 quemdam
384 737 471 811 quasi
487 736 614 792 tractum
634 735 827 792 beatitudiuis
839 750 907 806 pro·
961 734 1021 792 fine
1034 741 1214 796 senescentis
1229 740 1335 797 mundi
1351 742 1390 797 ad
1405 741 1586 798 excolendas
1598 745 1793 802 mentestide·

107 833 177 887 licere
189 827 380 892 estimabant,
395 827 421 882 si
435 825 584 882 scribendi
604 826 772 894 occasione,
788 824 907 895 ingenia
961 822 1035 880 lium
1050 827 1346 898 providentiadivina
1360 831 1639 902 praeordinavitttui
1654 833 1791 906 spiritua·

107 919 281 976 suesolertirc
296 917 326 973 in
345 915 523 972 memoriam
550 915 677 988 posteris
706 914 905 988 reliquissent.
961 912 1035 970 lium
1049 913 1159 972 11111111
1172 917 1323 972 donorum
1338 933 1356 974 a
1371 933 1493 976 summo
1518 920 1791 979 Patrelamiliasac-
1883 921 1890 926 “

108 1009 288 1066 Sedlectorem
303 1021 509 1078 meumsuper
523 1003 570 1059 his
595 1004 722 1060 obsecro
746 1003 820 1075 quid
835 1003 908 1058 alter
962 1003 1102 1076 cipientas
1117 1010 1154 1072 et,
1171 1007 1355 1078 praedicandi
1371 1009 1501 1079 negotio,
1528 1009 1567 1065 ad
1581 1027 1708 1068 usuram
1731 1011 1794 1070 aui·

105 1096 178 1160 alteri,
193 1095 260 1170 quid
275 1095 332 1150 sibi
347 1098 470 1166 uterque
487 1092 621 1166 praestitit
651 1092 760 1148 talibus
775 1091 907 1147 studiis?
962 1108 1081 1149 marum
1094 1096 1307 1167 expendentes,
1321 1102 1404 1154 tauto
1417 1098 1584 1171 impensius
1608 1099 1793 1174 amplificare

105 1186 165 1252 Quid
177 1185 249 1240 enim
263 1183 419 1240 llanlanus
431 1183 540 1238 ductor
554 1186 605 1238 aut
616 1181 742 1237 Rutulus
756 1181 839 1238 leros
852 1195 907 1236 suo
963 1180 1140 1238 studuerunt
1152 1188 1268 1256 quanto
1281 1185 1421 1242 certiores
1434 1191 1518 1242 erant
1531 1187 1569 1242 de
1579 1188 1793 1246 remuneratio·

103 1274 202 1343 lemni,
213 1278 261 1329 aut
275 1273 331 1328 iste
344 1271 468 1327 contulit
491 1271 542 1341 illi,
559 1287 627 1326 cum
654 1287 781 1343 corpore
802 1269 907 1325 vermi·
962 1285 999 1326 ne
1015 1272 1183 1344 largitoris,
1199 1277 1229 1330 at
1243 1274 1418 1344 evangelica
1432 1275 1579 1332 sententia
1592 1277 1741 1333 conterriti
1751 1277 1793 1334 de

102 1363 154 1433 bus,
168 1363 278 1420 animas
292 1361 401 1418 dedere
415 1361 502 1416 saevis
528 1359 676 1429 ignibus?
698 1359 792 1429 lli'gno
805 1358 905 1432 plane,
962 1359 1156 1416 damnatione
1182 1363 1326 1434 torpentis
1351 1363 1438 1420 servi.
1460 1367 1500 1420 lle
1523 1374 1653 1436 quornm
1666 1381 1793 1422 numero

103 1452 253 1521 sedimus,
282 1465 418 1506 errorum
439 1465 564 1506 suorum
583 1447 806 1505 remuneratio!
833 1446 908 1504 llihil
962 1453 1084 1504 sanctus
1098 1449 1306 1516 vindemians
1322 1451 1670 1508 Autbertusetsacerdos
1686 1452 1794 1510 (1111111Ι

102 1543 228 1598 adseram
244 1540 462 1597 beatitudinem
476 1539 539 1594 hac
554 1555 659 1595 eorum
687 1537 811 1594 intentio
831 1537 908 1610 espi-
961 1536 1203 1608 probatissimus,
1224 1539 1346 1608 refulsit,
1373 1540 1558 1614 temporibus
1576 1541 1736 1612 {ingoberti
1750 1557 1794 1598 re·

101 1630 168 1686 rabat
178 1645 250 1703 quos
265 1633 382 1686 constat
397 1645 520 1684 sitorum
533 1627 662 1684 fructum
676 1615 814 1683 laborum
827 1643 942 1700 quse-3
963 1626 1007 1696 gis
1023 1629 1207 1684 Francorum
1230 1627 1343 1702 inclyti.
1360 1629 1425 1701 Qui,
1440 1629 1480 1686 ab
1505 1629 1578 1702 ipsis
1589 1645 1681 1686 sacras
1696 1631 1794 1703 pueri·

103 1721 198 1776 sissein
212 1719 313 1786 rebus,
329 1717 441 1792 quibus
455 1717 538 1774 nulla
553 1717 609 1772 sibi
623 1717 748 1773 oriretur
761 1733 850 1773 causa
866 1733 910 1772 sa·
961 1714 1009 1771 tio
1024 1715 1121 1786 annis,
1138 1733 1270 1790 superna
1284 1717 1380 1788 gratia
1395 1719 1543 1792 aspiratus
1565 1734 1698 1776 annosos
1711 1720 1793 1778 viros

101 1808 162 1874 lutis,
177 1825 225 1865 nec
238 1807 387 1881 profuturi
396 1811 498 1863 essent
511 1806 549 1862 ad
565 1806 744 1862 memoriam
753 1806 908 1880 posterita-
962 1804 1071 1860 sanctis
1085 1805 1211 1878 praeibat
1223 1807 1370 1862 moribus.
1384 1807 1571 1864 litteralibus
1582 1808 1714 1882 denique
1733 1813 1793 1866 stu·

101 1898 137 1954 tis.
149 1899 197 1956 Sed
208 1899 280 1972 quia
303 1898 446 1970 seriptum
476 1900 539 1952 cst:
570 1900 602 1951 ln
627 1895 774 1952 memoria
798 1900 909 1952 aeterna
961 1892 1018 1948 diis
1033 1893 1158 1950 traditus
1174 1899 1203 1951 et
1213 1895 1426 1952 ecclesiasticis
1437 1896 1643 1952 sanctionibus
1655 1896 1794 1954 decenter

103 1988 245 2058 erunljusti
259 1988 357 2056 (Prot.
374 1986 443 2058 uxr),
463 1985 531 2042 licet
544 1985 587 2041 eis
601 1989 705 2040 nostra
720 1984 830 2052 fragilis
846 2001 909 2040 me-
960 1981 1150 2049 iuformatus,
1165 2000 1219 2057 per
1232 1985 1344 2056 gradus
1357 1984 1494 2056 singulos
1509 1985 1678 2058 proficiens,
1693 1999 1795 2044 succe-

102 2076 244 2132 morisnon
263 2075 395 2132 sufficiat
413 2074 453 2132 ad
468 2074 621 2148 propriam
638 2073 763 2142 gloriam
778 2090 909 2146 quorum
962 2071 1252 2129 dentibusvirtutum
1279 2073 1479 2143 incrementis,
1507 2079 1667 2147 provectus
1686 2075 1794 2132 estad

101 2165 201 2220 nonina
214 2165 244 2220 in
258 2164 338 2220 libro
353 2164 419 2219 vitae
432 2168 502 2219 sunt
515 2163 635 2236 scripta,
660 2167 759 2218 lamen
781 2162 910 2233 dignam
962 2161 1082 2219 eulmen
1096 2163 1289 2220 sacerdotalis
1299 2165 1433 2220 honoris.
1452 2168 1492 2220 Ex
1506 2170 1594 2236 gente
1606 2165 1794 2239 itaqueserte

101 2254 167 2310 ralde
181 2258 260 2312 estet
276 2271 395 2310 summe
410 2253 480 2309 utile
500 2269 605 2309 eorum
620 2253 658 2309 ad
673 2253 795 2310 laudem
809 2253 909 2310 Domi·
962 2251 1221 2308 mortalisnaturae
1236 2254 1361 2322 contigit
1387 2253 1541 2310 noenum
1568 2253 1794 2312 Cameracensis

101 2343 266 2400 uiimitanda
284 2347 368 2413 gesta
387 2343 516 2399 recolere
529 2355 660 2416 quorum
673 2342 733 2398 vita
748 2342 910 2398 sanctitatis
964 2340 1043 2397 sedis
1056 2341 1245 2415 episcopum,
1260 2342 1398 2415 deposito
1422 2342 1521 2398 carnis
1549 2359 1650 2414 onerc,
1669 2343 1710 2400 de
1736 2344 1794 2400 boo

99 2431 232 2503 protutura
244 2437 293 2488 est
317 2431 356 2488 ad
371 2431 600 2488 aedificationem
623 2430 802 2500 legentibus,
828 2435 856 2488 et
870 2431 909 2486 cd
962 2431 1077 2486 mundo
1089 2431 1250 2488 transiisse.
1267 2431 1372 2488 Divina
1398 2431 1672 2504 igituroperetiona
1685 2435 1795 2489 cuncta

100 2520 302 2577 emulationem
326 2520 470 2576 virtutum
502 2519 704 2575 audientibus.
730 2519 820 2589 igitur
847 2536 909 2576 non
963 2519 1120 2576 salubriter
1133 2521 1322 2593 disponente,
1335 2520 1495 2576 Autbertm
1509 2521 1554 2577 vir
1564 2521 1792 2594 conspicuus&

99 2607 172 2664 irclus
185 2609 302 2666 solertis
317 2623 374 2680 ope
387 2607 508 2677 ingenii,
524 2607 576 2662 sed
591 2607 718 2679 Spiritus
733 2606 829 2680 sancti
846 2622 910 2676 gra·
964 2624 1120 2665 successor
1136 2609 1287 2681 emeritus,
1302 2608 1465 2681 proficiens
1480 2609 1517 2664 de
1541 2607 1648 2666 virtute
1660 2608 1691 2664 in
1706 2609 1796 2664 virta-

99 2697 128 2752 tia
140 2697 227 2754 fidens
241 2713 295 2754 me
308 2713 398 2770 posse
410 2696 520 2768 jurari,
535 2711 634 2769 pauca
643 2696 794 2768 quideme
808 2697 911 2752 mrdtis
962 2701 1033 2764 tem,
1048 2697 1185 2768 ejusdem
1199 2696 1490 2770 sedispontiiicalem
1505 2697 1624 2753 sortitus
1639 2701 1683 2752 est
1692 2695 1795 2766 digni·

99 2786 205 2843 soribere
218 2785 367 2861 proposui
382 2802 450 2859 qaae
466 2801 519 2857 per
534 2785 657 2842 beatum
672 2785 848 2842 autbertum
861 2803 910 2842 su·
963 2791 1064 2844 tatem.
1081 2791 1170 2845 Porro
1185 2788 1327 2844 humane
1338 2789 1442 2845 salubs
1455 2792 1574 2856 Auctor,
1586 2786 1721 2860 prescim
1740 2801 1794 2843 an·

98 2877 278 2946 pernagratia
297 2875 337 2931 ad
350 2873 472 2930 laudem
487 2874 533 2930 sui
557 2880 586 2930 et
599 2874 801 2930 ostensionem
813 2875 910 2932 fidelis
948 2873 1208 2949 ‘tiquumhostem
1216 2877 1464 2933 tantoanlentius
1477 2889 1598 2948 gregem
1608 2876 1796 2934 dominicum
1825 2897 1829 2905 ¹

98 2963 132 3018 sui
145 2965 321 3022 contessoris
344 2963 469 3034 dignata
494 2967 538 3018 cst
563 2964 691 3036 operari.
721 2965 791 3030 Quae
819 2964 946 3058 etiarnc
964 2965 1169 3022 insecuturum
1181 2971 1299 3040 quanto
1312 2965 1449 3034 vicinius,
1462 2965 1591 3022 instante
1609 2965 1669 3022 fine
1682 2965 1795 3035 sneul'n

97 3053 363 3123 probatissimorum
377 3053 511 3109 virorum
520 3053 661 3109 relatione
668 3051 823 3120 didici,aut
829 3069 910 3126 sper·
966 3054 1052 3110 soiret
1065 3054 1139 3110 nibil
1154 3069 1309 3126 superesse
1324 3055 1408 3126 quod
1422 3055 1462 3111 ad
1477 3054 1656 3112 tentandum
1675 3055 1795 3112 artibus

98 3140 179 3198 sinin
196 3143 295 3200 sacris
316 3141 457 3199 chartulis
480 3141 589 3215 scripta
615 3141 722 3214 reperi,
742 3146 775 3197 ul
802 3141 913 3198 habent
967 3143 1028 3198 suis
1044 3142 1166 3198 ulterius
1183 3143 1340 3215 potuisset,
1367 3142 1512 3199 adversm
1540 3142 1707 3215 tyrannidis
1732 3143 1797 3214 11111

97 3233 213 3288 sanctmn
229 3233 300 3304 ejus
310 3230 469 3302 collegium
481 3229 521 3286 ad
534 3229 656 3286 laudem
672 3230 838 3288 conditoris
850 3246 912 3304 quo
965 3230 1126 3304 imparium
1136 3230 1270 3287 validum
1298 3230 1481 3288 detensionis
1495 3231 1583 3287 nobis
1597 3231 1716 3304 pararit
1727 3231 1799 3287 obs·

97 3333 119 3372 se
129 3317 172 3375 die
184 3320 316 3378 solemn-i
328 3319 358 3376 in
377 3318 486 3375 divinis
511 3318 640 3376 cultibus
669 3324 814 3390 exerceat,
830 3324 857 3375 et
872 3318 913 3376 ad
967 3319 1191 3392 taculum,daus
1204 3319 1292 3376 nobis
1305 3319 1632 3392 autbertum‚sidelioet
1646 3319 1799 3390 gregiseui

96 3407 302 3466 emulationem
314 3406 409 3464 sancti
423 3407 595 3480 operisque
608 3407 822 3480 proficiat.Qua
835 3407 866 3463 in
880 3423 912 3463 re
967 3417 1118 3486 pastorem
1133 3410 1396 3484 vigilantissimum
1411 3415 1439 3468 e't
1453 3411 1611 3468 custodem
1626 3411 1798 3470 animarum

97 3492 218 3554 lectorem
231 3514 341 3554 meum
369 3496 559 3567 obsecrent,
588 3497 614 3552 si
635 3497 760 3554 fortasse
784 3497 913 3554 incsdtns
966 3500 1156 3558 fidissimum.

98 3599 178 3642 sermo
200 3587 314 3660 peritas
341 3601 430 3643 aures
448 3585 616 3660 perculerit,
642 3586 741 3642 discat
757 3585 913 3660 imperitiae
1004 3594 1036 3648 ll.
1053 3591 1234 3648 Constitutus
1250 3595 1351 3648 autem
1364 3590 1395 3646 in
1417 3590 1487 3648 sede
1502 3589 1677 3664 pontificali,
1696 3589 1798 3663 qualis

98 3675 198 3732 reniam
216 3678 303 3748 dare,
327 3692 398 3732 cum
425 3676 573 3732 selamin
601 3675 745 3732 humanis
778 3677 914 3749 partibus
968 3683 1157 3754 qnestusque
1172 3681 1203 3736 iu
1216 3679 1379 3752 cavixerit,
1393 3694 1458 3736 non
1472 3683 1516 3736 est
1527 3685 1637 3736 nostrae
1649 3679 1801 3752 possibili·

98 3762 155 3821 nibil
165 3766 332 3839 perlectum
345 3781 413 3822 esse
426 3783 433 3834 ;
448 3781 503 3821 neo
519 3769 635 3822 tantum
645 3765 824 3840 periclitetur
832 3767 912 3839 apud
967 3769 1034 3825 tatis
1047 3769 1193 3825 evolvere.
1209 3768 1303 3824 Altius
1321 3770 1403 3825 enim
1429 3769 1539 3825 eminet
1551 3785 1645 3841 quam
1666 3767 1799 3824 elieser

98 3856 291 3912 eumaudacia
308 3855 465 3910 scribentis
487 3859 636 3927 quantum
665 3855 761 3912 valeat
784 3855 914 3926 dignitas
968 3871 1058 3913 mone
1072 3856 1185 3912 includi
1200 3856 1304 3912 valeat.
1333 3856 1477 3912 animalis
1500 3856 1580 3912 enim
1598 3856 1691 3912 bomo
1707 3854 1800 3928 parci-

97 3937 265 4014 imperantis.
279 3943 314 4000 ld
329 3959 398 4000 vero
413 3942 505 4000 lector
520 3958 538 4000 a
551 3943 638 3999 nobis
666 3944 803 3999 curiosus
817 3944 914 4017 requi·
968 3959 1038 4017 perc
1052 3960 1113 4000 non
1127 3948 1224 4017 potest
1239 3947 1371 4016 quantus
1385 3943 1572 3999 11111111111111
1581 3943 1676 3999 oculis
1689 3942 1800 3998 summi

98 4043 214 4088 rereuon
227 4033 323 4090 debet
336 4031 458 4089 utbeati
486 4031 542 4111 viri
561 4035 644 4102 gesta
673 4033 844 4089 continendi
870 4050 915 4089 or·
970 4031 1125 4099 lineatoris,
1142 4031 1190 4088 cul
1204 4030 1278 4086 nihil
1293 4034 1357 4086 erat
1382 4043 1543 4086 commune
1566 4043 1636 4086 oum
1657 4028 1800 4086 amatori-

98 4116 345 4192 mesenensem,
369 4121 506 4178 videlicet
519 4122 630 4195 quibus
646 4122 792 4178 oriundus
811 4122 915 4178 natali·
969 4121 1027 4177 bus
1042 4120 1158 4192 mundi,
1172 4125 1279 4193 prester
1294 4119 1377 4192 quod
1388 4135 1466 4175 curse
1479 4119 1622 4192 pastorali
1642 4118 1801 4176 necessitu-

98 4207 152 4279 bus,
165 4212 277 4284 quibus
291 4210 384 4267 initiis
400 4216 504 4268 sancta
518 4211 653 4283 infantia,
673 4210 783 4284 quibus
799 4211 915 4268 adoles·
970 4209 1039 4265 dine
1054 4209 1213 4266 videbatur
1228 4209 1335 4265 arctari
1352 4227 1358 4277 ;
1375 4224 1469 4280 quam
1493 4209 1517 4264 si
1545 4207 1690 4266 inoffense
1714 4207 1803 4266 decli—

97 4298 175 4354 centia
189 4297 347 4356 miraculis
367 4298 482 4369 claruit,
498 4298 573 4354 dum
600 4299 745 4368 intelligat
759 4299 915 4356 miraculo·
970 4314 1044 4356 nare
1059 4299 1215 4372 potuisset,
1231 4314 1303 4353 vera
1317 4297 1392 4353 fides
1407 4297 1537 4370 estquis
1559 4299 1801 4372 eremumpotius

96 4399 150 4441 mm
160 4387 221 4458 ejus
237 4403 396 4444 summam
417 4391 451 4444 et
469 4403 614 4458 magnam
628 4393 744 4460 partem
771 4405 789 4445 a
812 4355 952 4444 1111111Β
970 4405 1064 4463 quam
1077 4387 1293 4445 monasterium
1302 4387 1470 4458 delegisset.
1486 4389 1743 4462 Frequentabatur
1751 4387 1803 4456 igi-

97 4475 184 4534 11111111
198 4479 303 4535 latere.
326 4477 412 4544 Quod
440 4482 517 4533 certe
542 4475 670 4532 dubium
698 4481 741 4532 est
765 4481 863 4533 utrum
885 4477 915 4532 id
969 4477 1192 4552 turapopulis,
1208 4494 1245 4534 ex
1257 4477 1360 4533 vicinis
1374 4483 1403 4534 et
1414 4478 1519 4550 procul
1532 4479 1655 4535 remotis
1676 4477 1802 4533 urbibus

97 4565 259 4638 scriptorum
277 4566 407 4637 ignaviae
420 4565 528 4622 debeat
540 4564 681 4638 imputari
705 4581 744 4621 au
754 4566 836 4636 Justo
866 4566 916 4622 Dei
970 4567 1143 4629 catervatim
1167 4567 1207 4623 ad
1236 4583 1306 4622 eum
1331 4566 1562 4622 confluentibus.
1591 4565 1659 4634 Qui,
1687 4563 1802 4620 eximiae

93 4649 192 4720 iudicio
206 4655 334 4720 ascribi,
345 4656 397 4729 qui
409 4656 513 4712 stelles
523 4655 639 4711 claudit
654 4656 741 4726 quusi
752 4655 918 4726 111111111-
970 4655 1203 4714 conversationis
1227 4656 1309 4712 larua
1321 4654 1449 4722 excitati,
1470 4653 1571 4711 ridere
1584 4669 1655 4708 eum
1667 4649 1804 4707 11111111-

95 4743 293 4818 celet-lobia),
317 4744 402 4812 dum,
428 4742 564 4800 videlicet
577 4743 763 4813 exigentibus
787 4744 916 4817 peccatis
971 4747 1092 4804 liabent.
1106 4748 1171 4802 lem
1195 4761 1277 4814 vero,
1304 4743 1361 4800 nisi
1387 4759 1476 4800 sexus
1498 4739 1801 4812 alternusimpediat,

95 4831 244 4906 malorum,
257 4835 323 4890 vita
334 4831 529 4890 absconditur
540 4831 702 4889 bonorum.
971 4849 1191 4908 compensante
1205 4831 1342 4904 dignitati
1355 4832 1464 4902 faveat,
1475 4828 1720 4898 videasreginam
1730 4833 1804 4884 Aus-

972 4926 1008 4983 tri
1018 4925 1172 4998 requirere
1188 4923 1367 4996 sapientiam
1391 4919 1684 4989 Salomonis,·ragem
1704 4916 1805 4973 videli-

125 5011 142 5063 1.
156 5013 247 5082 Igitur
261 5013 406 5068 humanae
434 5010 608 5085 perditionis
637 5015 747 5068 sortem
760 5010 918 5068 miseratus
972 5020 1018 5073 cet
1029 5013 1266 5072 festinantemad
1281 5011 1419 5069 consulta
1435 5008 1596 5083 pontificis.
1617 5011 1692 5064 Nam
1705 5010 1803 5078 Dago-

94 5097 162 5156 Deus
174 5107 204 5158 et
218 5101 369 5160 llominus
394 5105 495 5158 noster
522 5103 606 5157 Jesus
626 5099 767 5168 Christus,
789 5101 917 5173 peractis
971 5105 1083 5175 bertus,
1094 5104 1147 5176 qui
1160 5108 1231 5159 tuno
1247 5101 1389 5175 temporis
1402 5100 1478 5156 inter
1505 5096 1705 5169 Francigeuas
1720 5096 1805 5170 regni

94 5193 217 5258 paterna
243 5191 455 5264 dispositionis
481 5189 689 5258 sacramentis,
715 5191 794 5247 atad
808 5191 919 5248 coelum
972 5192 1181 5251 monarchiam
1194 5190 1326 5262 regebat,
1342 5187 1544 5246 celeberrimae
1565 5187 1714 5261 opinionis
1728 5203 1805 5244 nun·

93 5278 419 5354 rediturusnovamque
433 5280 561 5338 victricis
572 5279 670 5337 carnis
683 5279 811 5350 gloriam
819 5285 919 5354 pater-
973 5283 1020 5339 tiis
1032 5281 1127 5338 semel
1141 5279 1296 5346 excitatus,
1327 5277 1464 5351 deposito
1488 5277 1567 5334 iastu
1581 5275 1693 5348 regalis
1707 5277 1804 5334 excel-

94 5369 282 5428 uisrultibus
308 5373 555 5444 praesentaturus,
583 5385 678 5428 novos
698 5370 849 5428 nascentis
869 5374 919 5428 dc-
973 5370 1080 5438 lentis,
1095 5369 1200 5426 crebro
1223 5368 1261 5424 ad
1286 5383 1356 5423 eum
1384 5367 1524 5423 veniebat
1546 5366 1670 5435 attinet
1698 5363 1805 5422 terreni

94 5455 180 5516 111111
192 5460 338 5528 cultores,
353 5460 464 5533 quibus
479 5458 577 5532 gregis
592 5457 701 5516 novelli
712 5475 783 5516 cura
795 5460 920 5518 manda·
973 5460 1058 5534 regni
1072 5459 1198 5533 imperio
1220 5457 1409 5528 sublimatus,
1424 5457 1563 5530 cupiebat
1578 5461 1680 5513 tamen
1692 5455 1729 5510 de
1748 5469 1806 5509 111-

95 5550 176 5620 retur,
192 5549 297 5620 elegit.
312 5551 374 5620 Oui,
401 5550 514 5607 lumine
540 5549 611 5605 iidei
631 5548 773 5618 irradiati,
796 5551 921 5624 spiritus
974 5551 1038 5608 lcsti
1053 5548 1249 5624 acquisitione
1262 5547 1358 5604 avire
1375 5547 1424 5603 llei
1451 5547 1602 5604 aedificari.
1618 5544 1673 5610 Qui
1687 5559 1756 5599 eum
1769 5557 1805 5599 eo

95 5639 185 5696 111111·
194 5653 327 5696 munere
340 5639 434 5709 ditati,
442 5639 594 5698 mundum
601 5638 777 5710 ignorantis
791 5641 921 5700 tenebris
975 5641 1013 5700 de
1024 5638 1198 5714 temporalis
1212 5639 1301 5710 regni
1315 5636 1523 5709 sedicitudine,
1537 5637 1579 5694 de
1599 5633 1693 5694 11111111
1705 5628 1806 5690 seam
