3998 6182
223 163 274 217 807

699 151 734 208 ru
753 139 1001 208 1666666666
1020 129 1174 206 66166666
1193 137 1444 208 6666616666.

222 283 295 340 6666
312 279 527 356 propinquum,
544 274 678 348 aliasque
700 274 822 330 cellulas
845 274 959 330 circiter
972 287 1048 344 qua·
1067 269 1093 326 Α
1108 287 1239 344 quorum
1250 288 1320 346 pers
1329 273 1394 344 jem
1408 271 1450 328 ibi
1460 275 1575 344 regnet,
1586 287 1657 347 pers
1669 272 1771 330 altera
1784 277 1856 348 port
1866 289 1937 332 mor·

221 372 360 441 draginta
382 366 491 422 rexisse
509 363 696 434 willelmum,
710 367 739 419 et
763 363 793 419 in
818 363 973 418 meliorem
993 364 1050 416 sle·

222 465 286 515 tum
301 475 336 514 ec
349 456 416 512 viter
431 453 567 510 ordinem
583 453 758 508 restituisse.

221 548 277 620 (69)
290 547 524 616 Spesjuvcnum
537 527 1049 614 6661666666,6616166666661661.

222 637 322 694 Causa
336 649 449 703 senum,
463 635 527 690 sine
537 647 587 702 spe
597 633 729 702 puerites
742 633 889 702 plangere
903 645 1018 686 cursus.

257 724 413 783 Descendit
427 739 507 779 nunc
523 721 562 778 ed
578 737 705 792 gnomas
719 720 868 776 adalbero
882 735 988 792 perum
1004 734 1051 775 co·

220 819 378 874 herentes.
395 813 525 882 invenit,
539 811 645 884 inquit,
661 811 738 884 pigri
753 814 783 866 et
795 810 923 876 desides,
938 825 995 865 666
1009 808 1052 865 61-

221 905 323 963 666661
336 903 447 976 cupidi,
463 902 536 976 quie
550 901 603 958 diu
618 916 648 956 se
662 900 793 956 victuros
808 904 938 972 sperant,
951 898 1051 955 studia

220 995 384 1052 litterarum
400 992 542 1048 differunt
566 989 596 1045 in
612 989 756 1046 futurum.
775 992 811 1045 At
826 1004 922 1058 senes,
937 987 1049 1061 quibus

218 1085 360 1157 juventus
377 1081 439 1137 siue
455 1079 560 1136 studiis
575 1083 679 1136 exacte
694 1083 748 1146 est,
766 1094 836 1134 cum
849 1078 913 1149 jem
937 1077 1050 1133 diutur-

220 1187 292 1228 nam
316 1171 408 1227 vitam
436 1184 556 1241 sperare
581 1183 641 1223 666
663 1167 792 1240 possint,
814 1163 1049 1222 adolescentiam

220 1259 298 1316 male
311 1257 553 1328 negligenterque
564 1259 752 1311 transactam
765 1271 835 1310 cum
850 1254 963 1323 gemitu
974 1251 1050 1308 desi·

220 1349 336 1417 derant,
348 1350 376 1404 et
389 1345 477 1402 irritis
492 1344 569 1401 votis
583 1348 725 1401 revocent
738 1344 861 1399 minime
873 1342 1047 1398 redituram.

220 1439 275 1510 (66)
291 1440 345 1494 ,lies
359 1437 444 1492 Mota
454 1451 465 1492 .·
478 1434 558 1506 guod
570 1434 630 1490 scic
645 1433 812 1503 defendunt
820 1446 831 1502 ;
846 1433 926 1504 guod
940 1432 1048 1494 nescia.

880 1520 1011 1591 [cedunt.

256 1615 341 1680 Quod
365 1614 437 1681 scio,
453 1612 544 1682 vulgo
568 1610 743 1684 prohibetur
763 1613 792 1668 et
811 1613 943 1679 vetatur;
965 1608 1048 1682 quod

220 1705 332 1776 nescio,
348 1702 542 1776 permittetur,
558 1715 613 1773 pru
628 1700 774 1772 permisso
794 1699 930 1770 hebetur,
947 1699 977 1754 in
992 1715 1050 1754 usu

220 1801 274 1852 est.
290 1794 335 1850 Sic
350 1792 441 1862 vulgo
456 1790 606 1862 hodieque
621 1789 781 1859 defendere
795 1788 923 1845 dicimus
935 1804 990 1861 pro
1001 1804 1050 1844 ve-

220 1889 283 1942 tare
310 1887 338 1938 et
358 1881 492 1937 inhibere
508 1878 660 1949 defeudre.
683 1878 926 1952 Superscriptum
942 1882 1005 1934 erat
1018 1877 1050 1932 16

221 1971 323 2029 666166
338 1969 445 2025 eodem
460 1983 572 2024 sensu:

220 2059 276 2116 Hcs
288 2059 388 2114 mala:
398 2057 478 2129 guod
488 2057 547 2113 scio
561 2055 740 2126 despiciunt,
756 2057 837 2128 guod
850 2056 957 2124 nescio,
972 2070 1050 2126 gue-

918 2144 1012 2214 [runt.

222 2237 278 2308 (61)
293 2235 355 2292 Aut
374 2236 452 2306 regis
465 2235 578 2291 cineres
591 2240 643 2291 aut
658 2239 775 2290 uestras
789 2233 867 2303 (16116
891 2233 1048 2290 Camenas.

258 2323 466 2381 Libentissime
491 2322 687 2379 emendarem
710 2329 827 2378 nostras
848 2322 929 2392 llaec
956 2336 1050 2379 came·

220 2429 286 2481 nas,
300 2413 358 2470 nisi
374 2415 566 2485 sequeretur:
587 2411 613 2466 si
628 2413 724 2468 uusas
737 2409 878 2466 celebres.

222 2504 276 2574 (61)
291 2503 326 2557 Si
338 2503 441 2558 Musas
456 2501 592 2568 celebres,
605 2501 735 2556 clament
748 2499 888 2556 musarde
899 2498 1047 2556 sacerdos.

257 2595 318 2649 Rex
329 2591 461 2665 loquitur
484 2593 512 2645 et
527 2589 568 2646 ait
580 2588 800 2646 adalberonem
823 2587 1010 2661 episcopum,
1024 2588 1051 2643 si

221 2678 765 2750 111666666611116666,66161,61666666
777 2677 968 2734 indoctorum
977 2677 1050 2733 litte-

220 2786 271 2827 ras
285 2767 540 2826 contemnentium
560 2768 731 2823 musardem
747 2767 929 2823 sacerdotem
949 2770 1050 2823 contu-

221 2859 316 2914 meliae
328 2871 423 2912 causa
442 2853 627 2928 appellatum
649 2854 694 2908 iri.
712 2853 863 2926 Hodieque
878 2854 1008 2910 otiosum
1022 2859 1051 2911 et

1107 365 1177 434 tem,
1186 367 1238 419 aut
1247 366 1318 436 post
1327 360 1461 435 expiatas
1474 361 1542 432 igne
1552 361 1657 436 culpas
1667 369 1777 436 sperat
1791 378 1825 418 se
1834 363 1937 420 ibidem

1105 456 1308 520 regnaturam.
1331 451 1360 506 Si
1378 466 1450 521 pars
1471 466 1602 522 regnans
1616 451 1784 508 referretur
1799 451 1841 508 ed
1855 467 1937 523 enge

1106 539 1248 610 lespera
1262 553 1387 610 sperans
1403 537 1444 594 ed
1466 553 1573 595 omnes
1596 539 1758 608 mortales;
1781 539 1936 598 dicendum

1105 630 1182 683 esset
1196 627 1416 684 adalberonem
1432 626 1593 684 credidisse
1612 627 1798 684 huminibus
1814 627 1936 684 611616116-

1105 718 1152 773 616
1175 723 1264 792 etque
1288 720 1441 777 catholicis
1466 718 1523 776 nisi
1549 723 1618 793 post
1640 719 1722 776 diem
1742 720 1857 793 judicii
1881 722 1936 777 corii

1105 811 1223 878 portam
1238 824 1300 864 666
1314 811 1434 882 patere:
1458 807 1543 881 quod
1558 812 1587 864 et
1608 807 1692 864 multi
1705 808 1764 866 alii
1781 808 1935 873 credidere.

1105 896 1159 951 sed
1170 896 1256 953 laiso.

1104 982 1159 1055 (67)
1173 985 1238 1042 Heu
1250 985 1415 1056 Augustini
1430 986 1530 1054 libros,
1542 987 1657 1053 dilecte,
1673 987 1813 1044 reuolue.

1107 1073 1182 1128 Urbs
1195 1075 1312 1131 6666166
1325 1075 1380 1130 Dei
1394 1091 1461 1147 quer
1474 1077 1513 1131 sit
1527 1075 1638 1132 dixisse
1648 1075 1821 1145 probatur.

1141 1161 1247 1219 11116616
1261 1178 1323 1230 rex,
1337 1163 1431 1220 libres
1445 1163 1604 1236 Augustini
1617 1164 1655 1220 66
1668 1163 1800 1222 Civitete
1816 1164 1867 1221 Hei
1881 1180 1933 1237 per·

1104 1250 1179 1320 lege.

1104 1338 1158 1411 (68)
1182 1341 1263 1408 1666,
1287 1356 1406 1412 precor,
1423 1342 1499 1398 milri
1520 1342 1578 1410 dic,
1597 1343 1801 1414 pruinaque·
1823 1343 1932 1398 6161111

1805 1431 1902 1502 [latus

1103 1519 1308 1589 Principares,
1334 1527 1362 1577 el
1377 1522 1404 1576 si
1416 1522 1469 1592 gui
1479 1525 1550 1576 sunt
1560 1525 1588 1577 et
1599 1521 1631 1577 in
1646 1519 1760 1577 ordine
1767 1527 1872 1590 patus.

1139 1610 1199 1664 Rex
1221 1609 1443 1666 adalberonem
1465 1607 1629 1679 interrogat
1650 1609 1704 1681 qui
1730 1610 1891 1679 incolatus,
1907 1615 1928 1665 el

1103 1697 1155 1770 qui
1167 1697 1353 1772 principatus
1368 1715 1456 1773 peres
1470 1697 1633 1755 incivitate
1649 1699 1699 1755 Hei
1715 1699 1768 1754 sui
1786 1699 1927 1755 16661661

1103 1785 1288 1844 Hierusalem
1311 1786 1415 1844 616161
1435 1791 1589 1844 vocentur.
1610 1787 1728 1846 Gaudet
1748 1791 1853 1846 autem
1872 1789 1925 1845 tmsi

1103 1891 1157 1948 per
1168 1877 1271 1948 jocum
1286 1876 1445 1948 edelhere,
1462 1881 1495 1932 ut
1510 1893 1620 1950 supra:

1104 1965 1202 2022 Sarra
1212 1967 1301 2022 nimis
1315 1981 1385 2037 gens
1400 1981 1541 2023 cenerum
1556 1967 1593 2023 de
1606 1981 1688 2023 mere
1698 1969 1840 2036 petulca.

1104 2053 1160 2125 (69)
1181 2053 1284 2121 Quare
1296 2056 1473 2126 Dionysium
1488 2055 1540 2128 gui
1552 2055 1665 2112 dicitur
1677 2055 1869 2128 Areopagitc
1877 2072 1888 2113 .·

1104 2142 1162 2199 llic
1171 2143 1245 2198 duos
1256 2159 1347 2214 super
1360 2144 1405 2200 lis's
1418 2143 1545 2201 desudat
1560 2144 1689 2201 scribere
1704 2145 1815 2202 libres.

1140 2231 1298 2303 Dionysius
1313 2232 1366 2306 qui
1380 2232 1561 2306 Areopagita
1579 2248 1598 2288 a
1620 2232 1779 2307 plerisque
1799 2233 1920 2290 sedialsc

1104 2319 1221 2388 dicitur,
1233 2319 1271 2376 66
1280 2320 1392 2377 coelesti
1404 2321 1577 2378 Hierarcbie
1587 2321 1698 2378 librum
1708 2322 1847 2395 capitum
1854 2322 1921 2395 quir

1104 2408 1212 2475 decim,
1228 2413 1258 2465 et
1271 2409 1398 2466 alterum
1413 2410 1450 2466 66
1466 2409 1579 2467 [livinis
1602 2410 1787 2468 Nominibus
1806 2412 1919 2484 capitum

1105 2497 1247 2554 tredecim
1259 2498 1438 2570 composuit.
1451 2498 1484 2555 Hi
1499 2503 1569 2556 sunt
1582 2499 1643 2556 duo
1661 2498 1744 2568 libri,
1759 2517 1837 2574 quos
1851 2497 1920 2555 1661-

1104 2585 1177 2642 hero
1196 2586 1343 2658 designet,
1358 2592 1387 2643 61
1410 2587 1582 2660 6111666616
1597 2588 1724 2662 scriptos
1741 2605 1807 2646 esse
1827 2588 1916 2646 trudit:

1104 2690 1196 2747 quem
1210 2691 1281 2732 cum
1295 2675 1379 2732 addit
1391 2677 1608 2748 Areopagitam
1622 2678 1692 2748 dici,
1701 2677 1858 2750 vulgarem
1868 2676 1917 2749 opi·

1104 2764 1227 2821 nionem
1238 2765 1303 2836 jam
1317 2769 1386 2822 ente
1401 2770 1629 2823 senescentum
1641 2770 1670 2824 et
1684 2768 1840 2838 sexaginte
1850 2767 1916 2822 iura·

1103 2852 1266 2910 lescentem
1282 2854 1371 2911 relert
1391 2854 1488 2926 magis
1508 2871 1602 2929 quem
1616 2871 1672 2930 pro
1686 2871 1763 2914 vere
1782 2856 1864 2913 habet
1875 2857 1916 2910 661

222 2948 402 3000 cessatorem
425 2942 601 2998 musurdum
621 2956 784 3008 vocemus;
812 2943 956 2998 musard:
979 2942 1085 3024 itemC
1106 2942 1208 2999 credit.

222 3045 330 3098 muser,
347 3034 380 3086 ut
394 3030 533 3086 Germani
548 3043 669 3099 musern,
683 3029 811 3085 dicimus
828 3029 923 3086 otiari.

222 3121 280 3190 (61)
293 3120 415 3175 Persius
429 3118 590 3190 indignans
601 3124 718 3188 promet
729 3123 793 3174 tum
806 3119 891 3177 tusco
901 3120 1048 3177 sacerdos.

257 3208 290 3264 In
305 3208 396 3264 Persii
408 3213 509 3280 satyra
523 3213 549 3277 5,
565 3223 670 3263 versus
684 3206 731 3264 hic
744 3211 808 3264 est:

220 3299 302 3354 Hinc
315 3296 445 3368 grandes
459 3297 550 3367 Galli,
566 3303 594 3353 et
609 3312 676 3352 cum
697 3297 786 3353 sistro
803 3298 886 3353 lusca
899 3297 1048 3368 sacerdos,

946 3383 1013 3456 [etc.

256 3475 388 3531 Persium
403 3473 551 3530 66616666
566 3473 722 3544 diligenter
731 3473 857 3544 legeret;
874 3478 987 3530 namet
1001 3491 1049 3530 su·

221 3563 319 3636 perior
331 3578 453 3618 versus:
524 3583 526 3589 ·

220 3652 340 3720 Jupiter
354 3652 407 3707 itte
420 3650 494 3706 duos
510 3655 649 3708 numerat
662 3650 784 3707 meliore
800 3650 928 3719 1661116,

259 3743 291 3796 Et
304 3741 352 3796 hic
367 3740 461 3796 alter:

219 3832 348 3888 Dissutis
363 3831 461 3898 malis,
472 3831 580 3901 statum
591 3828 758 3900 pugnaudo
773 3830 874 3899 rejeci,

257 3920 384 3978 Dimidia
405 3936 442 3976 ex
461 3923 545 3992 perte
561 3921 631 3974 sunt
645 3917 742 3985 Persii,
755 3916 838 3990 prior
861 3933 898 3974 ex
917 3921 1048 3990 satyre2

219 4011 257 4067 de
271 4011 353 4068 hona
368 4014 467 4066 mente
481 4008 521 4064 ad
536 4005 672 4064 Photium
686 4005 867 4064 Macrinum:

218 4100 320 4168 Hunc,
333 4098 479 4162 Macrine,
495 4095 572 4152 diem
583 4110 708 4152 numeru
723 4095 845 4152 metiore
858 4095 975 4165 lapillo.

255 4186 400 4242 Posterior
423 4199 460 4239 ex
481 4187 583 4256 satyra
609 4189 636 4254 3,
651 4199 718 4256 quae
741 4183 905 4256 increpatio
926 4183 1048 4241 desidius

220 4277 273 4330 est.

221 4363 333 4420 Oscitat
346 4362 515 4419 hesternum
530 4362 651 4418 dissutis
665 4363 797 4434 undiquc
806 4362 904 4417 mutis

206 4503 213 4510 .
255 4451 337 4520 ilem,
350 4449 437 4519 infre,
453 4467 482 4507 v.
499 4454 551 4507 200
564 4468 571 4506 :
586 4451 672 4508 Scire
684 4466 781 4507 meum
795 4449 875 4506 nihil
886 4452 939 4516 est,
954 4446 1049 4503 hemi·

219 4541 358 4600 sticbium
372 4540 546 4598 Persienum
560 4545 613 4597 est.

219 4632 434 4705 (tillProsperu
442 4632 469 4688 si
477 4630 532 4687 tibi
540 4636 621 4699 sunl,
631 4643 691 4684 nan
702 4627 810 4684 ludent
820 4627 876 4683 1166
885 4626 1045 4681 reminisci.

253 4719 493 4793 superscriptum
518 4721 582 4775 erat
603 4717 642 4774 ah
661 4714 859 4782 adalberone,
877 4712 1047 4771 contumaci

218 4807 336 4879 syllaba
348 4807 433 4861 brevi
447 4807 557 4862 1666166
570 4808 768 4880 repugnante,
780 4806 882 4876 pigeat
893 4805 947 4861 tce
961 4805 1047 4861 remi·

216 4895 318 4953 616611

217 4984 275 5056 (66)
293 4985 417 5043 Partem
429 4983 622 5054 namquesui,
637 4996 704 5053 gua
714 4995 790 5051 pars
804 4982 951 5052 sapientia
963 4997 1044 5039 uera.

253 5073 508 5148 superscripserat
520 5070 672 5128 66616666
683 5087 689 5125 :

216 5164 300 5218 Dans
315 5164 510 5232 intellectum,
525 5177 590 5234 qua
604 5161 642 5216 sit
658 5160 806 5230 supientia
821 5174 901 5216 vera.

218 5251 273 5320 (66)
294 5251 414 5307 Civibus
433 5253 587 5323 angelicis,
614 5250 767 5308 hominum
787 5255 918 5306 struitur
932 5263 1047 5322 guoque

881 5338 1008 5409 [turreis.

216 5430 295 5486 Pars
304 5428 440 5502 guardam
449 5435 574 5498 regnat;
590 5430 725 5501 quadarn
735 5443 807 5498 pars
819 5429 919 5484 altera
930 5430 1041 5496 sperat.

253 5521 321 5578 Hoec
333 5518 518 5576 Hierusalem
532 5519 658 5578 coelestis
673 5522 764 5576 61166
779 5521 928 5576 exstructa
942 5520 995 5584 est,
1012 5519 1044 5571 ut

217 5610 257 5670 eb
269 5610 384 5684 engeis
405 5612 434 5668 et
451 5607 491 5668 sb
509 5608 683 5671 horninibus
704 5623 826 5682 quoque
843 5605 1040 5664 incoleretur:

1106 3032 1163 3104 (76)
1181 3034 1302 3090 Prasul
1315 3037 1344 3090 et
1357 3034 1410 3090 ille
1430 3047 1516 3091 sacer
1528 3034 1662 3106 loquitur
1675 3035 1835 3108 Gregorius
1848 3032 1911 3094 inde.

1104 3122 1159 3178 deb
1172 3137 1288 3192 magna·
1301 3127 1441 3179 sautans
1454 3123 1527 3192 fidei
1538 3124 1669 3180 moralia
1683 3125 1773 3196 regis.

1141 3209 1271 3280 Gregorii
1284 3225 1382 3283 pepe,
1396 3225 1489 3283 quem
1503 3209 1594 3280 vulgo
1616 3212 1757 3281 ltagnum
1777 3206 1910 3280 cognomi·

1104 3303 1187 3366 nent,
1217 3303 1245 3376 et
1270 3297 1322 3372 qui
1349 3299 1465 3372 primus
1493 3315 1529 3356 eo
1556 3299 1678 3356 nomine
1711 3303 1845 3357 Romane
1868 3298 1909 3352 Ec·

1078 3459 1079 3462 )
1104 3385 1202 3443 6166166
1235 3387 1355 3459 proluit,
1396 3393 1465 3444 sunt
1502 3389 1626 3446 moratis
1662 3389 1854 3460 depositionis
1882 3386 1908 3440 iu

1103 3477 1140 3532 B.
1166 3476 1223 3533 161
1247 3477 1319 3533 libri
1340 3493 1421 3534 xxxv
1450 3477 1491 3534 66
1520 3477 1692 3536 Leandrnm
1723 3476 1906 3551 Hispalensem

1103 3565 1290 3637 episcopum.
1316 3567 1448 3623 Masalia
1472 3565 1656 3624 Adalheroni
1681 3573 1706 3624 et
1731 3563 1820 3622 multis
1844 3560 1902 3616 eliis

1103 3653 1162 3710 dici
1188 3653 1278 3711 rideo
1315 3655 1394 3712 hanc
1423 3655 1570 3713 moralem
1602 3656 1814 3731 expositionem.
1838 3651 1904 3706 Sunt

1103 3741 1239 3813 ejusdem
1264 3743 1296 3800 in
1324 3743 1506 3802 Ezechielem
1530 3746 1710 3820 prophetem
1736 3741 1905 3803 homiliarum

1102 3831 1206 3901 viginti
1227 3831 1288 3889 duo
1312 3832 1379 3889 libri
1403 3834 1443 3891 ed
1457 3834 1665 3892 Martinianum
1680 3835 1848 3910 episcopum
1862 3831 1907 3884 111·

1101 3936 1218 3976 venna.
1241 3919 1414 3994 Utrobique,
1429 3922 1471 3979 eit
1493 3922 1654 3992 Adalhero,
1680 3922 1846 3996 Gregorium
1864 3931 1906 3990 pt·

1102 4025 1175 4083 pem
1195 4009 1368 4068 decivitate
1390 4010 1452 4080 1161,
1467 4027 1521 4068 666
1542 4012 1580 4069 66
1601 4012 1715 4070 coelesti
1737 4007 1906 4070 1116666116,

1102 4104 1132 4156 61
1150 4099 1189 4157 66
1202 4100 1381 4157 incolatibus
1393 4101 1671 4177 principatibusque
1688 4104 1755 4176 ejus
1768 4098 1905 4173 scripsisse.

1102 4189 1250 4261 Loquitur
1264 4189 1425 4260 Gregorius
1438 4190 1517 4261 inde,
1530 4191 1588 4248 hoc
1601 4195 1655 4258 est,
1670 4191 1825 4264 Gregorius
1837 4186 1870 4241 de
1880 4196 1907 4238 0⁸

1101 4276 1284 4350 rescripsit,
1309 4278 1341 4334 S.
1366 4278 1508 4350 Gregoire
1530 4295 1566 4336 en
1584 4281 1682 4350 peric.
1710 4284 1754 4338 116
1781 4275 1906 4346 hodieque

1101 4365 1191 4437 vulgo
1203 4366 1367 4441 loquimur.

1102 4454 1155 4526 (71)
1171 4455 1262 4522 idern,
1277 4471 1440 4513 samonem
1453 4457 1614 4529 rampuns,
1630 4459 1776 4530 ecptanat
1792 4457 1882 4528 aperte

1099 4545 1159 4600 Hic
1171 4549 1199 4601 61
1212 4545 1376 4602 Ezechielis
1391 4561 1482 4616 super
1493 4547 1540 4604 trs
1554 4549 1586 4604 in
1599 4549 1660 4618 fine
1670 4553 1829 4619 patenter:

1099 4632 1165 4689 Hoc
1178 4634 1276 4703 apices
1291 4635 1354 4704 ipsc
1368 4651 1441 4707 guas
1454 4635 1556 4693 Gallia
1570 4637 1662 4693 dante
1673 4643 1795 4708 recepit.

1135 4721 1196 4778 Hos
1208 4721 1240 4778 in
1255 4722 1436 4780 Ezechielem
1450 4723 1648 4783 Homiliarum
1659 4725 1754 4783 libros
1768 4726 1841 4782 duos
1853 4714 1909 4774 dicii

1099 4809 1250 4867 Adelbero
1274 4811 1313 4868 ab
1336 4812 1404 4886 ipso
1429 4814 1569 4884 Gregorio
1590 4815 1701 4871 missos
1715 4819 1744 4872 et
1764 4816 1908 4873 densare

1100 4893 1261 4952 Galliarum
1275 4896 1446 4971 episcopis,
1461 4897 1545 4971 quod
1559 4898 1632 4956 alibi
1644 4913 1707 4956 666
1719 4899 1790 4972 legi.

1099 5005 1156 5070 (72)
1178 5043 1184 5057 .
1208 5041 1214 5054 .
1237 5045 1244 5059 .
1266 5046 1273 5059 .
1293 5005 1459 5062 Distinctus
1481 5007 1653 5076 disponitur
1667 5007 1740 5065 erdo
1759 5011 1908 5077 superui?

1101 5091 1194 5159 Cujus
1207 5091 1248 5146 ad
1260 5093 1416 5162 ecenplar
1429 5098 1565 5151 terrenus
1575 5097 1677 5165 fertur
1690 5095 1804 5154 haberi

1136 5197 1375 5271 Superscriptum
1394 5203 1465 5257 eret.

1100 5303 1246 5358 Terrenus
1259 5303 1362 5374 sertim
1375 5305 1521 5363 discretus
1535 5309 1623 5377 cicius
1641 5309 1802 5379 adinstar.
1819 5353 1834 5382 .··,

1134 5407 1188 5464 Ubi
1200 5408 1425 5468 observandum
1438 5417 1482 5470 est
1496 5413 1659 5486 sepissime
1678 5414 1710 5472 16
1724 5415 1782 5472 hoc
1791 5407 1905 5474 carmine
1961 5433 1962 5468 l

1098 5498 1211 5556 ordinis
1224 5498 1287 5556 fieri
1299 5502 1484 5560 mentionem
1498 5503 1530 5560 in
1544 5503 1678 5560 secundo
1690 5521 1779 5562 versu
1793 5523 1799 5560 :
1961 5483 1962 5509 ¹

1187 5647 1312 5667 .....
1333 5609 1480 5670 E'ratrum
1493 5613 1689 5671 Laedunicus
1703 5613 1785 5672 ordo.
