<?xml version="1.0" encoding="UTF-8"?>
<!DOCTYPE html PUBLIC "-//W3C//DTD XHTML 1.0 Transitional//EN"
    "http://www.w3.org/TR/xhtml1/DTD/xhtml1-transitional.dtd">
<html xmlns="http://www.w3.org/1999/xhtml" xml:lang="en" lang="en">
 <head>
  <title>
</title>
<meta http-equiv="Content-Type" content="text/html;charset=utf-8" />
  <meta name='ocr-system' content='tesseract 3.04.00' />
  <meta name='ocr-capabilities' content='ocr_page ocr_carea ocr_par ocr_line ocrx_word'/>
</head>
<body>
  <div class='ocr_page' id='page_1' title='image "./patrologiaecurs127unkngoog/patrologiaecurs127unkngoog_0339.png"; bbox 0 0 3996 6186; ppageno 0'>
   <div class='ocr_carea' id='block_1_1' title="bbox 73 178 1536 242">
    <p class='ocr_par' dir='ltr' id='par_1_1' title="bbox 73 178 1536 242">
     <span class='ocr_line' id='line_1_1' title="bbox 73 178 1536 242; baseline 0.001 -2"><span class='ocrx_word' id='word_1_1' title='bbox 73 187 123 241; x_wconf 77' lang='lat' dir='ltr'><strong>eos</strong></span> <span class='ocrx_word' id='word_1_2' title='bbox 308 185 354 240; x_wconf 87' lang='lat' dir='ltr'><strong>DE</strong></span> <span class='ocrx_word' id='word_1_3' title='bbox 373 186 492 242; x_wconf 78' lang='lat' dir='ltr'><strong>cusiis</strong></span> <span class='ocrx_word' id='word_1_4' title='bbox 514 180 728 242; x_wconf 77' lang='grc' dir='ltr'>ΝΟῐιΙΑΝιιιιιι</span> <span class='ocrx_word' id='word_1_5' title='bbox 748 181 868 240; x_wconf 77' lang='lat' dir='ltr'><strong>buculi</strong></span> <span class='ocrx_word' id='word_1_6' title='bbox 887 178 983 236; x_wconf 78' lang='lat' dir='ltr'><strong>ussi</strong></span> <span class='ocrx_word' id='word_1_7' title='bbox 997 181 1094 238; x_wconf 75' lang='lat' dir='ltr'><strong>ritus,</strong></span> <span class='ocrx_word' id='word_1_8' title='bbox 1115 213 1151 226; x_wconf 88' lang='lat'><em>-</em></span> <span class='ocrx_word' id='word_1_9' title='bbox 1168 181 1237 240; x_wconf 79' lang='lat' dir='ltr'><strong>nin.</strong></span> <span class='ocrx_word' id='word_1_10' title='bbox 1259 183 1303 242; x_wconf 91' lang='lat' dir='ltr'><strong>lli.</strong></span> <span class='ocrx_word' id='word_1_11' title='bbox 1324 185 1536 242; x_wconf 69' lang='lat' dir='ltr'><strong>niebuhrius</strong></span> 
     </span>
    </p>
   </div>
   <div class='ocr_carea' id='block_1_2' title="bbox 1724 191 1778 246">
    <p class='ocr_par' dir='ltr' id='par_1_2' title="bbox 1724 191 1778 246">
     <span class='ocr_line' id='line_1_2' title="bbox 1724 191 1778 246; baseline 0.037 -2"><span class='ocrx_word' id='word_1_12' title='bbox 1724 191 1778 246; x_wconf 77' lang='grc' dir='ltr'><strong>6ιο</strong></span> 
     </span>
    </p>
   </div>
   <div class='ocr_carea' id='block_1_3' title="bbox 71 304 1776 382">
    <p class='ocr_par' dir='ltr' id='par_1_3' title="bbox 71 304 1776 382">
     <span class='ocr_line' id='line_1_3' title="bbox 71 304 1776 382; baseline 0.005 -20"><span class='ocrx_word' id='word_1_13' title='bbox 71 312 173 380; x_wconf 82' lang='lat' dir='ltr'><strong>putam</strong></span> <span class='ocrx_word' id='word_1_14' title='bbox 195 307 320 365; x_wconf 78' lang='lat' dir='ltr'><strong>deduxit</strong></span> <span class='ocrx_word' id='word_1_15' title='bbox 334 313 500 366; x_wconf 69' lang='lat' dir='ltr'><strong>reverenter</strong></span> <span class='ocrx_word' id='word_1_16' title='bbox 512 309 551 366; x_wconf 90' lang='lat' dir='ltr'><strong>ad</strong></span> <span class='ocrx_word' id='word_1_17' title='bbox 565 309 769 365; x_wconf 82' lang='lat' dir='ltr'><strong>Pietareusem</strong></span> <span class='ocrx_word' id='word_1_18' title='bbox 782 307 934 365; x_wconf 75' lang='lat' dir='ltr'><strong>arsiamn</strong></span> <span class='ocrx_word' id='word_1_19' title='bbox 953 304 1035 360; x_wconf 89' lang='lat' dir='ltr'><strong>urbis</strong></span> <span class='ocrx_word' id='word_1_20' title='bbox 1057 305 1189 374; x_wconf 87' lang='lat' dir='ltr'><strong>sedibus,</strong></span> <span class='ocrx_word' id='word_1_21' title='bbox 1209 307 1328 382; x_wconf 89' lang='lat' dir='ltr'><strong>illicque</strong></span> <span class='ocrx_word' id='word_1_22' title='bbox 1352 325 1422 365; x_wconf 91' lang='lat' dir='ltr'><strong>eum</strong></span> <span class='ocrx_word' id='word_1_23' title='bbox 1446 309 1607 366; x_wconf 84' lang='lat' dir='ltr'><strong>bonorifloe</strong></span> <span class='ocrx_word' id='word_1_24' title='bbox 1628 311 1776 370; x_wconf 78' lang='lat' dir='ltr'><strong>multoties</strong></span> 
     </span>
    </p>
   </div>
   <div class='ocr_carea' id='block_1_4' title="bbox 71 396 898 458">
    <p class='ocr_par' dir='ltr' id='par_1_4' title="bbox 71 396 898 458">
     <span class='ocr_line' id='line_1_4' title="bbox 71 396 898 458; baseline -0.002 -8"><span class='ocrx_word' id='word_1_25' title='bbox 71 397 177 452; x_wconf 83' lang='lat' dir='ltr'><strong>i&#39;idens</strong></span> <span class='ocrx_word' id='word_1_26' title='bbox 202 403 302 458; x_wconf 84' lang='lat' dir='ltr'><strong>autem</strong></span> <span class='ocrx_word' id='word_1_27' title='bbox 330 398 499 456; x_wconf 88' lang='lat' dir='ltr'><strong>Herlbertus</strong></span> <span class='ocrx_word' id='word_1_28' title='bbox 523 397 711 456; x_wconf 88' lang='lat' dir='ltr'><strong>Guillelmum</strong></span> <span class='ocrx_word' id='word_1_29' title='bbox 737 396 898 452; x_wconf 64' lang='lat' dir='ltr'><strong>sorbonae.</strong></span> 
     </span>
    </p>
   </div>
   <div class='ocr_carea' id='block_1_5' title="bbox 951 395 1776 459">
    <p class='ocr_par' dir='ltr' id='par_1_5' title="bbox 951 395 1776 459">
     <span class='ocr_line' id='line_1_5' title="bbox 951 395 1776 459; baseline 0.012 -10"><span class='ocrx_word' id='word_1_30' title='bbox 951 395 1076 450; x_wconf 86' lang='lat' dir='ltr'><strong>detinuit</strong></span> <span class='ocrx_word' id='word_1_31' title='bbox 1096 411 1165 452; x_wconf 89' lang='lat' dir='ltr'><strong>oum</strong></span> <span class='ocrx_word' id='word_1_32' title='bbox 1182 398 1243 456; x_wconf 88' lang='lat' dir='ltr'><strong>suis</strong></span> <span class='ocrx_word' id='word_1_33' title='bbox 1257 399 1411 455; x_wconf 90' lang='lat' dir='ltr'><strong>omnibus.</strong></span> <span class='ocrx_word' id='word_1_34' title='bbox 1429 399 1597 456; x_wconf 79' lang='lat' dir='ltr'><strong>iterabatur</strong></span> <span class='ocrx_word' id='word_1_35' title='bbox 1611 405 1711 458; x_wconf 88' lang='lat' dir='ltr'><strong>autem</strong></span> <span class='ocrx_word' id='word_1_36' title='bbox 1724 417 1776 459; x_wconf 84' lang='lat' dir='ltr'><strong>rex</strong></span> 
     </span>
    </p>
   </div>
   <div class='ocr_carea' id='block_1_6' title="bbox 70 481 1770 557">
    <p class='ocr_par' dir='ltr' id='par_1_6' title="bbox 70 481 1770 557">
     <span class='ocr_line' id='line_1_6' title="bbox 70 481 1770 557; baseline 0.004 -17"><span class='ocrx_word' id='word_1_37' title='bbox 70 501 192 554; x_wconf 88' lang='lat' dir='ltr'><strong>gensem</strong></span> <span class='ocrx_word' id='word_1_38' title='bbox 215 485 374 542; x_wconf 82' lang='lat' dir='ltr'><strong>couicrtsri</strong></span> <span class='ocrx_word' id='word_1_39' title='bbox 398 491 426 542; x_wconf 90' lang='lat' dir='ltr'><strong>et</strong></span> <span class='ocrx_word' id='word_1_40' title='bbox 441 486 659 554; x_wconf 81' lang='lat' dir='ltr'><strong>convalescere,</strong></span> <span class='ocrx_word' id='word_1_41' title='bbox 674 484 827 557; x_wconf 80' lang='lat' dir='ltr'><strong>animique</strong></span> <span class='ocrx_word' id='word_1_42' title='bbox 842 481 897 538; x_wconf 87' lang='lat' dir='ltr'><strong>vir·</strong></span> <span class='ocrx_word' id='word_1_43' title='bbox 950 483 980 538; x_wconf 90' lang='lat' dir='ltr'><strong>in</strong></span> <span class='ocrx_word' id='word_1_44' title='bbox 995 483 1088 540; x_wconf 92' lang='lat' dir='ltr'><strong>domo</strong></span> <span class='ocrx_word' id='word_1_45' title='bbox 1101 486 1249 544; x_wconf 89' lang='lat' dir='ltr'><strong>Guillelmi</strong></span> <span class='ocrx_word' id='word_1_46' title='bbox 1263 487 1350 544; x_wconf 88' lang='lat' dir='ltr'><strong>ducis</strong></span> <span class='ocrx_word' id='word_1_47' title='bbox 1373 493 1406 544; x_wconf 91' lang='grc' dir='ltr'><strong>ιιι</strong></span> <span class='ocrx_word' id='word_1_48' title='bbox 1423 489 1588 556; x_wconf 76' lang='lat' dir='ltr'><strong>domigena</strong></span> <span class='ocrx_word' id='word_1_49' title='bbox 1603 493 1631 545; x_wconf 84' lang='lat' dir='ltr'><strong>ei</strong></span> <span class='ocrx_word' id='word_1_50' title='bbox 1645 495 1770 548; x_wconf 81' lang='lat' dir='ltr'><strong>vernula</strong></span> 
     </span>
    </p>
   </div>
   <div class='ocr_carea' id='block_1_7' title="bbox 66 573 896 915">
    <p class='ocr_par' dir='ltr' id='par_1_7' title="bbox 66 573 896 915">
     <span class='ocr_line' id='line_1_7' title="bbox 69 573 896 651; baseline -0.004 -21"><span class='ocrx_word' id='word_1_51' title='bbox 69 581 129 633; x_wconf 89' lang='lat' dir='ltr'><strong>tute</strong></span> <span class='ocrx_word' id='word_1_52' title='bbox 152 581 181 633; x_wconf 87' lang='lat' dir='ltr'><strong>et</strong></span> <span class='ocrx_word' id='word_1_53' title='bbox 201 578 345 650; x_wconf 76' lang='lat' dir='ltr'><strong>coqscris,</strong></span> <span class='ocrx_word' id='word_1_54' title='bbox 361 578 563 650; x_wconf 83' lang='lat' dir='ltr'><strong>operibusque</strong></span> <span class='ocrx_word' id='word_1_55' title='bbox 584 577 789 651; x_wconf 75' lang='lat' dir='ltr'><strong>praemaximis</strong></span> <span class='ocrx_word' id='word_1_56' title='bbox 813 573 896 628; x_wconf 83' lang='lat' dir='ltr'><strong>sulii·</strong></span> 
     </span>
     <span class='ocr_line' id='line_1_8' title="bbox 68 662 896 734; baseline -0.002 -16"><span class='ocrx_word' id='word_1_57' title='bbox 68 664 180 719; x_wconf 89' lang='lat' dir='ltr'><strong>cienter</strong></span> <span class='ocrx_word' id='word_1_58' title='bbox 192 665 222 720; x_wconf 91' lang='lat' dir='ltr'><strong>in</strong></span> <span class='ocrx_word' id='word_1_59' title='bbox 238 665 351 721; x_wconf 85' lang='lat' dir='ltr'><strong>Christo</strong></span> <span class='ocrx_word' id='word_1_60' title='bbox 369 666 489 733; x_wconf 85' lang='lat' dir='ltr'><strong>enitere,</strong></span> <span class='ocrx_word' id='word_1_61' title='bbox 504 666 629 722; x_wconf 86' lang='lat' dir='ltr'><strong>consilio</strong></span> <span class='ocrx_word' id='word_1_62' title='bbox 652 665 786 732; x_wconf 86' lang='lat' dir='ltr'><strong>lingonis</strong></span> <span class='ocrx_word' id='word_1_63' title='bbox 800 662 896 734; x_wconf 79' lang='lat' dir='ltr'><strong>iiagni</strong></span> 
     </span>
     <span class='ocr_line' id='line_1_9' title="bbox 67 753 896 820; baseline -0.004 -12"><span class='ocrx_word' id='word_1_64' title='bbox 67 753 154 810; x_wconf 72' lang='lat' dir='ltr'><strong>alueis</strong></span> <span class='ocrx_word' id='word_1_65' title='bbox 166 753 247 809; x_wconf 86' lang='lat' dir='ltr'><strong>dedit</strong></span> <span class='ocrx_word' id='word_1_66' title='bbox 262 753 356 810; x_wconf 89' lang='lat' dir='ltr'><strong>tiliam</strong></span> <span class='ocrx_word' id='word_1_67' title='bbox 370 769 457 810; x_wconf 88' lang='lat' dir='ltr'><strong>suam</strong></span> <span class='ocrx_word' id='word_1_68' title='bbox 470 754 521 810; x_wconf 93' lang='lat' dir='ltr'><strong>illi.</strong></span> <span class='ocrx_word' id='word_1_69' title='bbox 532 757 628 820; x_wconf 85' lang='lat' dir='ltr'><strong>Quam</strong></span> <span class='ocrx_word' id='word_1_70' title='bbox 643 754 816 810; x_wconf 82' lang='lat' dir='ltr'><strong>Guillelmua</strong></span> <span class='ocrx_word' id='word_1_71' title='bbox 826 767 896 806; x_wconf 89' lang='lat' dir='ltr'><strong>cum</strong></span> 
     </span>
     <span class='ocr_line' id='line_1_10' title="bbox 66 842 896 915; baseline -0.005 -17"><span class='ocrx_word' id='word_1_72' title='bbox 66 842 256 898; x_wconf 85' lang='lat' dir='ltr'><strong>mirabilibus</strong></span> <span class='ocrx_word' id='word_1_73' title='bbox 282 842 438 909; x_wconf 82' lang='lat' dir='ltr'><strong>fescennls,</strong></span> <span class='ocrx_word' id='word_1_74' title='bbox 464 845 671 915; x_wconf 74' lang='lat' dir='ltr'><strong>apparatibus,</strong></span> <span class='ocrx_word' id='word_1_75' title='bbox 694 842 896 913; x_wconf 74' lang='lat' dir='ltr'><strong>inauditisque</strong></span> 
     </span>
    </p>
   </div>
   <div class='ocr_carea' id='block_1_8' title="bbox 950 572 1747 915">
    <p class='ocr_par' dir='ltr' id='par_1_8' title="bbox 950 572 1628 725">
     <span class='ocr_line' id='line_1_11' title="bbox 950 572 1628 650; baseline 0.01 -24"><span class='ocrx_word' id='word_1_76' title='bbox 950 572 1074 645; x_wconf 87' lang='lat' dir='ltr'><strong>ejusque</strong></span> <span class='ocrx_word' id='word_1_77' title='bbox 1089 573 1316 645; x_wconf 75' lang='lat' dir='ltr'><strong>prestolabatur</strong></span> <span class='ocrx_word' id='word_1_78' title='bbox 1328 576 1460 650; x_wconf 78' lang='lat' dir='ltr'><strong>supplex</strong></span> <span class='ocrx_word' id='word_1_79' title='bbox 1475 577 1628 646; x_wconf 87' lang='lat' dir='ltr'><strong>suffragia.</strong></span> 
     </span>
     <span class='ocr_line' id='line_1_12' title="bbox 1266 682 1458 725; baseline 0.016 -8"><span class='ocrx_word' id='word_1_80' title='bbox 1266 682 1458 725; x_wconf 71' lang='lat' dir='ltr'><strong>arosraornr.</strong></span> 
     </span>
    </p>

    <p class='ocr_par' dir='ltr' id='par_1_9' title="bbox 951 749 1747 828">
     <span class='ocr_line' id='line_1_13' title="bbox 951 749 1747 828; baseline 0.008 -22"><span class='ocrx_word' id='word_1_81' title='bbox 951 749 1079 806; x_wconf 82' lang='lat' dir='ltr'><strong>tiarcbio</strong></span> <span class='ocrx_word' id='word_1_82' title='bbox 1092 751 1158 822; x_wconf 89' lang='lat' dir='ltr'><strong>jure</strong></span> <span class='ocrx_word' id='word_1_83' title='bbox 1169 757 1276 824; x_wconf 89' lang='lat' dir='ltr'><strong>potens</strong></span> <span class='ocrx_word' id='word_1_84' title='bbox 1292 755 1403 812; x_wconf 90' lang='lat' dir='ltr'><strong>meritis</strong></span> <span class='ocrx_word' id='word_1_85' title='bbox 1417 755 1568 828; x_wconf 84' lang='lat' dir='ltr'><strong>digneque</strong></span> <span class='ocrx_word' id='word_1_86' title='bbox 1584 755 1747 826; x_wconf 78' lang='lat' dir='ltr'><strong>remigans,</strong></span> 
     </span>
    </p>

    <p class='ocr_par' dir='ltr' id='par_1_10' title="bbox 951 838 1673 915">
     <span class='ocr_line' id='line_1_14' title="bbox 951 838 1673 915; baseline 0.008 -21"><span class='ocrx_word' id='word_1_87' title='bbox 951 838 1031 895; x_wconf 89' lang='lat' dir='ltr'><strong>Ultro</strong></span> <span class='ocrx_word' id='word_1_88' title='bbox 1045 841 1127 896; x_wconf 84' lang='lat' dir='ltr'><strong>nullo</strong></span> <span class='ocrx_word' id='word_1_89' title='bbox 1141 857 1268 915; x_wconf 77' lang='lat' dir='ltr'><strong>quaqua</strong></span> <span class='ocrx_word' id='word_1_90' title='bbox 1281 844 1333 900; x_wconf 92' lang='lat' dir='ltr'><strong>tibi</strong></span> <span class='ocrx_word' id='word_1_91' title='bbox 1347 845 1439 900; x_wconf 92' lang='lat' dir='ltr'><strong>modo</strong></span> <span class='ocrx_word' id='word_1_92' title='bbox 1451 845 1570 902; x_wconf 88' lang='lat' dir='ltr'><strong>subdita</strong></span> <span class='ocrx_word' id='word_1_93' title='bbox 1584 845 1673 915; x_wconf 88' lang='lat' dir='ltr'><strong>cedit,</strong></span> 
     </span>
    </p>
   </div>
   <div class='ocr_carea' id='block_1_9' title="bbox 65 929 1694 1003">
    <p class='ocr_par' dir='ltr' id='par_1_11' title="bbox 65 929 1694 1003">
     <span class='ocr_line' id='line_1_15' title="bbox 65 929 1694 1003; baseline 0.003 -16"><span class='ocrx_word' id='word_1_94' title='bbox 65 932 226 990; x_wconf 88' lang='lat' dir='ltr'><strong>indicibilis</strong></span> <span class='ocrx_word' id='word_1_95' title='bbox 242 933 363 988; x_wconf 88' lang='lat' dir='ltr'><strong>honoris</strong></span> <span class='ocrx_word' id='word_1_96' title='bbox 376 939 404 988; x_wconf 88' lang='lat' dir='ltr'><strong>et</strong></span> <span class='ocrx_word' id='word_1_97' title='bbox 416 933 568 1003; x_wconf 87' lang='lat' dir='ltr'><strong>dignitatis</strong></span> <span class='ocrx_word' id='word_1_98' title='bbox 578 934 736 990; x_wconf 88' lang='lat' dir='ltr'><strong>ornatibus</strong></span> <span class='ocrx_word' id='word_1_99' title='bbox 748 929 897 1002; x_wconf 90' lang='lat' dir='ltr'><strong>comptius</strong></span> <span class='ocrx_word' id='word_1_100' title='bbox 950 929 1047 999; x_wconf 78' lang='lat' dir='ltr'><strong>Diligit</strong></span> <span class='ocrx_word' id='word_1_101' title='bbox 1059 929 1249 1000; x_wconf 87' lang='lat' dir='ltr'><strong>incumbens,</strong></span> <span class='ocrx_word' id='word_1_102' title='bbox 1262 933 1361 1002; x_wconf 88' lang='lat' dir='ltr'><strong>servit,</strong></span> <span class='ocrx_word' id='word_1_103' title='bbox 1377 933 1547 1001; x_wconf 83' lang='lat' dir='ltr'><strong>tumulatur,</strong></span> <span class='ocrx_word' id='word_1_104' title='bbox 1560 935 1694 992; x_wconf 72' lang='lat' dir='ltr'><strong>inhaeret.</strong></span> 
     </span>
    </p>
   </div>
   <div class='ocr_carea' id='block_1_10' title="bbox 66 1019 897 1095">
    <p class='ocr_par' dir='ltr' id='par_1_12' title="bbox 66 1019 897 1095">
     <span class='ocr_line' id='line_1_16' title="bbox 66 1019 897 1095; baseline -0.001 -20"><span class='ocrx_word' id='word_1_105' title='bbox 66 1022 217 1091; x_wconf 82' lang='lat' dir='ltr'><strong>suffultus,</strong></span> <span class='ocrx_word' id='word_1_106' title='bbox 240 1021 553 1095; x_wconf 63' lang='lat' dir='ltr'><strong>inaestimabiliumque</strong></span> <span class='ocrx_word' id='word_1_107' title='bbox 576 1023 712 1095; x_wconf 91' lang='lat' dir='ltr'><strong>equitum</strong></span> <span class='ocrx_word' id='word_1_108' title='bbox 734 1019 897 1081; x_wconf 84' lang='lat' dir='ltr'><strong>multitudi-</strong></span> 
     </span>
    </p>
   </div>
   <div class='ocr_carea' id='block_1_11' title="bbox 60 1107 896 1621">
    <p class='ocr_par' dir='ltr' id='par_1_13' title="bbox 60 1107 896 1621">
     <span class='ocr_line' id='line_1_17' title="bbox 64 1107 896 1182; baseline -0.004 -17"><span class='ocrx_word' id='word_1_109' title='bbox 64 1126 101 1165; x_wconf 90' lang='lat' dir='ltr'><strong>ne</strong></span> <span class='ocrx_word' id='word_1_110' title='bbox 119 1110 353 1182; x_wconf 87' lang='lat' dir='ltr'><strong>undiquesecus</strong></span> <span class='ocrx_word' id='word_1_111' title='bbox 368 1111 564 1182; x_wconf 89' lang='lat' dir='ltr'><strong>constipatus,</strong></span> <span class='ocrx_word' id='word_1_112' title='bbox 579 1110 723 1166; x_wconf 86' lang='lat' dir='ltr'><strong>conduxit</strong></span> <span class='ocrx_word' id='word_1_113' title='bbox 737 1107 896 1177; x_wconf 88' lang='lat' dir='ltr'><strong>magnilica</strong></span> 
     </span>
     <span class='ocr_line' id='line_1_18' title="bbox 65 1196 895 1268; baseline -0.002 -16"><span class='ocrx_word' id='word_1_114' title='bbox 65 1198 316 1268; x_wconf 78' lang='lat' dir='ltr'><strong>liothomageners</strong></span> <span class='ocrx_word' id='word_1_115' title='bbox 344 1198 427 1254; x_wconf 86' lang='lat' dir='ltr'><strong>urbis</strong></span> <span class='ocrx_word' id='word_1_116' title='bbox 454 1198 584 1258; x_wconf 88' lang='lat' dir='ltr'><strong>arcibus.</strong></span> <span class='ocrx_word' id='word_1_117' title='bbox 608 1197 784 1268; x_wconf 82' lang='lat' dir='ltr'><strong>Reiulgebat</strong></span> <span class='ocrx_word' id='word_1_118' title='bbox 806 1196 837 1250; x_wconf 92' lang='grc' dir='ltr'><strong>ιιι</strong></span> <span class='ocrx_word' id='word_1_119' title='bbox 859 1211 895 1250; x_wconf 92' lang='lat' dir='ltr'><strong>eo</strong></span> 
     </span>
     <span class='ocr_line' id='line_1_19' title="bbox 63 1286 895 1360; baseline -0.001 -20"><span class='ocrx_word' id='word_1_120' title='bbox 63 1287 210 1342; x_wconf 84' lang='lat' dir='ltr'><strong>sanctitas</strong></span> <span class='ocrx_word' id='word_1_121' title='bbox 242 1293 270 1342; x_wconf 90' lang='lat' dir='ltr'><strong>et</strong></span> <span class='ocrx_word' id='word_1_122' title='bbox 303 1286 473 1360; x_wconf 89' lang='lat' dir='ltr'><strong>prudentia,</strong></span> <span class='ocrx_word' id='word_1_123' title='bbox 502 1286 680 1359; x_wconf 72' lang='lat' dir='ltr'><strong>praenitebat</strong></span> <span class='ocrx_word' id='word_1_124' title='bbox 712 1286 895 1342; x_wconf 77' lang='lat' dir='ltr'><strong>incessanter</strong></span> 
     </span>
     <span class='ocr_line' id='line_1_20' title="bbox 62 1373 895 1448; baseline -0.001 -18"><span class='ocrx_word' id='word_1_125' title='bbox 62 1376 234 1448; x_wconf 83' lang='lat' dir='ltr'><strong>requiisset</strong></span> <span class='ocrx_word' id='word_1_126' title='bbox 246 1376 369 1447; x_wconf 91' lang='lat' dir='ltr'><strong>justitia.</strong></span> <span class='ocrx_word' id='word_1_127' title='bbox 390 1375 586 1448; x_wconf 81' lang='lat' dir='ltr'><strong>opprimebat</strong></span> <span class='ocrx_word' id='word_1_128' title='bbox 601 1375 747 1448; x_wconf 88' lang='lat' dir='ltr'><strong>superbos</strong></span> <span class='ocrx_word' id='word_1_129' title='bbox 761 1380 789 1430; x_wconf 90' lang='lat' dir='ltr'><strong>ei</strong></span> <span class='ocrx_word' id='word_1_130' title='bbox 803 1373 895 1429; x_wconf 87' lang='lat' dir='ltr'><strong>male·</strong></span> 
     </span>
     <span class='ocr_line' id='line_1_21' title="bbox 60 1462 893 1529; baseline -0.002 -11"><span class='ocrx_word' id='word_1_131' title='bbox 60 1464 150 1518; x_wconf 80' lang='lat' dir='ltr'><strong>volos</strong></span> <span class='ocrx_word' id='word_1_132' title='bbox 162 1465 309 1529; x_wconf 78' lang='lat' dir='ltr'><strong>severiter,</strong></span> <span class='ocrx_word' id='word_1_133' title='bbox 325 1463 477 1520; x_wconf 70' lang='lat' dir='ltr'><strong>exalmbat</strong></span> <span class='ocrx_word' id='word_1_134' title='bbox 488 1463 619 1520; x_wconf 85' lang='lat' dir='ltr'><strong>humiles</strong></span> <span class='ocrx_word' id='word_1_135' title='bbox 633 1467 662 1524; x_wconf 86' lang='lat' dir='ltr'><strong>et</strong></span> <span class='ocrx_word' id='word_1_136' title='bbox 674 1462 835 1519; x_wconf 83' lang='lat' dir='ltr'><strong>benevolos</strong></span> <span class='ocrx_word' id='word_1_137' title='bbox 850 1477 893 1516; x_wconf 90' lang='lat' dir='ltr'><strong>re·</strong></span> 
     </span>
     <span class='ocr_line' id='line_1_22' title="bbox 61 1551 896 1621; baseline -0.002 -13"><span class='ocrx_word' id='word_1_138' title='bbox 61 1557 208 1610; x_wconf 75' lang='lat' dir='ltr'><strong>verenter.</strong></span> <span class='ocrx_word' id='word_1_139' title='bbox 239 1556 376 1621; x_wconf 67' lang='lat' dir='ltr'><strong>paganos</strong></span> <span class='ocrx_word' id='word_1_140' title='bbox 400 1557 429 1608; x_wconf 87' lang='lat' dir='ltr'><strong>ei</strong></span> <span class='ocrx_word' id='word_1_141' title='bbox 458 1552 628 1608; x_wconf 88' lang='lat' dir='ltr'><strong>incredulos</strong></span> <span class='ocrx_word' id='word_1_142' title='bbox 659 1551 834 1610; x_wconf 90' lang='lat' dir='ltr'><strong>muneribus</strong></span> <span class='ocrx_word' id='word_1_143' title='bbox 866 1555 896 1606; x_wconf 92' lang='lat' dir='ltr'><strong>et</strong></span> 
     </span>
    </p>
   </div>
   <div class='ocr_carea' id='block_1_12' title="bbox 948 1018 1780 1626">
    <p class='ocr_par' dir='ltr' id='par_1_14' title="bbox 950 1018 1776 1098">
     <span class='ocr_line' id='line_1_23' title="bbox 950 1018 1776 1098; baseline 0.01 -26"><span class='ocrx_word' id='word_1_144' title='bbox 950 1018 1026 1084; x_wconf 85' lang='lat' dir='ltr'><strong>Quin</strong></span> <span class='ocrx_word' id='word_1_145' title='bbox 1041 1035 1128 1091; x_wconf 91' lang='lat' dir='ltr'><strong>prece</strong></span> <span class='ocrx_word' id='word_1_146' title='bbox 1140 1036 1193 1075; x_wconf 83' lang='lat' dir='ltr'><strong>rex</strong></span> <span class='ocrx_word' id='word_1_147' title='bbox 1207 1021 1312 1078; x_wconf 89' lang='lat' dir='ltr'><strong>humili</strong></span> <span class='ocrx_word' id='word_1_148' title='bbox 1325 1023 1451 1095; x_wconf 84' lang='lat' dir='ltr'><strong>supplex</strong></span> <span class='ocrx_word' id='word_1_149' title='bbox 1465 1039 1639 1098; x_wconf 87' lang='lat' dir='ltr'><strong>pronusque</strong></span> <span class='ocrx_word' id='word_1_150' title='bbox 1653 1025 1776 1098; x_wconf 89' lang='lat' dir='ltr'><strong>requirit</strong></span> 
     </span>
    </p>

    <p class='ocr_par' dir='ltr' id='par_1_15' title="bbox 950 1106 1551 1183">
     <span class='ocr_line' id='line_1_24' title="bbox 950 1106 1551 1183; baseline 0.007 -21"><span class='ocrx_word' id='word_1_151' title='bbox 950 1106 1099 1174; x_wconf 78' lang='lat' dir='ltr'><strong>Suffragia</strong></span> <span class='ocrx_word' id='word_1_152' title='bbox 1115 1113 1208 1164; x_wconf 87' lang='lat' dir='ltr'><strong>semet</strong></span> <span class='ocrx_word' id='word_1_153' title='bbox 1223 1108 1328 1165; x_wconf 85' lang='lat' dir='ltr'><strong>virtute</strong></span> <span class='ocrx_word' id='word_1_154' title='bbox 1343 1115 1455 1183; x_wconf 85' lang='lat' dir='ltr'><strong>tuaque</strong></span> <span class='ocrx_word' id='word_1_155' title='bbox 1467 1111 1551 1167; x_wconf 88' lang='lat' dir='ltr'><strong>tucri.</strong></span> 
     </span>
    </p>

    <p class='ocr_par' dir='ltr' id='par_1_16' title="bbox 949 1195 1774 1270">
     <span class='ocr_line' id='line_1_25' title="bbox 949 1195 1774 1270; baseline 0.008 -21"><span class='ocrx_word' id='word_1_156' title='bbox 949 1195 1176 1268; x_wconf 80' lang='lat' dir='ltr'><strong>Pontificesquo,</strong></span> <span class='ocrx_word' id='word_1_157' title='bbox 1186 1196 1290 1266; x_wconf 86' lang='lat' dir='ltr'><strong>ducas,</strong></span> <span class='ocrx_word' id='word_1_158' title='bbox 1302 1197 1435 1265; x_wconf 87' lang='lat' dir='ltr'><strong>comites,</strong></span> <span class='ocrx_word' id='word_1_159' title='bbox 1448 1213 1586 1270; x_wconf 87' lang='lat' dir='ltr'><strong>proceres</strong></span> <span class='ocrx_word' id='word_1_160' title='bbox 1597 1205 1774 1268; x_wconf 83' lang='lat' dir='ltr'><strong>reverentur,</strong></span> 
     </span>
    </p>

    <p class='ocr_par' dir='ltr' id='par_1_17' title="bbox 949 1283 1673 1359">
     <span class='ocr_line' id='line_1_26' title="bbox 949 1283 1673 1359; baseline 0.006 -21"><span class='ocrx_word' id='word_1_161' title='bbox 949 1285 982 1338; x_wconf 88' lang='lat' dir='ltr'><strong>Et</strong></span> <span class='ocrx_word' id='word_1_162' title='bbox 994 1283 1100 1350; x_wconf 90' lang='lat' dir='ltr'><strong>clerus,</strong></span> <span class='ocrx_word' id='word_1_163' title='bbox 1116 1284 1287 1358; x_wconf 81' lang='lat' dir='ltr'><strong>vulgusque</strong></span> <span class='ocrx_word' id='word_1_164' title='bbox 1304 1286 1395 1341; x_wconf 91' lang='lat' dir='ltr'><strong>simul</strong></span> <span class='ocrx_word' id='word_1_165' title='bbox 1407 1303 1494 1342; x_wconf 86' lang='lat' dir='ltr'><strong>secus</strong></span> <span class='ocrx_word' id='word_1_166' title='bbox 1508 1287 1673 1359; x_wconf 90' lang='lat' dir='ltr'><strong>utriusque,</strong></span> 
     </span>
    </p>

    <p class='ocr_par' dir='ltr' id='par_1_18' title="bbox 950 1373 1671 1449">
     <span class='ocr_line' id='line_1_27' title="bbox 950 1373 1671 1449; baseline 0.003 -21"><span class='ocrx_word' id='word_1_167' title='bbox 950 1375 984 1428; x_wconf 93' lang='lat' dir='ltr'><strong>Ut</strong></span> <span class='ocrx_word' id='word_1_168' title='bbox 998 1373 1133 1442; x_wconf 89' lang='lat' dir='ltr'><strong>gerulam</strong></span> <span class='ocrx_word' id='word_1_169' title='bbox 1149 1375 1242 1447; x_wconf 88' lang='lat' dir='ltr'><strong>pacis,</strong></span> <span class='ocrx_word' id='word_1_170' title='bbox 1259 1391 1540 1449; x_wconf 76' lang='lat' dir='ltr'><strong>praecursoremque</strong></span> <span class='ocrx_word' id='word_1_171' title='bbox 1556 1376 1671 1448; x_wconf 80' lang='lat' dir='ltr'><strong>salutis,</strong></span> 
     </span>
    </p>

    <p class='ocr_par' dir='ltr' id='par_1_19' title="bbox 948 1461 1780 1626">
     <span class='ocr_line' id='line_1_28' title="bbox 948 1461 1606 1536; baseline 0.005 -20"><span class='ocrx_word' id='word_1_172' title='bbox 948 1461 1044 1518; x_wconf 79' lang='lat' dir='ltr'><strong>Armis</strong></span> <span class='ocrx_word' id='word_1_173' title='bbox 1059 1469 1087 1517; x_wconf 92' lang='lat' dir='ltr'><strong>et</strong></span> <span class='ocrx_word' id='word_1_174' title='bbox 1103 1478 1190 1535; x_wconf 87' lang='lat' dir='ltr'><strong>precs</strong></span> <span class='ocrx_word' id='word_1_175' title='bbox 1206 1470 1233 1520; x_wconf 93' lang='lat' dir='ltr'><strong>te</strong></span> <span class='ocrx_word' id='word_1_176' title='bbox 1247 1464 1302 1519; x_wconf 90' lang='lat' dir='ltr'><strong>sibl</strong></span> <span class='ocrx_word' id='word_1_177' title='bbox 1315 1469 1445 1536; x_wconf 88' lang='lat' dir='ltr'><strong>poscunt</strong></span> <span class='ocrx_word' id='word_1_178' title='bbox 1459 1464 1606 1520; x_wconf 82' lang='lat' dir='ltr'><strong>auxiliari.</strong></span> 
     </span>
     <span class='ocr_line' id='line_1_29' title="bbox 984 1551 1780 1626; baseline -0.003 -19"><span class='ocrx_word' id='word_1_179' title='bbox 984 1551 1146 1607; x_wconf 78' lang='lat' dir='ltr'><strong>Confestim</strong></span> <span class='ocrx_word' id='word_1_180' title='bbox 1173 1551 1348 1608; x_wconf 81' lang='lat' dir='ltr'><strong>duillelrnus</strong></span> <span class='ocrx_word' id='word_1_181' title='bbox 1371 1553 1537 1626; x_wconf 89' lang='lat' dir='ltr'><strong>quemdam</strong></span> <span class='ocrx_word' id='word_1_182' title='bbox 1555 1555 1723 1620; x_wconf 72' lang='lat' dir='ltr'><strong>tetgerum,</strong></span> <span class='ocrx_word' id='word_1_183' title='bbox 1735 1554 1780 1621; x_wconf 83' lang='lat' dir='ltr'><strong>ty-</strong></span> 
     </span>
    </p>
   </div>
   <div class='ocr_carea' id='block_1_13' title="bbox 59 1639 1777 1715">
    <p class='ocr_par' dir='ltr' id='par_1_20' title="bbox 59 1639 1777 1715">
     <span class='ocr_line' id='line_1_30' title="bbox 59 1639 1777 1715; baseline 0.001 -20"><span class='ocrx_word' id='word_1_184' title='bbox 59 1641 162 1696; x_wconf 83' lang='lat' dir='ltr'><strong>verbis</strong></span> <span class='ocrx_word' id='word_1_185' title='bbox 176 1641 348 1698; x_wconf 89' lang='lat' dir='ltr'><strong>adducebat</strong></span> <span class='ocrx_word' id='word_1_186' title='bbox 363 1641 401 1696; x_wconf 89' lang='lat' dir='ltr'><strong>ad</strong></span> <span class='ocrx_word' id='word_1_187' title='bbox 416 1640 532 1697; x_wconf 91' lang='lat' dir='ltr'><strong>cultum</strong></span> <span class='ocrx_word' id='word_1_188' title='bbox 546 1656 623 1696; x_wconf 83' lang='lat' dir='ltr'><strong>veras</strong></span> <span class='ocrx_word' id='word_1_189' title='bbox 647 1639 727 1708; x_wconf 74' lang='lat' dir='ltr'><strong>tirtel,</strong></span> <span class='ocrx_word' id='word_1_190' title='bbox 741 1639 894 1695; x_wconf 85' lang='lat' dir='ltr'><strong>eredentes</strong></span> <span class='ocrx_word' id='word_1_191' title='bbox 910 1661 929 1714; x_wconf 72' lang='grc' dir='ltr'><strong>Β</strong></span> <span class='ocrx_word' id='word_1_192' title='bbox 947 1656 1053 1695; x_wconf 90' lang='lat' dir='ltr'><strong>ronam</strong></span> <span class='ocrx_word' id='word_1_193' title='bbox 1066 1640 1176 1696; x_wconf 91' lang='lat' dir='ltr'><strong>domus</strong></span> <span class='ocrx_word' id='word_1_194' title='bbox 1191 1657 1252 1696; x_wconf 85' lang='lat' dir='ltr'><strong>sues</strong></span> <span class='ocrx_word' id='word_1_195' title='bbox 1264 1642 1431 1715; x_wconf 89' lang='lat' dir='ltr'><strong>prinoipem</strong></span> <span class='ocrx_word' id='word_1_196' title='bbox 1455 1642 1535 1698; x_wconf 86' lang='lat' dir='ltr'><strong>misit</strong></span> <span class='ocrx_word' id='word_1_197' title='bbox 1559 1643 1598 1698; x_wconf 85' lang='lat' dir='ltr'><strong>ad</strong></span> <span class='ocrx_word' id='word_1_198' title='bbox 1618 1641 1777 1697; x_wconf 87' lang='lat' dir='ltr'><strong>ilenrlcum</strong></span> 
     </span>
    </p>
   </div>
   <div class='ocr_carea' id='block_1_14' title="bbox 55 1729 896 2781">
    <p class='ocr_par' dir='ltr' id='par_1_21' title="bbox 55 1729 896 2781">
     <span class='ocr_line' id='line_1_31' title="bbox 59 1729 895 1794; baseline -0.001 -9"><span class='ocrx_word' id='word_1_199' title='bbox 59 1730 190 1794; x_wconf 82' lang='lat' dir='ltr'><strong>urgebat</strong></span> <span class='ocrx_word' id='word_1_200' title='bbox 216 1731 254 1786; x_wconf 86' lang='lat' dir='ltr'><strong>ad</strong></span> <span class='ocrx_word' id='word_1_201' title='bbox 280 1731 401 1785; x_wconf 87' lang='lat' dir='ltr'><strong>laudem</strong></span> <span class='ocrx_word' id='word_1_202' title='bbox 427 1730 543 1786; x_wconf 79' lang='lat' dir='ltr'><strong>Christi.</strong></span> <span class='ocrx_word' id='word_1_203' title='bbox 568 1733 631 1785; x_wconf 83' lang='lat' dir='ltr'><strong>lion</strong></span> <span class='ocrx_word' id='word_1_204' title='bbox 654 1729 750 1785; x_wconf 88' lang='lat' dir='ltr'><strong>solum</strong></span> <span class='ocrx_word' id='word_1_205' title='bbox 774 1744 895 1784; x_wconf 84' lang='lat' dir='ltr'><strong>monar-</strong></span> 
     </span>
     <span class='ocr_line' id='line_1_32' title="bbox 56 1819 894 1892; baseline 0 -18"><span class='ocrx_word' id='word_1_206' title='bbox 56 1820 160 1875; x_wconf 85' lang='lat' dir='ltr'><strong>chiam</strong></span> <span class='ocrx_word' id='word_1_207' title='bbox 172 1836 268 1892; x_wconf 89' lang='lat' dir='ltr'><strong>quam</strong></span> <span class='ocrx_word' id='word_1_208' title='bbox 285 1819 403 1876; x_wconf 88' lang='lat' dir='ltr'><strong>tenebat</strong></span> <span class='ocrx_word' id='word_1_209' title='bbox 417 1819 549 1887; x_wconf 76' lang='lat' dir='ltr'><strong>regebat,</strong></span> <span class='ocrx_word' id='word_1_210' title='bbox 565 1835 669 1875; x_wconf 84' lang='lat' dir='ltr'><strong>verum</strong></span> <span class='ocrx_word' id='word_1_211' title='bbox 684 1820 776 1875; x_wconf 90' lang='lat' dir='ltr'><strong>etiam</strong></span> <span class='ocrx_word' id='word_1_212' title='bbox 791 1819 894 1874; x_wconf 85' lang='lat' dir='ltr'><strong>affinia</strong></span> 
     </span>
     <span class='ocr_line' id='line_1_33' title="bbox 56 1909 894 1981; baseline -0.002 -17"><span class='ocrx_word' id='word_1_213' title='bbox 56 1925 153 1978; x_wconf 73' lang='lat' dir='ltr'><strong>regna</strong></span> <span class='ocrx_word' id='word_1_214' title='bbox 166 1915 290 1965; x_wconf 74' lang='lat' dir='ltr'><strong>suanno</strong></span> <span class='ocrx_word' id='word_1_215' title='bbox 307 1909 431 1965; x_wconf 82' lang='lat' dir='ltr'><strong>consilio</strong></span> <span class='ocrx_word' id='word_1_216' title='bbox 445 1909 631 1966; x_wconf 88' lang='lat' dir='ltr'><strong>moderabat.</strong></span> <span class='ocrx_word' id='word_1_217' title='bbox 647 1909 733 1977; x_wconf 81' lang='lat' dir='ltr'><strong>Angli</strong></span> <span class='ocrx_word' id='word_1_218' title='bbox 746 1909 894 1981; x_wconf 83' lang='lat' dir='ltr'><strong>parebant</strong></span> 
     </span>
     <span class='ocr_line' id='line_1_34' title="bbox 56 1997 892 2068; baseline 0 -16"><span class='ocrx_word' id='word_1_219' title='bbox 56 1999 128 2068; x_wconf 86' lang='lat' dir='ltr'><strong>ejus</strong></span> <span class='ocrx_word' id='word_1_220' title='bbox 142 1998 310 2061; x_wconf 87' lang='lat' dir='ltr'><strong>mandatis,</strong></span> <span class='ocrx_word' id='word_1_221' title='bbox 327 1998 428 2053; x_wconf 79' lang='lat' dir='ltr'><strong>Franci</strong></span> <span class='ocrx_word' id='word_1_222' title='bbox 440 2001 470 2052; x_wconf 91' lang='lat' dir='ltr'><strong>et</strong></span> <span class='ocrx_word' id='word_1_223' title='bbox 481 1998 707 2066; x_wconf 77' lang='lat' dir='ltr'><strong>Burgundiones</strong></span> <span class='ocrx_word' id='word_1_224' title='bbox 718 1999 784 2068; x_wconf 85' lang='lat' dir='ltr'><strong>ejus</strong></span> <span class='ocrx_word' id='word_1_225' title='bbox 795 1997 892 2053; x_wconf 89' lang='lat' dir='ltr'><strong>dictis.</strong></span> 
     </span>
     <span class='ocr_line' id='line_1_35' title="bbox 55 2086 892 2159; baseline 0.004 -20"><span class='ocrx_word' id='word_1_226' title='bbox 55 2087 251 2159; x_wconf 77' lang='lat' dir='ltr'><strong>Ubicumque</strong></span> <span class='ocrx_word' id='word_1_227' title='bbox 276 2091 420 2142; x_wconf 82' lang='lat' dir='ltr'><strong>ten-arum</strong></span> <span class='ocrx_word' id='word_1_228' title='bbox 444 2101 553 2141; x_wconf 89' lang='lat' dir='ltr'><strong>nomen</strong></span> <span class='ocrx_word' id='word_1_229' title='bbox 571 2087 635 2157; x_wconf 86' lang='lat' dir='ltr'><strong>eJ&#39;us</strong></span> <span class='ocrx_word' id='word_1_230' title='bbox 649 2086 839 2151; x_wconf 86' lang='lat' dir='ltr'><strong>audiebatur,</strong></span> <span class='ocrx_word' id='word_1_231' title='bbox 853 2086 892 2142; x_wconf 87' lang='lat' dir='ltr'><strong>ab</strong></span> 
     </span>
     <span class='ocr_line' id='line_1_36' title="bbox 55 2172 893 2242; baseline 0.007 -19"><span class='ocrx_word' id='word_1_232' title='bbox 55 2172 206 2226; x_wconf 76' lang='lat' dir='ltr'><strong>carnibus</strong></span> <span class='ocrx_word' id='word_1_233' title='bbox 221 2173 481 2242; x_wconf 84' lang='lat' dir='ltr'><strong>magnificabiliter</strong></span> <span class='ocrx_word' id='word_1_234' title='bbox 494 2174 683 2230; x_wconf 76' lang='lat' dir='ltr'><strong>laudabatur.</strong></span> <span class='ocrx_word' id='word_1_235' title='bbox 695 2175 827 2230; x_wconf 80' lang='lat' dir='ltr'><strong>Audiens</strong></span> <span class='ocrx_word' id='word_1_236' title='bbox 841 2191 893 2230; x_wconf 90' lang='lat' dir='ltr'><strong>au-</strong></span> 
     </span>
     <span class='ocr_line' id='line_1_37' title="bbox 56 2259 894 2336; baseline 0.006 -23"><span class='ocrx_word' id='word_1_237' title='bbox 56 2262 119 2314; x_wconf 90' lang='lat' dir='ltr'><strong>tem</strong></span> <span class='ocrx_word' id='word_1_238' title='bbox 129 2259 278 2316; x_wconf 68' lang='lat' dir='ltr'><strong>alstemus</strong></span> <span class='ocrx_word' id='word_1_239' title='bbox 287 2278 339 2316; x_wconf 84' lang='lat' dir='ltr'><strong>rex</strong></span> <span class='ocrx_word' id='word_1_240' title='bbox 349 2263 512 2330; x_wconf 79' lang='lat' dir='ltr'><strong>rugiorum</strong></span> <span class='ocrx_word' id='word_1_241' title='bbox 521 2263 666 2336; x_wconf 86' lang='lat' dir='ltr'><strong>paciticus</strong></span> <span class='ocrx_word' id='word_1_242' title='bbox 679 2263 764 2336; x_wconf 89' lang='lat' dir='ltr'><strong>quod</strong></span> <span class='ocrx_word' id='word_1_243' title='bbox 774 2263 894 2335; x_wconf 85' lang='lat' dir='ltr'><strong>praecel-</strong></span> 
     </span>
     <span class='ocr_line' id='line_1_38' title="bbox 56 2347 892 2424; baseline 0.008 -23"><span class='ocrx_word' id='word_1_244' title='bbox 56 2347 140 2403; x_wconf 87' lang='lat' dir='ltr'><strong>lebat</strong></span> <span class='ocrx_word' id='word_1_245' title='bbox 153 2348 328 2406; x_wconf 87' lang='lat' dir='ltr'><strong>Cuillelmus</strong></span> <span class='ocrx_word' id='word_1_246' title='bbox 342 2351 447 2407; x_wconf 86' lang='lat' dir='ltr'><strong>virtute</strong></span> <span class='ocrx_word' id='word_1_247' title='bbox 463 2357 490 2410; x_wconf 89' lang='lat' dir='ltr'><strong>et</strong></span> <span class='ocrx_word' id='word_1_248' title='bbox 511 2353 644 2424; x_wconf 84' lang='lat' dir='ltr'><strong>potentis</strong></span> <span class='ocrx_word' id='word_1_249' title='bbox 659 2353 824 2408; x_wconf 79' lang='lat' dir='ltr'><strong>Franciscas</strong></span> <span class='ocrx_word' id='word_1_250' title='bbox 837 2369 892 2408; x_wconf 85' lang='lat' dir='ltr'><strong>na-</strong></span> 
     </span>
     <span class='ocr_line' id='line_1_39' title="bbox 60 2437 893 2510; baseline 0.007 -20"><span class='ocrx_word' id='word_1_251' title='bbox 60 2437 149 2492; x_wconf 90' lang='lat' dir='ltr'><strong>tionis</strong></span> <span class='ocrx_word' id='word_1_252' title='bbox 166 2438 321 2503; x_wconf 89' lang='lat' dir='ltr'><strong>omnibus,</strong></span> <span class='ocrx_word' id='word_1_253' title='bbox 337 2440 417 2496; x_wconf 80' lang='lat' dir='ltr'><strong>misit</strong></span> <span class='ocrx_word' id='word_1_254' title='bbox 431 2441 472 2497; x_wconf 92' lang='lat' dir='ltr'><strong>ad</strong></span> <span class='ocrx_word' id='word_1_255' title='bbox 496 2455 563 2496; x_wconf 88' lang='lat' dir='ltr'><strong>eum</strong></span> <span class='ocrx_word' id='word_1_256' title='bbox 591 2442 704 2510; x_wconf 86' lang='lat' dir='ltr'><strong>legatos</strong></span> <span class='ocrx_word' id='word_1_257' title='bbox 730 2457 800 2496; x_wconf 89' lang='lat' dir='ltr'><strong>suos</strong></span> <span class='ocrx_word' id='word_1_258' title='bbox 824 2457 893 2496; x_wconf 89' lang='lat' dir='ltr'><strong>cum</strong></span> 
     </span>
     <span class='ocr_line' id='line_1_40' title="bbox 59 2527 895 2602; baseline 0.008 -23"><span class='ocrx_word' id='word_1_259' title='bbox 59 2527 149 2584; x_wconf 84' lang='lat' dir='ltr'><strong>donis</strong></span> <span class='ocrx_word' id='word_1_260' title='bbox 172 2528 377 2599; x_wconf 66' lang='lat' dir='ltr'><strong>maximis</strong></span> <span class='ocrx_word' id='word_1_261' title='bbox 405 2535 434 2585; x_wconf 88' lang='lat' dir='ltr'><strong>et</strong></span> <span class='ocrx_word' id='word_1_262' title='bbox 462 2530 648 2600; x_wconf 86' lang='lat' dir='ltr'><strong>muneribus,</strong></span> <span class='ocrx_word' id='word_1_263' title='bbox 669 2531 837 2602; x_wconf 87' lang='lat' dir='ltr'><strong>deprecans</strong></span> <span class='ocrx_word' id='word_1_264' title='bbox 862 2535 895 2586; x_wconf 92' lang='lat' dir='ltr'><strong>ut</strong></span> 
     </span>
     <span class='ocr_line' id='line_1_41' title="bbox 60 2617 893 2691; baseline 0.005 -21"><span class='ocrx_word' id='word_1_265' title='bbox 60 2617 246 2673; x_wconf 87' lang='lat' dir='ltr'><strong>Ludovicum</strong></span> <span class='ocrx_word' id='word_1_266' title='bbox 279 2623 420 2691; x_wconf 86' lang='lat' dir='ltr'><strong>nepotem</strong></span> <span class='ocrx_word' id='word_1_267' title='bbox 448 2635 550 2684; x_wconf 90' lang='lat' dir='ltr'><strong>suum,</strong></span> <span class='ocrx_word' id='word_1_268' title='bbox 578 2619 674 2676; x_wconf 86' lang='lat' dir='ltr'><strong>Caroli</strong></span> <span class='ocrx_word' id='word_1_269' title='bbox 706 2620 786 2691; x_wconf 89' lang='lat' dir='ltr'><strong>capii</strong></span> <span class='ocrx_word' id='word_1_270' title='bbox 815 2619 893 2688; x_wconf 88' lang='lat' dir='ltr'><strong>regis</strong></span> 
     </span>
     <span class='ocr_line' id='line_1_42' title="bbox 61 2707 896 2781; baseline 0.004 -20"><span class='ocrx_word' id='word_1_271' title='bbox 61 2711 158 2762; x_wconf 87' lang='lat' dir='ltr'><strong>morte</strong></span> <span class='ocrx_word' id='word_1_272' title='bbox 171 2707 234 2777; x_wconf 74' lang='lat' dir='ltr'><strong>iam</strong></span> <span class='ocrx_word' id='word_1_273' title='bbox 244 2707 275 2762; x_wconf 92' lang='lat' dir='ltr'><strong>in</strong></span> <span class='ocrx_word' id='word_1_274' title='bbox 291 2709 428 2780; x_wconf 86' lang='lat' dir='ltr'><strong>captione</strong></span> <span class='ocrx_word' id='word_1_275' title='bbox 444 2709 645 2781; x_wconf 81' lang='lat' dir='ltr'><strong>prreoccupati</strong></span> <span class='ocrx_word' id='word_1_276' title='bbox 657 2707 761 2774; x_wconf 89' lang='lat' dir='ltr'><strong>lilium,</strong></span> <span class='ocrx_word' id='word_1_277' title='bbox 776 2725 896 2764; x_wconf 86' lang='lat' dir='ltr'><strong>revoca·</strong></span> 
     </span>
    </p>
   </div>
   <div class='ocr_carea' id='block_1_15' title="bbox 946 1729 1779 2779">
    <p class='ocr_par' dir='ltr' id='par_1_22' title="bbox 946 1729 1779 2779">
     <span class='ocr_line' id='line_1_43' title="bbox 949 1729 1779 1804; baseline 0.001 -21"><span class='ocrx_word' id='word_1_278' title='bbox 949 1729 1215 1786; x_wconf 83' lang='lat' dir='ltr'><strong>Translrrensnum</strong></span> <span class='ocrx_word' id='word_1_279' title='bbox 1242 1747 1354 1799; x_wconf 86' lang='lat' dir='ltr'><strong>regern,</strong></span> <span class='ocrx_word' id='word_1_280' title='bbox 1371 1736 1404 1787; x_wconf 92' lang='lat' dir='ltr'><strong>ut</strong></span> <span class='ocrx_word' id='word_1_281' title='bbox 1425 1731 1508 1804; x_wconf 86' lang='lat' dir='ltr'><strong>qued</strong></span> <span class='ocrx_word' id='word_1_282' title='bbox 1536 1731 1703 1787; x_wconf 78' lang='lat' dir='ltr'><strong>ludovicus</strong></span> <span class='ocrx_word' id='word_1_283' title='bbox 1725 1745 1779 1784; x_wconf 82' lang='lat' dir='ltr'><strong>rex</strong></span> 
     </span>
     <span class='ocr_line' id='line_1_44' title="bbox 948 1818 1777 1892; baseline 0.001 -20"><span class='ocrx_word' id='word_1_284' title='bbox 948 1818 988 1873; x_wconf 87' lang='lat' dir='ltr'><strong>ab</strong></span> <span class='ocrx_word' id='word_1_285' title='bbox 1007 1833 1042 1873; x_wconf 88' lang='lat' dir='ltr'><strong>eo</strong></span> <span class='ocrx_word' id='word_1_286' title='bbox 1065 1819 1244 1891; x_wconf 85' lang='lat' dir='ltr'><strong>requirebat,</strong></span> <span class='ocrx_word' id='word_1_287' title='bbox 1260 1835 1315 1892; x_wconf 88' lang='lat' dir='ltr'><strong>per</strong></span> <span class='ocrx_word' id='word_1_288' title='bbox 1334 1835 1459 1876; x_wconf 89' lang='lat' dir='ltr'><strong>manum</strong></span> <span class='ocrx_word' id='word_1_289' title='bbox 1484 1835 1572 1876; x_wconf 90' lang='lat' dir='ltr'><strong>suam</strong></span> <span class='ocrx_word' id='word_1_290' title='bbox 1596 1819 1694 1876; x_wconf 90' lang='lat' dir='ltr'><strong>iacere</strong></span> <span class='ocrx_word' id='word_1_291' title='bbox 1716 1833 1777 1874; x_wconf 91' lang='lat' dir='ltr'><strong>non</strong></span> 
     </span>
     <span class='ocr_line' id='line_1_45' title="bbox 948 1905 1777 1980; baseline 0 -19"><span class='ocrx_word' id='word_1_292' title='bbox 948 1906 1088 1963; x_wconf 89' lang='lat' dir='ltr'><strong>diiierret.</strong></span> <span class='ocrx_word' id='word_1_293' title='bbox 1108 1911 1196 1964; x_wconf 87' lang='lat' dir='ltr'><strong>Erant</strong></span> <span class='ocrx_word' id='word_1_294' title='bbox 1210 1907 1289 1968; x_wconf 92' lang='lat' dir='ltr'><strong>enim</strong></span> <span class='ocrx_word' id='word_1_295' title='bbox 1315 1908 1459 1963; x_wconf 89' lang='lat' dir='ltr'><strong>ilenricus</strong></span> <span class='ocrx_word' id='word_1_296' title='bbox 1481 1925 1543 1976; x_wconf 82' lang='lat' dir='ltr'><strong>rex,</strong></span> <span class='ocrx_word' id='word_1_297' title='bbox 1559 1908 1682 1980; x_wconf 81' lang='lat' dir='ltr'><strong>duxque</strong></span> <span class='ocrx_word' id='word_1_298' title='bbox 1697 1905 1777 1962; x_wconf 86' lang='lat' dir='ltr'><strong>Cuil-</strong></span> 
     </span>
     <span class='ocr_line' id='line_1_46' title="bbox 947 1993 1776 2069; baseline 0 -20"><span class='ocrx_word' id='word_1_299' title='bbox 947 1993 1065 2062; x_wconf 89' lang='lat' dir='ltr'><strong>lelmus,</strong></span> <span class='ocrx_word' id='word_1_300' title='bbox 1095 1995 1310 2054; x_wconf 89' lang='lat' dir='ltr'><strong>indissolubilis</strong></span> <span class='ocrx_word' id='word_1_301' title='bbox 1337 1995 1474 2054; x_wconf 80' lang='lat' dir='ltr'><strong>amicitias</strong></span> <span class='ocrx_word' id='word_1_302' title='bbox 1502 2001 1589 2069; x_wconf 90' lang='lat' dir='ltr'><strong>pacto</strong></span> <span class='ocrx_word' id='word_1_303' title='bbox 1612 1993 1776 2065; x_wconf 85' lang='lat' dir='ltr'><strong>conjuncti,</strong></span> 
     </span>
     <span class='ocr_line' id='line_1_47' title="bbox 948 2083 1776 2158; baseline 0 -19"><span class='ocrx_word' id='word_1_304' title='bbox 948 2085 1214 2158; x_wconf 86' lang='lat' dir='ltr'><strong>competentiisque</strong></span> <span class='ocrx_word' id='word_1_305' title='bbox 1246 2089 1357 2140; x_wconf 84' lang='lat' dir='ltr'><strong>mutuae</strong></span> <span class='ocrx_word' id='word_1_306' title='bbox 1382 2085 1544 2142; x_wconf 84' lang='lat' dir='ltr'><strong>voluntatis</strong></span> <span class='ocrx_word' id='word_1_307' title='bbox 1575 2084 1615 2142; x_wconf 91' lang='lat' dir='ltr'><strong>ad</strong></span> <span class='ocrx_word' id='word_1_308' title='bbox 1648 2083 1776 2140; x_wconf 84' lang='lat' dir='ltr'><strong>invicem</strong></span> 
     </span>
     <span class='ocr_line' id='line_1_48' title="bbox 947 2173 1776 2244; baseline -0.001 -15"><span class='ocrx_word' id='word_1_309' title='bbox 947 2174 1018 2230; x_wconf 90' lang='lat' dir='ltr'><strong>olim</strong></span> <span class='ocrx_word' id='word_1_310' title='bbox 1034 2174 1179 2232; x_wconf 85' lang='lat' dir='ltr'><strong>ioedcrati.</strong></span> <span class='ocrx_word' id='word_1_311' title='bbox 1198 2175 1341 2230; x_wconf 86' lang='lat' dir='ltr'><strong>Hauricus</strong></span> <span class='ocrx_word' id='word_1_312' title='bbox 1354 2190 1426 2230; x_wconf 79' lang='lat' dir='ltr'><strong>raro</strong></span> <span class='ocrx_word' id='word_1_313' title='bbox 1439 2189 1490 2230; x_wconf 84' lang='lat' dir='ltr'><strong>rex</strong></span> <span class='ocrx_word' id='word_1_314' title='bbox 1505 2177 1527 2228; x_wconf 84' lang='lat' dir='ltr'>T</span> <span class='ocrx_word' id='word_1_315' title='bbox 1529 2179 1663 2244; x_wconf 82' lang='lat' dir='ltr'><strong>etgarum</strong></span> <span class='ocrx_word' id='word_1_316' title='bbox 1680 2173 1776 2228; x_wconf 88' lang='lat' dir='ltr'><strong>bono·</strong></span> 
     </span>
     <span class='ocr_line' id='line_1_49' title="bbox 946 2263 1776 2336; baseline -0.001 -17"><span class='ocrx_word' id='word_1_317' title='bbox 946 2264 1028 2319; x_wconf 91' lang='lat' dir='ltr'><strong>rilice</strong></span> <span class='ocrx_word' id='word_1_318' title='bbox 1051 2264 1173 2336; x_wconf 89' lang='lat' dir='ltr'><strong>recepit,</strong></span> <span class='ocrx_word' id='word_1_319' title='bbox 1189 2267 1217 2319; x_wconf 91' lang='lat' dir='ltr'><strong>et</strong></span> <span class='ocrx_word' id='word_1_320' title='bbox 1240 2263 1373 2322; x_wconf 90' lang='lat' dir='ltr'><strong>diuturni</strong></span> <span class='ocrx_word' id='word_1_321' title='bbox 1395 2265 1537 2336; x_wconf 87' lang='lat' dir='ltr'><strong>temporis</strong></span> <span class='ocrx_word' id='word_1_322' title='bbox 1556 2263 1652 2336; x_wconf 90' lang='lat' dir='ltr'><strong>spatio</strong></span> <span class='ocrx_word' id='word_1_323' title='bbox 1674 2277 1776 2320; x_wconf 89' lang='lat' dir='ltr'><strong>secum</strong></span> 
     </span>
     <span class='ocr_line' id='line_1_50' title="bbox 947 2349 1777 2410; baseline -0.002 -2"><span class='ocrx_word' id='word_1_324' title='bbox 947 2353 1059 2410; x_wconf 91' lang='lat' dir='ltr'><strong>morari</strong></span> <span class='ocrx_word' id='word_1_325' title='bbox 1080 2353 1156 2409; x_wconf 86' lang='lat' dir='ltr'><strong>iecit.</strong></span> <span class='ocrx_word' id='word_1_326' title='bbox 1175 2355 1280 2408; x_wconf 85' lang='lat' dir='ltr'><strong>Postea</strong></span> <span class='ocrx_word' id='word_1_327' title='bbox 1295 2367 1366 2408; x_wconf 79' lang='lat' dir='ltr'><strong>vero</strong></span> <span class='ocrx_word' id='word_1_328' title='bbox 1388 2352 1564 2410; x_wconf 86' lang='lat' dir='ltr'><strong>muneribus</strong></span> <span class='ocrx_word' id='word_1_329' title='bbox 1578 2351 1665 2408; x_wconf 88' lang='lat' dir='ltr'><strong>variis</strong></span> <span class='ocrx_word' id='word_1_330' title='bbox 1679 2355 1708 2406; x_wconf 87' lang='lat' dir='ltr'><strong>et</strong></span> <span class='ocrx_word' id='word_1_331' title='bbox 1721 2349 1777 2406; x_wconf 90' lang='lat' dir='ltr'><strong>do·</strong></span> 
     </span>
     <span class='ocr_line' id='line_1_51' title="bbox 947 2439 1778 2506; baseline -0.002 -8"><span class='ocrx_word' id='word_1_332' title='bbox 947 2442 994 2498; x_wconf 89' lang='lat' dir='ltr'><strong>nis</strong></span> <span class='ocrx_word' id='word_1_333' title='bbox 1008 2442 1134 2498; x_wconf 77' lang='lat' dir='ltr'><strong>‹dversis</strong></span> <span class='ocrx_word' id='word_1_334' title='bbox 1147 2441 1285 2506; x_wconf 86' lang='lat' dir='ltr'><strong>ditatum,</strong></span> <span class='ocrx_word' id='word_1_335' title='bbox 1298 2441 1410 2496; x_wconf 90' lang='lat' dir='ltr'><strong>remisit</strong></span> <span class='ocrx_word' id='word_1_336' title='bbox 1425 2440 1509 2496; x_wconf 90' lang='lat' dir='ltr'><strong>illum</strong></span> <span class='ocrx_word' id='word_1_337' title='bbox 1524 2441 1563 2498; x_wconf 87' lang='lat' dir='ltr'><strong>ad</strong></span> <span class='ocrx_word' id='word_1_338' title='bbox 1577 2441 1686 2496; x_wconf 90' lang='lat' dir='ltr'><strong>ducem</strong></span> <span class='ocrx_word' id='word_1_339' title='bbox 1700 2439 1778 2496; x_wconf 88' lang='lat' dir='ltr'><strong>Guil-</strong></span> 
     </span>
     <span class='ocr_line' id='line_1_52' title="bbox 948 2529 1776 2598; baseline -0.002 -13"><span class='ocrx_word' id='word_1_340' title='bbox 948 2530 1072 2586; x_wconf 87' lang='lat' dir='ltr'><strong>lelmum</strong></span> <span class='ocrx_word' id='word_1_341' title='bbox 1091 2535 1120 2586; x_wconf 87' lang='lat' dir='ltr'><strong>ai</strong></span> <span class='ocrx_word' id='word_1_342' title='bbox 1142 2547 1212 2585; x_wconf 91' lang='lat' dir='ltr'><strong>cum</strong></span> <span class='ocrx_word' id='word_1_343' title='bbox 1235 2546 1271 2585; x_wconf 91' lang='lat' dir='ltr'><strong>eo</strong></span> <span class='ocrx_word' id='word_1_344' title='bbox 1291 2533 1443 2586; x_wconf 83' lang='lat' dir='ltr'><strong>Cononem</strong></span> <span class='ocrx_word' id='word_1_345' title='bbox 1459 2529 1579 2598; x_wconf 88' lang='lat' dir='ltr'><strong>ducam,</strong></span> <span class='ocrx_word' id='word_1_346' title='bbox 1595 2535 1776 2584; x_wconf 88' lang='lat' dir='ltr'><strong>secretorum</strong></span> 
     </span>
     <span class='ocr_line' id='line_1_53' title="bbox 949 2615 1777 2684; baseline -0.005 -10"><span class='ocrx_word' id='word_1_347' title='bbox 949 2635 1072 2674; x_wconf 88' lang='lat' dir='ltr'><strong>suorum</strong></span> <span class='ocrx_word' id='word_1_348' title='bbox 1087 2617 1252 2674; x_wconf 84' lang='lat' dir='ltr'><strong>conscium.</strong></span> <span class='ocrx_word' id='word_1_349' title='bbox 1269 2621 1365 2684; x_wconf 79' lang='lat' dir='ltr'><strong>Quem</strong></span> <span class='ocrx_word' id='word_1_350' title='bbox 1378 2617 1551 2674; x_wconf 86' lang='lat' dir='ltr'><strong>Cuillelmus</strong></span> <span class='ocrx_word' id='word_1_351' title='bbox 1565 2633 1635 2674; x_wconf 89' lang='lat' dir='ltr'><strong>cum</strong></span> <span class='ocrx_word' id='word_1_352' title='bbox 1651 2615 1777 2672; x_wconf 87' lang='lat' dir='ltr'><strong>mirilico</strong></span> 
     </span>
     <span class='ocr_line' id='line_1_54' title="bbox 948 2703 1778 2779; baseline -0.005 -16"><span class='ocrx_word' id='word_1_353' title='bbox 948 2707 1166 2763; x_wconf 87' lang='lat' dir='ltr'><strong>inaestimabilis</strong></span> <span class='ocrx_word' id='word_1_354' title='bbox 1181 2707 1351 2766; x_wconf 76' lang='lat' dir='ltr'><strong>reverentiae</strong></span> <span class='ocrx_word' id='word_1_355' title='bbox 1375 2707 1457 2762; x_wconf 90' lang='lat' dir='ltr'><strong>cultu</strong></span> <span class='ocrx_word' id='word_1_356' title='bbox 1475 2707 1615 2779; x_wconf 85' lang='lat' dir='ltr'><strong>suscepit,</strong></span> <span class='ocrx_word' id='word_1_357' title='bbox 1631 2703 1778 2777; x_wconf 73' lang='lat' dir='ltr'><strong>cuiusque</strong></span> 
     </span>
    </p>
   </div>
   <div class='ocr_carea' id='block_1_16' title="bbox 62 2793 1781 5632">
    <p class='ocr_par' dir='ltr' id='par_1_23' title="bbox 62 2793 1779 3226">
     <span class='ocr_line' id='line_1_55' title="bbox 62 2793 1779 2869; baseline 0 -20"><span class='ocrx_word' id='word_1_358' title='bbox 62 2800 105 2850; x_wconf 88' lang='lat' dir='ltr'><strong>ret</strong></span> <span class='ocrx_word' id='word_1_359' title='bbox 133 2795 174 2850; x_wconf 88' lang='lat' dir='ltr'><strong>ad</strong></span> <span class='ocrx_word' id='word_1_360' title='bbox 200 2797 328 2852; x_wconf 78' lang='lat' dir='ltr'><strong>Francius</strong></span> <span class='ocrx_word' id='word_1_361' title='bbox 352 2813 489 2868; x_wconf 82' lang='lat' dir='ltr'><strong>regnum,</strong></span> <span class='ocrx_word' id='word_1_362' title='bbox 511 2797 644 2869; x_wconf 89' lang='lat' dir='ltr'><strong>illudque</strong></span> <span class='ocrx_word' id='word_1_363' title='bbox 673 2803 815 2853; x_wconf 85' lang='lat' dir='ltr'><strong>statueret</strong></span> <span class='ocrx_word' id='word_1_364' title='bbox 842 2797 892 2868; x_wconf 91' lang='lat' dir='ltr'><strong>illi,</strong></span> <span class='ocrx_word' id='word_1_365' title='bbox 948 2797 989 2852; x_wconf 87' lang='lat' dir='ltr'><strong>rei</strong></span> <span class='ocrx_word' id='word_1_366' title='bbox 1003 2811 1096 2854; x_wconf 85' lang='lat' dir='ltr'><strong>cause</strong></span> <span class='ocrx_word' id='word_1_367' title='bbox 1110 2795 1511 2868; x_wconf 76' lang='lat' dir='ltr'><strong>unnedignitausunuque</strong></span> <span class='ocrx_word' id='word_1_368' title='bbox 1525 2795 1647 2854; x_wconf 90' lang='lat' dir='ltr'><strong>honoris</strong></span> <span class='ocrx_word' id='word_1_369' title='bbox 1661 2793 1723 2850; x_wconf 83' lang='lat' dir='ltr'><strong>dux</strong></span> <span class='ocrx_word' id='word_1_370' title='bbox 1739 2793 1779 2850; x_wconf 87' lang='lat' dir='ltr'><strong>ad</strong></span> 
     </span>
     <span class='ocr_line' id='line_1_56' title="bbox 63 2885 1778 2960; baseline 0 -20"><span class='ocrx_word' id='word_1_371' title='bbox 63 2885 693 2944; x_wconf 73' lang='lat' dir='ltr'><strong>crrmcensrirorrsucorumsublimandom</strong></span> <span class='ocrx_word' id='word_1_372' title='bbox 703 2893 892 2960; x_wconf 89' lang='lat' dir='ltr'><strong>perpetuum</strong></span> <span class='ocrx_word' id='word_1_373' title='bbox 949 2903 980 2942; x_wconf 89' lang='lat' dir='ltr'><strong>se</strong></span> <span class='ocrx_word' id='word_1_374' title='bbox 998 2886 1117 2951; x_wconf 69' lang='lat' dir='ltr'><strong>reniret,</strong></span> <span class='ocrx_word' id='word_1_375' title='bbox 1135 2885 1336 2956; x_wconf 72' lang='lat' dir='ltr'><strong>interrogarit</strong></span> <span class='ocrx_word' id='word_1_376' title='bbox 1363 2885 1415 2944; x_wconf 89' lang='lat' dir='ltr'><strong>Cui</strong></span> <span class='ocrx_word' id='word_1_377' title='bbox 1437 2889 1564 2942; x_wconf 91' lang='lat' dir='ltr'><strong>Cono:</strong></span> <span class='ocrx_word' id='word_1_378' title='bbox 1565 2885 1683 2944; x_wconf 77' lang='lat' dir='ltr'><strong>Misisti</strong></span> <span class='ocrx_word' id='word_1_379' title='bbox 1698 2885 1778 2940; x_wconf 88' lang='lat' dir='ltr'><strong>enim</strong></span> 
     </span>
     <span class='ocr_line' id='line_1_57' title="bbox 64 2973 1778 3066; baseline -0.001 -37"><span class='ocrx_word' id='word_1_380' title='bbox 64 2979 153 3046; x_wconf 86' lang='lat' dir='ltr'><strong>etque</strong></span> <span class='ocrx_word' id='word_1_381' title='bbox 169 2975 488 3034; x_wconf 87' lang='lat' dir='ltr'><strong>misericordiamotus</strong></span> <span class='ocrx_word' id='word_1_382' title='bbox 504 2991 676 3048; x_wconf 86' lang='lat' dir='ltr'><strong>praemere</strong></span> <span class='ocrx_word' id='word_1_383' title='bbox 692 2977 928 3066; x_wconf 67' lang='lat' dir='ltr'><strong>suireciperelc</strong></span> <span class='ocrx_word' id='word_1_384' title='bbox 949 2976 988 3031; x_wconf 88' lang='lat' dir='ltr'><strong>ad</strong></span> <span class='ocrx_word' id='word_1_385' title='bbox 1026 2975 1185 3030; x_wconf 88' lang='lat' dir='ltr'><strong>chricum</strong></span> <span class='ocrx_word' id='word_1_386' title='bbox 1224 2980 1359 3032; x_wconf 91' lang='lat' dir='ltr'><strong>nostrum</strong></span> <span class='ocrx_word' id='word_1_387' title='bbox 1395 2991 1507 3044; x_wconf 89' lang='lat' dir='ltr'><strong>regem,</strong></span> <span class='ocrx_word' id='word_1_388' title='bbox 1535 2980 1592 3031; x_wconf 82' lang='lat' dir='ltr'><strong>ture</strong></span> <span class='ocrx_word' id='word_1_389' title='bbox 1630 2973 1778 3031; x_wconf 80' lang='lat' dir='ltr'><strong>{acuitatis</strong></span> 
     </span>
     <span class='ocr_line' id='line_1_58' title="bbox 65 3049 1778 3138; baseline 0.001 -22.008"><span class='ocrx_word' id='word_1_390' title='bbox 65 3063 212 3120; x_wconf 83' lang='lat' dir='ltr'><strong>tlauuum</strong></span> <span class='ocrx_word' id='word_1_391' title='bbox 227 3064 825 3138; x_wconf 77' lang='lat' dir='ltr'><strong>Britanniaeoffensionisculpaejectum,</strong></span> <span class='ocrx_word' id='word_1_392' title='bbox 836 3067 895 3121; x_wconf 88' lang='lat' dir='ltr'><strong>sui-</strong></span> <span class='ocrx_word' id='word_1_393' title='bbox 920 3049 1145 3137; x_wconf 87' lang='lat' dir='ltr'><strong>prosperitate</strong></span> <span class='ocrx_word' id='word_1_394' title='bbox 1171 3065 1307 3132; x_wconf 82' lang='lat' dir='ltr'><strong>hilarem,</strong></span> <span class='ocrx_word' id='word_1_395' title='bbox 1331 3069 1365 3120; x_wconf 87' lang='lat' dir='ltr'><strong>ut</strong></span> <span class='ocrx_word' id='word_1_396' title='bbox 1391 3065 1456 3138; x_wconf 89' lang='lat' dir='ltr'><strong>ipse</strong></span> <span class='ocrx_word' id='word_1_397' title='bbox 1480 3068 1508 3119; x_wconf 90' lang='lat' dir='ltr'><strong>ei</strong></span> <span class='ocrx_word' id='word_1_398' title='bbox 1537 3063 1703 3120; x_wconf 87' lang='lat' dir='ltr'><strong>ludovicus</strong></span> <span class='ocrx_word' id='word_1_399' title='bbox 1725 3079 1778 3120; x_wconf 82' lang='lat' dir='ltr'><strong>rex</strong></span> 
     </span>
     <span class='ocr_line' id='line_1_59' title="bbox 66 3151 1778 3226; baseline 0.001 -21"><span class='ocrx_word' id='word_1_400' title='bbox 66 3167 122 3223; x_wconf 88' lang='lat' dir='ltr'><strong>que</strong></span> <span class='ocrx_word' id='word_1_401' title='bbox 133 3153 246 3208; x_wconf 90' lang='lat' dir='ltr'><strong>amoris</strong></span> <span class='ocrx_word' id='word_1_402' title='bbox 261 3154 355 3221; x_wconf 85' lang='lat' dir='ltr'><strong>gratia</strong></span> <span class='ocrx_word' id='word_1_403' title='bbox 365 3154 526 3226; x_wconf 88' lang='lat' dir='ltr'><strong>privatum</strong></span> <span class='ocrx_word' id='word_1_404' title='bbox 538 3153 615 3209; x_wconf 89' lang='lat' dir='ltr'><strong>illico</strong></span> <span class='ocrx_word' id='word_1_405' title='bbox 629 3155 766 3210; x_wconf 89' lang='lat' dir='ltr'><strong>consultu</strong></span> <span class='ocrx_word' id='word_1_406' title='bbox 779 3154 895 3210; x_wconf 87' lang='lat' dir='ltr'><strong>Guillel·</strong></span> <span class='ocrx_word' id='word_1_407' title='bbox 950 3153 1081 3208; x_wconf 78' lang='lat' dir='ltr'><strong>Francia</strong></span> <span class='ocrx_word' id='word_1_408' title='bbox 1090 3153 1222 3212; x_wconf 87' lang='lat' dir='ltr'><strong>vicissim</strong></span> <span class='ocrx_word' id='word_1_409' title='bbox 1238 3167 1291 3226; x_wconf 88' lang='lat' dir='ltr'><strong>per</strong></span> <span class='ocrx_word' id='word_1_410' title='bbox 1305 3153 1464 3209; x_wconf 89' lang='lat' dir='ltr'><strong>consilium</strong></span> <span class='ocrx_word' id='word_1_411' title='bbox 1478 3153 1643 3224; x_wconf 80' lang='lat' dir='ltr'><strong>prudentiss</strong></span> <span class='ocrx_word' id='word_1_412' title='bbox 1656 3157 1714 3208; x_wconf 79' lang='lat' dir='ltr'><strong>tue</strong></span> <span class='ocrx_word' id='word_1_413' title='bbox 1726 3151 1778 3206; x_wconf 80' lang='lat' dir='ltr'><strong>lm-</strong></span> 
     </span>
    </p>

    <p class='ocr_par' dir='ltr' id='par_1_24' title="bbox 67 3241 1781 4830">
     <span class='ocr_line' id='line_1_60' title="bbox 67 3241 1777 3314; baseline 0 -20"><span class='ocrx_word' id='word_1_414' title='bbox 67 3243 105 3295; x_wconf 95' lang='lat' dir='ltr'><strong>mi</strong></span> <span class='ocrx_word' id='word_1_415' title='bbox 133 3241 221 3297; x_wconf 91' lang='lat' dir='ltr'><strong>ducis</strong></span> <span class='ocrx_word' id='word_1_416' title='bbox 250 3244 534 3310; x_wconf 87' lang='lat' dir='ltr'><strong>Nortbmaunorum,</strong></span> <span class='ocrx_word' id='word_1_417' title='bbox 563 3246 646 3312; x_wconf 88' lang='lat' dir='ltr'><strong>llugo</strong></span> <span class='ocrx_word' id='word_1_418' title='bbox 675 3259 806 3312; x_wconf 87' lang='lat' dir='ltr'><strong>magnus</strong></span> <span class='ocrx_word' id='word_1_419' title='bbox 832 3244 894 3300; x_wconf 85' lang='lat' dir='ltr'><strong>dux</strong></span> <span class='ocrx_word' id='word_1_420' title='bbox 949 3243 1134 3306; x_wconf 77' lang='lat' dir='ltr'><strong>deserentur,</strong></span> <span class='ocrx_word' id='word_1_421' title='bbox 1154 3247 1183 3298; x_wconf 91' lang='lat' dir='ltr'><strong>et</strong></span> <span class='ocrx_word' id='word_1_422' title='bbox 1203 3258 1294 3314; x_wconf 92' lang='lat' dir='ltr'><strong>quem</strong></span> <span class='ocrx_word' id='word_1_423' title='bbox 1318 3243 1426 3298; x_wconf 89' lang='lat' dir='ltr'><strong>borum</strong></span> <span class='ocrx_word' id='word_1_424' title='bbox 1448 3241 1609 3296; x_wconf 84' lang='lat' dir='ltr'><strong>necessitas</strong></span> <span class='ocrx_word' id='word_1_425' title='bbox 1628 3244 1777 3308; x_wconf 87' lang='lat' dir='ltr'><strong>urgueret,</strong></span> 
     </span>
     <span class='ocr_line' id='line_1_61' title="bbox 67 3330 1779 3405; baseline -0.001 -21"><span class='ocrx_word' id='word_1_426' title='bbox 67 3331 351 3403; x_wconf 70' lang='lat' dir='ltr'><strong>praepotentissimus</strong></span> <span class='ocrx_word' id='word_1_427' title='bbox 366 3335 546 3388; x_wconf 73' lang='lat' dir='ltr'><strong>Francorum</strong></span> <span class='ocrx_word' id='word_1_428' title='bbox 562 3337 652 3405; x_wconf 89' lang='lat' dir='ltr'><strong>atque</strong></span> <span class='ocrx_word' id='word_1_429' title='bbox 665 3333 832 3389; x_wconf 88' lang='lat' dir='ltr'><strong>lieribertus</strong></span> <span class='ocrx_word' id='word_1_430' title='bbox 845 3351 894 3390; x_wconf 88' lang='lat' dir='ltr'><strong>sa·</strong></span> <span class='ocrx_word' id='word_1_431' title='bbox 949 3331 1069 3388; x_wconf 84' lang='lat' dir='ltr'><strong>alterius</strong></span> <span class='ocrx_word' id='word_1_432' title='bbox 1094 3331 1200 3386; x_wconf 89' lang='lat' dir='ltr'><strong>solatio</strong></span> <span class='ocrx_word' id='word_1_433' title='bbox 1224 3330 1400 3388; x_wconf 87' lang='lat' dir='ltr'><strong>muniretur.</strong></span> <span class='ocrx_word' id='word_1_434' title='bbox 1418 3332 1583 3385; x_wconf 87' lang='lat' dir='ltr'><strong>Decernens</strong></span> <span class='ocrx_word' id='word_1_435' title='bbox 1606 3334 1706 3385; x_wconf 88' lang='lat' dir='ltr'><strong>eutem</strong></span> <span class='ocrx_word' id='word_1_436' title='bbox 1728 3343 1779 3382; x_wconf 82' lang='lat' dir='ltr'><strong>rex</strong></span> 
     </span>
     <span class='ocr_line' id='line_1_62' title="bbox 70 3417 1778 3493; baseline -0.001 -21"><span class='ocrx_word' id='word_1_437' title='bbox 70 3425 150 3490; x_wconf 80' lang='lat' dir='ltr'><strong>trapa</strong></span> <span class='ocrx_word' id='word_1_438' title='bbox 163 3419 333 3493; x_wconf 90' lang='lat' dir='ltr'><strong>principum</strong></span> <span class='ocrx_word' id='word_1_439' title='bbox 345 3421 446 3476; x_wconf 87' lang='lat' dir='ltr'><strong>ascitis</strong></span> <span class='ocrx_word' id='word_1_440' title='bbox 459 3421 608 3493; x_wconf 89' lang='lat' dir='ltr'><strong>episcopis</strong></span> <span class='ocrx_word' id='word_1_441' title='bbox 617 3422 819 3478; x_wconf 78' lang='lat' dir='ltr'><strong>cumconsilio</strong></span> <span class='ocrx_word' id='word_1_442' title='bbox 832 3439 894 3478; x_wconf 89' lang='lat' dir='ltr'><strong>me·</strong></span> <span class='ocrx_word' id='word_1_443' title='bbox 948 3421 1006 3477; x_wconf 88' lang='lat' dir='ltr'><strong>hoc</strong></span> <span class='ocrx_word' id='word_1_444' title='bbox 1020 3419 1178 3476; x_wconf 86' lang='lat' dir='ltr'><strong>consilium</strong></span> <span class='ocrx_word' id='word_1_445' title='bbox 1193 3419 1248 3475; x_wconf 90' lang='lat' dir='ltr'><strong>sibi</strong></span> <span class='ocrx_word' id='word_1_446' title='bbox 1268 3425 1297 3476; x_wconf 91' lang='lat' dir='ltr'><strong>et</strong></span> <span class='ocrx_word' id='word_1_447' title='bbox 1316 3419 1377 3475; x_wconf 88' lang='lat' dir='ltr'><strong>suis</strong></span> <span class='ocrx_word' id='word_1_448' title='bbox 1391 3417 1588 3488; x_wconf 88' lang='lat' dir='ltr'><strong>salutilerum,</strong></span> <span class='ocrx_word' id='word_1_449' title='bbox 1603 3421 1632 3472; x_wconf 87' lang='lat' dir='ltr'><strong>et</strong></span> <span class='ocrx_word' id='word_1_450' title='bbox 1645 3431 1700 3490; x_wconf 90' lang='lat' dir='ltr'><strong>per</strong></span> <span class='ocrx_word' id='word_1_451' title='bbox 1713 3431 1778 3472; x_wconf 87' lang='lat' dir='ltr'><strong>ma·</strong></span> 
     </span>
     <span class='ocr_line' id='line_1_63' title="bbox 69 3505 1781 3581; baseline -0.001 -20"><span class='ocrx_word' id='word_1_452' title='bbox 69 3507 313 3580; x_wconf 88' lang='lat' dir='ltr'><strong>tropolitanorum</strong></span> <span class='ocrx_word' id='word_1_453' title='bbox 339 3515 551 3566; x_wconf 84' lang='lat' dir='ltr'><strong>revocaverunt</strong></span> <span class='ocrx_word' id='word_1_454' title='bbox 575 3509 749 3570; x_wconf 81' lang='lat' dir='ltr'><strong>festinanter</strong></span> <span class='ocrx_word' id='word_1_455' title='bbox 769 3508 895 3564; x_wconf 82' lang='lat' dir='ltr'><strong>budori·</strong></span> <span class='ocrx_word' id='word_1_456' title='bbox 948 3527 1023 3566; x_wconf 91' lang='lat' dir='ltr'><strong>num</strong></span> <span class='ocrx_word' id='word_1_457' title='bbox 1039 3514 1122 3566; x_wconf 91' lang='lat' dir='ltr'><strong>tuam</strong></span> <span class='ocrx_word' id='word_1_458' title='bbox 1137 3510 1260 3581; x_wconf 88' lang='lat' dir='ltr'><strong>insuper</strong></span> <span class='ocrx_word' id='word_1_459' title='bbox 1276 3509 1425 3564; x_wconf 83' lang='lat' dir='ltr'><strong>stabilest</strong></span> <span class='ocrx_word' id='word_1_460' title='bbox 1446 3507 1579 3576; x_wconf 86' lang='lat' dir='ltr'><strong>ilrmum,</strong></span> <span class='ocrx_word' id='word_1_461' title='bbox 1594 3506 1674 3562; x_wconf 90' lang='lat' dir='ltr'><strong>misit</strong></span> <span class='ocrx_word' id='word_1_462' title='bbox 1686 3521 1734 3561; x_wconf 92' lang='lat' dir='ltr'><strong>me</strong></span> <span class='ocrx_word' id='word_1_463' title='bbox 1748 3505 1781 3560; x_wconf 92' lang='lat' dir='ltr'><strong>tl-</strong></span> 
     </span>
     <span class='ocr_line' id='line_1_64' title="bbox 69 3595 1779 3671; baseline -0.001 -21"><span class='ocrx_word' id='word_1_464' title='bbox 69 3613 144 3668; x_wconf 80' lang='lat' dir='ltr'><strong>rum,</strong></span> <span class='ocrx_word' id='word_1_465' title='bbox 171 3613 301 3670; x_wconf 86' lang='lat' dir='ltr'><strong>cumque</strong></span> <span class='ocrx_word' id='word_1_466' title='bbox 324 3604 474 3654; x_wconf 84' lang='lat' dir='ltr'><strong>unxerunt</strong></span> <span class='ocrx_word' id='word_1_467' title='bbox 498 3597 556 3656; x_wconf 88' lang='lat' dir='ltr'><strong>sibl</strong></span> <span class='ocrx_word' id='word_1_468' title='bbox 584 3615 685 3668; x_wconf 83' lang='lat' dir='ltr'><strong>regem</strong></span> <span class='ocrx_word' id='word_1_469' title='bbox 711 3598 895 3671; x_wconf 89' lang='lat' dir='ltr'><strong>populorum</strong></span> <span class='ocrx_word' id='word_1_470' title='bbox 949 3599 990 3664; x_wconf 91' lang='lat' dir='ltr'><strong>bl,</strong></span> <span class='ocrx_word' id='word_1_471' title='bbox 1006 3605 1039 3656; x_wconf 91' lang='lat' dir='ltr'><strong>ut</strong></span> <span class='ocrx_word' id='word_1_472' title='bbox 1053 3600 1207 3656; x_wconf 89' lang='lat' dir='ltr'><strong>conducas</strong></span> <span class='ocrx_word' id='word_1_473' title='bbox 1232 3615 1333 3668; x_wconf 86' lang='lat' dir='ltr'><strong>regem</strong></span> <span class='ocrx_word' id='word_1_474' title='bbox 1349 3599 1387 3655; x_wconf 92' lang='lat' dir='ltr'><strong>ad</strong></span> <span class='ocrx_word' id='word_1_475' title='bbox 1409 3597 1563 3670; x_wconf 90' lang='lat' dir='ltr'><strong>placitum,</strong></span> <span class='ocrx_word' id='word_1_476' title='bbox 1577 3595 1779 3670; x_wconf 73' lang='lat' dir='ltr'><strong>precepitque</strong></span> 
     </span>
     <span class='ocr_line' id='line_1_65' title="bbox 71 3685 1779 3762; baseline 0.001 -23"><span class='ocrx_word' id='word_1_477' title='bbox 71 3685 189 3741; x_wconf 82' lang='lat' dir='ltr'><strong>l&#39;rancia</strong></span> <span class='ocrx_word' id='word_1_478' title='bbox 204 3687 436 3758; x_wconf 85' lang='lat' dir='ltr'><strong>Burgundiaque</strong></span> <span class='ocrx_word' id='word_1_479' title='bbox 450 3688 642 3743; x_wconf 86' lang='lat' dir='ltr'><strong>morantium.</strong></span> <span class='ocrx_word' id='word_1_480' title='bbox 658 3686 807 3742; x_wconf 66' lang='lat' dir='ltr'><strong>alannum</strong></span> <span class='ocrx_word' id='word_1_481' title='bbox 822 3701 894 3741; x_wconf 83' lang='lat' dir='ltr'><strong>vero</strong></span> <span class='ocrx_word' id='word_1_482' title='bbox 950 3689 1124 3746; x_wconf 85' lang='lat' dir='ltr'><strong>memorari</strong></span> <span class='ocrx_word' id='word_1_483' title='bbox 1142 3705 1198 3762; x_wconf 91' lang='lat' dir='ltr'><strong>pro</strong></span> <span class='ocrx_word' id='word_1_484' title='bbox 1213 3689 1319 3745; x_wconf 89' lang='lat' dir='ltr'><strong>obside</strong></span> <span class='ocrx_word' id='word_1_485' title='bbox 1335 3704 1396 3760; x_wconf 91' lang='lat' dir='ltr'><strong>quo</strong></span> <span class='ocrx_word' id='word_1_486' title='bbox 1411 3687 1506 3742; x_wconf 85' lang='lat' dir='ltr'><strong>mavis</strong></span> <span class='ocrx_word' id='word_1_487' title='bbox 1522 3687 1667 3759; x_wconf 87' lang='lat' dir='ltr'><strong>positum,</strong></span> <span class='ocrx_word' id='word_1_488' title='bbox 1682 3685 1779 3741; x_wconf 89' lang='lat' dir='ltr'><strong>donec</strong></span> 
     </span>
     <span class='ocr_line' id='line_1_66' title="bbox 68 3773 1778 3850; baseline -0.001 -20"><span class='ocrx_word' id='word_1_489' title='bbox 68 3793 132 3832; x_wconf 86' lang='lat' dir='ltr'><strong>cum</strong></span> <span class='ocrx_word' id='word_1_490' title='bbox 150 3777 299 3833; x_wconf 76' lang='lat' dir='ltr'><strong>ludovico</strong></span> <span class='ocrx_word' id='word_1_491' title='bbox 318 3793 499 3848; x_wconf 88' lang='lat' dir='ltr'><strong>regressum,</strong></span> <span class='ocrx_word' id='word_1_492' title='bbox 516 3778 689 3834; x_wconf 86' lang='lat' dir='ltr'><strong>Cuillelmus</strong></span> <span class='ocrx_word' id='word_1_493' title='bbox 713 3793 768 3850; x_wconf 91' lang='lat' dir='ltr'><strong>pro</strong></span> <span class='ocrx_word' id='word_1_494' title='bbox 790 3793 893 3833; x_wconf 82' lang='lat' dir='ltr'><strong>amoro</strong></span> <span class='ocrx_word' id='word_1_495' title='bbox 949 3783 1106 3834; x_wconf 79' lang='lat' dir='ltr'><strong>revertaris</strong></span> <span class='ocrx_word' id='word_1_496' title='bbox 1121 3778 1308 3848; x_wconf 89' lang='lat' dir='ltr'><strong>reducasque</strong></span> <span class='ocrx_word' id='word_1_497' title='bbox 1324 3791 1426 3842; x_wconf 87' lang='lat' dir='ltr'><strong>regern</strong></span> <span class='ocrx_word' id='word_1_498' title='bbox 1450 3774 1490 3830; x_wconf 90' lang='lat' dir='ltr'><strong>ab</strong></span> <span class='ocrx_word' id='word_1_499' title='bbox 1505 3773 1586 3829; x_wconf 91' lang='lat' dir='ltr'><strong>omni</strong></span> <span class='ocrx_word' id='word_1_500' title='bbox 1602 3773 1778 3830; x_wconf 86' lang='lat' dir='ltr'><strong>adversitate</strong></span> 
     </span>
     <span class='ocr_line' id='line_1_67' title="bbox 68 3859 1778 3939; baseline -0.006 -18"><span class='ocrx_word' id='word_1_501' title='bbox 68 3867 143 3933; x_wconf 82' lang='lat' dir='ltr'><strong>regis</strong></span> <span class='ocrx_word' id='word_1_502' title='bbox 159 3866 280 3924; x_wconf 79' lang='lat' dir='ltr'><strong>Alstemi</strong></span> <span class='ocrx_word' id='word_1_503' title='bbox 295 3867 414 3939; x_wconf 88' lang='lat' dir='ltr'><strong>recepit,</strong></span> <span class='ocrx_word' id='word_1_504' title='bbox 429 3872 458 3922; x_wconf 90' lang='lat' dir='ltr'><strong>et</strong></span> <span class='ocrx_word' id='word_1_505' title='bbox 481 3867 628 3939; x_wconf 89' lang='lat' dir='ltr'><strong>quidquid</strong></span> <span class='ocrx_word' id='word_1_506' title='bbox 652 3866 828 3922; x_wconf 74' lang='lat' dir='ltr'><strong>Britannica</strong></span> <span class='ocrx_word' id='word_1_507' title='bbox 849 3883 893 3916; x_wconf 76' lang='lat' dir='ltr'><strong>re·</strong></span> <span class='ocrx_word' id='word_1_508' title='bbox 951 3881 1128 3922; x_wconf 89' lang='lat' dir='ltr'><strong>securum.»</strong></span> <span class='ocrx_word' id='word_1_509' title='bbox 1158 3865 1288 3919; x_wconf 74' lang='lat' dir='ltr'><strong>Audiens</strong></span> <span class='ocrx_word' id='word_1_510' title='bbox 1313 3867 1413 3918; x_wconf 88' lang='lat' dir='ltr'><strong>autern</strong></span> <span class='ocrx_word' id='word_1_511' title='bbox 1437 3859 1609 3916; x_wconf 86' lang='lat' dir='ltr'><strong>Culllelmus</strong></span> <span class='ocrx_word' id='word_1_512' title='bbox 1632 3859 1778 3914; x_wconf 77' lang='lat' dir='ltr'><strong>mirandas</strong></span> 
     </span>
     <span class='ocr_line' id='line_1_68' title="bbox 69 3943 1779 4028; baseline -0.008 -18"><span class='ocrx_word' id='word_1_513' title='bbox 69 3956 163 4018; x_wconf 74' lang='lat' dir='ltr'><strong>aionis</strong></span> <span class='ocrx_word' id='word_1_514' title='bbox 175 3955 350 4027; x_wconf 89' lang='lat' dir='ltr'><strong>possidebat</strong></span> <span class='ocrx_word' id='word_1_515' title='bbox 363 3956 500 4012; x_wconf 89' lang='lat' dir='ltr'><strong>reddidit.</strong></span> <span class='ocrx_word' id='word_1_516' title='bbox 514 3961 638 4028; x_wconf 84' lang='lat' dir='ltr'><strong>ipseque</strong></span> <span class='ocrx_word' id='word_1_517' title='bbox 646 3956 779 4012; x_wconf 65' lang='lat' dir='ltr'><strong>alannus</strong></span> <span class='ocrx_word' id='word_1_518' title='bbox 792 3963 896 4028; x_wconf 57' lang='lat' dir='ltr'><strong>postca</strong></span> <span class='ocrx_word' id='word_1_519' title='bbox 950 3957 1040 4025; x_wconf 86' lang='lat' dir='ltr'><strong>atque</strong></span> <span class='ocrx_word' id='word_1_520' title='bbox 1051 3951 1269 4008; x_wconf 74' lang='lat' dir='ltr'><strong>inaestimandae</strong></span> <span class='ocrx_word' id='word_1_521' title='bbox 1281 3948 1437 4018; x_wconf 81' lang='lat' dir='ltr'><strong>legationis</strong></span> <span class='ocrx_word' id='word_1_522' title='bbox 1448 3946 1638 4010; x_wconf 89' lang='lat' dir='ltr'><strong>mandatum,</strong></span> <span class='ocrx_word' id='word_1_523' title='bbox 1649 3944 1729 3999; x_wconf 86' lang='lat' dir='ltr'><strong>misit</strong></span> <span class='ocrx_word' id='word_1_524' title='bbox 1740 3943 1779 3998; x_wconf 90' lang='lat' dir='ltr'><strong>ad</strong></span> 
     </span>
     <span class='ocr_line' id='line_1_69' title="bbox 68 4032 1781 4113; baseline -0.005 -19"><span class='ocrx_word' id='word_1_525' title='bbox 68 4044 213 4100; x_wconf 75' lang='lat' dir='ltr'><strong>tirrillelmi</strong></span> <span class='ocrx_word' id='word_1_526' title='bbox 226 4045 376 4102; x_wconf 89' lang='lat' dir='ltr'><strong>mandatis</strong></span> <span class='ocrx_word' id='word_1_527' title='bbox 390 4045 896 4102; x_wconf 62' lang='lat' dir='ltr'><strong>indesinenterinhaesitirenstcto</strong></span> <span class='ocrx_word' id='word_1_528' title='bbox 950 4057 1052 4113; x_wconf 85' lang='lat' dir='ltr'><strong>regem</strong></span> <span class='ocrx_word' id='word_1_529' title='bbox 1068 4041 1262 4107; x_wconf 81' lang='lat' dir='ltr'><strong>ludovicum,</strong></span> <span class='ocrx_word' id='word_1_530' title='bbox 1280 4042 1310 4094; x_wconf 91' lang='lat' dir='ltr'><strong>et</strong></span> <span class='ocrx_word' id='word_1_531' title='bbox 1328 4035 1449 4092; x_wconf 90' lang='lat' dir='ltr'><strong>redditit</strong></span> <span class='ocrx_word' id='word_1_532' title='bbox 1474 4033 1539 4089; x_wconf 87' lang='lat' dir='ltr'><strong>talis</strong></span> <span class='ocrx_word' id='word_1_533' title='bbox 1560 4032 1716 4101; x_wconf 84' lang='lat' dir='ltr'><strong>legationis</strong></span> <span class='ocrx_word' id='word_1_534' title='bbox 1731 4047 1781 4087; x_wconf 92' lang='lat' dir='ltr'><strong>na·</strong></span> 
     </span>
     <span class='ocr_line' id='line_1_70' title="bbox 69 4121 1779 4206; baseline -0.005 -22"><span class='ocrx_word' id='word_1_535' title='bbox 69 4149 136 4188; x_wconf 83' lang='lat' dir='ltr'><strong>vero</strong></span> <span class='ocrx_word' id='word_1_536' title='bbox 152 4137 220 4203; x_wconf 90' lang='lat' dir='ltr'><strong>post</strong></span> <span class='ocrx_word' id='word_1_537' title='bbox 236 4133 405 4189; x_wconf 88' lang='lat' dir='ltr'><strong>unctionem</strong></span> <span class='ocrx_word' id='word_1_538' title='bbox 418 4133 495 4201; x_wconf 85' lang='lat' dir='ltr'><strong>regis</strong></span> <span class='ocrx_word' id='word_1_539' title='bbox 510 4133 599 4188; x_wconf 87' lang='lat' dir='ltr'><strong>unius</strong></span> <span class='ocrx_word' id='word_1_540' title='bbox 614 4133 700 4188; x_wconf 88' lang='lat' dir='ltr'><strong>lustri</strong></span> <span class='ocrx_word' id='word_1_541' title='bbox 714 4131 822 4206; x_wconf 87' lang='lat' dir='ltr'><strong>spatio,</strong></span> <span class='ocrx_word' id='word_1_542' title='bbox 835 4148 897 4188; x_wconf 85' lang='lat' dir='ltr'><strong>coe·</strong></span> <span class='ocrx_word' id='word_1_543' title='bbox 952 4130 1032 4201; x_wconf 86' lang='lat' dir='ltr'><strong>gotio</strong></span> <span class='ocrx_word' id='word_1_544' title='bbox 1043 4129 1223 4202; x_wconf 87' lang='lat' dir='ltr'><strong>jucundum.</strong></span> <span class='ocrx_word' id='word_1_545' title='bbox 1244 4129 1364 4181; x_wconf 82' lang='lat' dir='ltr'><strong>Statutae</strong></span> <span class='ocrx_word' id='word_1_546' title='bbox 1380 4121 1571 4196; x_wconf 85' lang='lat' dir='ltr'><strong>protectionis</strong></span> <span class='ocrx_word' id='word_1_547' title='bbox 1592 4121 1640 4180; x_wconf 85' lang='lat' dir='ltr'><strong>die</strong></span> <span class='ocrx_word' id='word_1_548' title='bbox 1654 4137 1779 4192; x_wconf 84' lang='lat' dir='ltr'><strong>congre-</strong></span> 
     </span>
     <span class='ocr_line' id='line_1_71' title="bbox 67 4209 1781 4294; baseline -0.004 -20"><span class='ocrx_word' id='word_1_549' title='bbox 67 4226 175 4292; x_wconf 86' lang='lat' dir='ltr'><strong>perunt</strong></span> <span class='ocrx_word' id='word_1_550' title='bbox 189 4220 294 4276; x_wconf 79' lang='lat' dir='ltr'><strong>Franci</strong></span> <span class='ocrx_word' id='word_1_551' title='bbox 308 4225 412 4277; x_wconf 89' lang='lat' dir='ltr'><strong>contra</strong></span> <span class='ocrx_word' id='word_1_552' title='bbox 426 4237 498 4277; x_wconf 90' lang='lat' dir='ltr'><strong>eum</strong></span> <span class='ocrx_word' id='word_1_553' title='bbox 512 4220 637 4290; x_wconf 89' lang='lat' dir='ltr'><strong>litigare,</strong></span> <span class='ocrx_word' id='word_1_554' title='bbox 648 4220 815 4294; x_wconf 76' lang='lat' dir='ltr'><strong>inuitisque</strong></span> <span class='ocrx_word' id='word_1_555' title='bbox 831 4237 897 4277; x_wconf 87' lang='lat' dir='ltr'><strong>mo·</strong></span> <span class='ocrx_word' id='word_1_556' title='bbox 951 4223 1021 4289; x_wconf 90' lang='lat' dir='ltr'><strong>gata</strong></span> <span class='ocrx_word' id='word_1_557' title='bbox 1042 4215 1307 4274; x_wconf 88' lang='lat' dir='ltr'><strong>innumerabilium</strong></span> <span class='ocrx_word' id='word_1_558' title='bbox 1322 4211 1512 4269; x_wconf 87' lang='lat' dir='ltr'><strong>multitudine</strong></span> <span class='ocrx_word' id='word_1_559' title='bbox 1526 4209 1689 4280; x_wconf 89' lang='lat' dir='ltr'><strong>legionum,</strong></span> <span class='ocrx_word' id='word_1_560' title='bbox 1706 4210 1781 4268; x_wconf 83' lang='lat' dir='ltr'><strong>dixit</strong></span> 
     </span>
     <span class='ocr_line' id='line_1_72' title="bbox 67 4299 1779 4383; baseline -0.004 -21"><span class='ocrx_word' id='word_1_561' title='bbox 67 4311 195 4366; x_wconf 83' lang='lat' dir='ltr'><strong>diaeum</strong></span> <span class='ocrx_word' id='word_1_562' title='bbox 210 4309 562 4383; x_wconf 83' lang='lat' dir='ltr'><strong>opprimere,quinetlam</strong></span> <span class='ocrx_word' id='word_1_563' title='bbox 573 4311 671 4366; x_wconf 90' lang='lat' dir='ltr'><strong>conati</strong></span> <span class='ocrx_word' id='word_1_564' title='bbox 686 4317 757 4367; x_wconf 90' lang='lat' dir='ltr'><strong>sunt</strong></span> <span class='ocrx_word' id='word_1_565' title='bbox 771 4329 788 4367; x_wconf 90' lang='lat' dir='ltr'><strong>a</strong></span> <span class='ocrx_word' id='word_1_566' title='bbox 803 4327 896 4381; x_wconf 87' lang='lat' dir='ltr'><strong>regno</strong></span> <span class='ocrx_word' id='word_1_567' title='bbox 952 4307 1125 4364; x_wconf 86' lang='lat' dir='ltr'><strong>Guilleimus</strong></span> <span class='ocrx_word' id='word_1_568' title='bbox 1144 4307 1183 4362; x_wconf 89' lang='lat' dir='ltr'><strong>ad</strong></span> <span class='ocrx_word' id='word_1_569' title='bbox 1202 4307 1354 4360; x_wconf 75' lang='lat' dir='ltr'><strong>(iunonem</strong></span> <span class='ocrx_word' id='word_1_570' title='bbox 1375 4303 1484 4358; x_wconf 89' lang='lat' dir='ltr'><strong>ducem</strong></span> <span class='ocrx_word' id='word_1_571' title='bbox 1499 4302 1663 4370; x_wconf 77' lang='lat' dir='ltr'><strong>Saxonum,</strong></span> <span class='ocrx_word' id='word_1_572' title='bbox 1678 4299 1779 4357; x_wconf 85' lang='lat' dir='ltr'><strong>volans</strong></span> 
     </span>
     <span class='ocr_line' id='line_1_73' title="bbox 68 4365 1777 4472; baseline -0.005 -19"><span class='ocrx_word' id='word_1_573' title='bbox 68 4398 234 4454; x_wconf 86' lang='lat' dir='ltr'><strong>extrudere.</strong></span> <span class='ocrx_word' id='word_1_574' title='bbox 251 4399 358 4456; x_wconf 86' lang='lat' dir='ltr'><strong>Videns</strong></span> <span class='ocrx_word' id='word_1_575' title='bbox 373 4403 473 4455; x_wconf 86' lang='lat' dir='ltr'><strong>autem</strong></span> <span class='ocrx_word' id='word_1_576' title='bbox 490 4415 542 4458; x_wconf 86' lang='lat' dir='ltr'><strong>rex</strong></span> <span class='ocrx_word' id='word_1_577' title='bbox 557 4415 588 4455; x_wconf 89' lang='lat' dir='ltr'><strong>se</strong></span> <span class='ocrx_word' id='word_1_578' title='bbox 601 4399 730 4468; x_wconf 83' lang='lat' dir='ltr'><strong>destitui,</strong></span> <span class='ocrx_word' id='word_1_579' title='bbox 746 4403 775 4454; x_wconf 88' lang='lat' dir='ltr'><strong>et</strong></span> <span class='ocrx_word' id='word_1_580' title='bbox 786 4415 843 4472; x_wconf 90' lang='lat' dir='ltr'><strong>pro</strong></span> <span class='ocrx_word' id='word_1_581' title='bbox 854 4399 898 4454; x_wconf 77' lang='lat' dir='ltr'><strong>ni·</strong></span> <span class='ocrx_word' id='word_1_582' title='bbox 915 4365 936 4422; x_wconf 63' lang='grc' dir='ltr'><strong>Β</strong></span> <span class='ocrx_word' id='word_1_583' title='bbox 951 4397 1077 4469; x_wconf 85' lang='lat' dir='ltr'><strong>experiri</strong></span> <span class='ocrx_word' id='word_1_584' title='bbox 1104 4395 1127 4450; x_wconf 91' lang='lat' dir='ltr'><strong>si</strong></span> <span class='ocrx_word' id='word_1_585' title='bbox 1153 4393 1227 4466; x_wconf 91' lang='lat' dir='ltr'><strong>quid</strong></span> <span class='ocrx_word' id='word_1_586' title='bbox 1251 4391 1341 4450; x_wconf 86' lang='lat' dir='ltr'><strong>corda</strong></span> <span class='ocrx_word' id='word_1_587' title='bbox 1366 4391 1431 4462; x_wconf 88' lang='lat' dir='ltr'><strong>ejus</strong></span> <span class='ocrx_word' id='word_1_588' title='bbox 1462 4389 1567 4450; x_wconf 86' lang='lat' dir='ltr'><strong>lateret</strong></span> <span class='ocrx_word' id='word_1_589' title='bbox 1592 4389 1777 4446; x_wconf 90' lang='lat' dir='ltr'><strong>obscurum:</strong></span> 
     </span>
     <span class='ocr_line' id='line_1_74' title="bbox 68 4475 1777 4558; baseline -0.006 -16"><span class='ocrx_word' id='word_1_590' title='bbox 68 4489 126 4543; x_wconf 85' lang='lat' dir='ltr'><strong>hilo</strong></span> <span class='ocrx_word' id='word_1_591' title='bbox 143 4487 666 4558; x_wconf 79' lang='lat' dir='ltr'><strong>ai&#39;rancigenisduci,mlsitlegatos</strong></span> <span class='ocrx_word' id='word_1_592' title='bbox 682 4489 718 4544; x_wconf 93' lang='lat' dir='ltr'><strong>ad</strong></span> <span class='ocrx_word' id='word_1_593' title='bbox 737 4489 895 4545; x_wconf 88' lang='lat' dir='ltr'><strong>ilenrieum</strong></span> <span class='ocrx_word' id='word_1_594' title='bbox 952 4509 966 4536; x_wconf 79' lang='grc' dir='ltr'><strong>ι</strong></span> <span class='ocrx_word' id='word_1_595' title='bbox 981 4489 1118 4558; x_wconf 76' lang='lat' dir='ltr'><strong>Praepara</strong></span> <span class='ocrx_word' id='word_1_596' title='bbox 1141 4487 1168 4539; x_wconf 91' lang='lat' dir='ltr'><strong>te</strong></span> <span class='ocrx_word' id='word_1_597' title='bbox 1189 4481 1294 4546; x_wconf 77' lang='grc' dir='ltr'>ιιιιιιιι,</span> <span class='ocrx_word' id='word_1_598' title='bbox 1310 4485 1339 4538; x_wconf 92' lang='lat' dir='ltr'><strong>et</strong></span> <span class='ocrx_word' id='word_1_599' title='bbox 1353 4481 1505 4536; x_wconf 87' lang='lat' dir='ltr'><strong>instructa</strong></span> <span class='ocrx_word' id='word_1_600' title='bbox 1518 4477 1650 4535; x_wconf 88' lang='lat' dir='ltr'><strong>celeriter</strong></span> <span class='ocrx_word' id='word_1_601' title='bbox 1672 4475 1777 4543; x_wconf 87' lang='lat' dir='ltr'><strong>ocreis,</strong></span> 
     </span>
     <span class='ocr_line' id='line_1_75' title="bbox 68 4564 1779 4649; baseline -0.008 -17"><span class='ocrx_word' id='word_1_602' title='bbox 68 4593 171 4644; x_wconf 85' lang='lat' dir='ltr'><strong>regem</strong></span> <span class='ocrx_word' id='word_1_603' title='bbox 201 4575 478 4644; x_wconf 84' lang='lat' dir='ltr'><strong>Transrhenanum,</strong></span> <span class='ocrx_word' id='word_1_604' title='bbox 508 4577 663 4649; x_wconf 82' lang='lat' dir='ltr'><strong>requirens</strong></span> <span class='ocrx_word' id='word_1_605' title='bbox 691 4577 755 4647; x_wconf 85' lang='lat' dir='ltr'><strong>ejus</strong></span> <span class='ocrx_word' id='word_1_606' title='bbox 781 4577 897 4648; x_wconf 81' lang='lat' dir='ltr'><strong>adjuto·</strong></span> <span class='ocrx_word' id='word_1_607' title='bbox 951 4575 1023 4649; x_wconf 92' lang='lat' dir='ltr'><strong>quia</strong></span> <span class='ocrx_word' id='word_1_608' title='bbox 1042 4573 1158 4629; x_wconf 86' lang='lat' dir='ltr'><strong>mittam</strong></span> <span class='ocrx_word' id='word_1_609' title='bbox 1173 4571 1280 4631; x_wconf 88' lang='lat' dir='ltr'><strong>teurbi</strong></span> <span class='ocrx_word' id='word_1_610' title='bbox 1303 4571 1505 4642; x_wconf 89' lang='lat' dir='ltr'><strong>Bajocacensi‚</strong></span> <span class='ocrx_word' id='word_1_611' title='bbox 1521 4569 1617 4630; x_wconf 87' lang='lat' dir='ltr'><strong>donec</strong></span> <span class='ocrx_word' id='word_1_612' title='bbox 1632 4572 1664 4622; x_wconf 92' lang='lat' dir='ltr'><strong>ut</strong></span> <span class='ocrx_word' id='word_1_613' title='bbox 1678 4564 1779 4621; x_wconf 81' lang='lat' dir='ltr'><strong>dixisti</strong></span> 
     </span>
     <span class='ocr_line' id='line_1_76' title="bbox 68 4653 1777 4739; baseline -0.009 -18"><span class='ocrx_word' id='word_1_614' title='bbox 68 4665 464 4738; x_wconf 82' lang='lat' dir='ltr'><strong>rium‚1usuperetamrcrt1a</strong></span> <span class='ocrx_word' id='word_1_615' title='bbox 472 4666 611 4736; x_wconf 83' lang='lat' dir='ltr'><strong>oossrgare</strong></span> <span class='ocrx_word' id='word_1_616' title='bbox 621 4665 705 4725; x_wconf 79' lang='lat' dir='ltr'><strong>illum</strong></span> <span class='ocrx_word' id='word_1_617' title='bbox 717 4666 817 4727; x_wconf 85' lang='lat' dir='ltr'><strong>sibirn</strong></span> <span class='ocrx_word' id='word_1_618' title='bbox 830 4682 896 4739; x_wconf 84' lang='lat' dir='ltr'><strong>per·</strong></span> <span class='ocrx_word' id='word_1_619' title='bbox 951 4669 1137 4721; x_wconf 87' lang='lat' dir='ltr'><strong>revertamur</strong></span> <span class='ocrx_word' id='word_1_620' title='bbox 1154 4660 1237 4718; x_wconf 87' lang='lat' dir='ltr'><strong>illesi.</strong></span> <span class='ocrx_word' id='word_1_621' title='bbox 1254 4661 1338 4716; x_wconf 86' lang='lat' dir='ltr'><strong>Tunc</strong></span> <span class='ocrx_word' id='word_1_622' title='bbox 1351 4663 1452 4718; x_wconf 67' lang='lat' dir='ltr'><strong>Conci</strong></span> <span class='ocrx_word' id='word_1_623' title='bbox 1475 4659 1550 4716; x_wconf 89' lang='lat' dir='ltr'><strong>ititte</strong></span> <span class='ocrx_word' id='word_1_624' title='bbox 1570 4673 1618 4716; x_wconf 92' lang='lat' dir='ltr'><strong>me</strong></span> <span class='ocrx_word' id='word_1_625' title='bbox 1640 4669 1702 4727; x_wconf 93' lang='lat' dir='ltr'><strong>quo</strong></span> <span class='ocrx_word' id='word_1_626' title='bbox 1724 4653 1777 4718; x_wconf 88' lang='lat' dir='ltr'><strong>vis,</strong></span> 
     </span>
     <span class='ocr_line' id='line_1_77' title="bbox 68 4741 1776 4830; baseline -0.011 -16"><span class='ocrx_word' id='word_1_627' title='bbox 68 4763 203 4830; x_wconf 81' lang='lat' dir='ltr'><strong>potuum.</strong></span> <span class='ocrx_word' id='word_1_628' title='bbox 220 4756 334 4823; x_wconf 79' lang='lat' dir='ltr'><strong>Quibus</strong></span> <span class='ocrx_word' id='word_1_629' title='bbox 357 4771 537 4829; x_wconf 87' lang='lat' dir='ltr'><strong>responsum</strong></span> <span class='ocrx_word' id='word_1_630' title='bbox 557 4761 601 4816; x_wconf 87' lang='lat' dir='ltr'><strong>est</strong></span> <span class='ocrx_word' id='word_1_631' title='bbox 627 4773 688 4816; x_wconf 85' lang='lat' dir='ltr'><strong>non</strong></span> <span class='ocrx_word' id='word_1_632' title='bbox 712 4773 743 4814; x_wconf 87' lang='lat' dir='ltr'><strong>se</strong></span> <span class='ocrx_word' id='word_1_633' title='bbox 758 4755 897 4816; x_wconf 68' lang='lat' dir='ltr'><strong>larderari</strong></span> <span class='ocrx_word' id='word_1_634' title='bbox 952 4753 1041 4809; x_wconf 89' lang='lat' dir='ltr'><strong>etiam</strong></span> <span class='ocrx_word' id='word_1_635' title='bbox 1057 4751 1142 4807; x_wconf 86' lang='lat' dir='ltr'><strong>Dacis</strong></span> <span class='ocrx_word' id='word_1_636' title='bbox 1156 4753 1215 4806; x_wconf 81' lang='lat' dir='ltr'><strong>tua</strong></span> <span class='ocrx_word' id='word_1_637' title='bbox 1241 4748 1345 4806; x_wconf 92' lang='lat' dir='ltr'><strong>ditioni</strong></span> <span class='ocrx_word' id='word_1_638' title='bbox 1360 4747 1521 4803; x_wconf 78' lang='lat' dir='ltr'><strong>subditis»</strong></span> <span class='ocrx_word' id='word_1_639' title='bbox 1538 4749 1571 4800; x_wconf 86' lang='lat' dir='ltr'><strong>Et</strong></span> <span class='ocrx_word' id='word_1_640' title='bbox 1585 4741 1776 4798; x_wconf 87' lang='lat' dir='ltr'><strong>Guillelmus:</strong></span> 
     </span>
    </p>

    <p class='ocr_par' dir='ltr' id='par_1_25' title="bbox 68 4829 1780 5366">
     <span class='ocr_line' id='line_1_78' title="bbox 68 4829 1779 4918; baseline -0.011 -16"><span class='ocrx_word' id='word_1_641' title='bbox 68 4863 137 4908; x_wconf 79' lang='lat' dir='ltr'><strong>cunr</strong></span> <span class='ocrx_word' id='word_1_642' title='bbox 153 4861 221 4914; x_wconf 79' lang='lat' dir='ltr'><strong>rege</strong></span> <span class='ocrx_word' id='word_1_643' title='bbox 237 4847 430 4916; x_wconf 79' lang='lat' dir='ltr'><strong>Francorum,</strong></span> <span class='ocrx_word' id='word_1_644' title='bbox 446 4845 502 4904; x_wconf 87' lang='lat' dir='ltr'><strong>uisi</strong></span> <span class='ocrx_word' id='word_1_645' title='bbox 516 4861 568 4918; x_wconf 91' lang='lat' dir='ltr'><strong>per</strong></span> <span class='ocrx_word' id='word_1_646' title='bbox 583 4845 771 4908; x_wconf 82' lang='lat' dir='ltr'><strong>Guillelmum</strong></span> <span class='ocrx_word' id='word_1_647' title='bbox 787 4845 895 4904; x_wconf 86' lang='lat' dir='ltr'><strong>ducem</strong></span> <span class='ocrx_word' id='word_1_648' title='bbox 954 4846 1092 4899; x_wconf 70' lang='lat' dir='ltr'><strong>«Mecum</strong></span> <span class='ocrx_word' id='word_1_649' title='bbox 1106 4841 1145 4897; x_wconf 90' lang='lat' dir='ltr'><strong>ad</strong></span> <span class='ocrx_word' id='word_1_650' title='bbox 1159 4839 1302 4912; x_wconf 87' lang='lat' dir='ltr'><strong>placitum</strong></span> <span class='ocrx_word' id='word_1_651' title='bbox 1316 4838 1372 4893; x_wconf 90' lang='lat' dir='ltr'><strong>ibis</strong></span> <span class='ocrx_word' id='word_1_652' title='bbox 1376 4836 1466 4909; x_wconf 89' lang='lat' dir='ltr'><strong>,quia</strong></span> <span class='ocrx_word' id='word_1_653' title='bbox 1480 4851 1540 4891; x_wconf 93' lang='lat' dir='ltr'><strong>non</strong></span> <span class='ocrx_word' id='word_1_654' title='bbox 1559 4849 1626 4888; x_wconf 86' lang='lat' dir='ltr'><strong>sum</strong></span> <span class='ocrx_word' id='word_1_655' title='bbox 1639 4829 1779 4886; x_wconf 87' lang='lat' dir='ltr'><strong>diffidens</strong></span> 
     </span>
     <span class='ocr_line' id='line_1_79' title="bbox 69 4920 1780 5012; baseline -0.012 -18.988"><span class='ocrx_word' id='word_1_656' title='bbox 69 4935 352 4996; x_wconf 77' lang='lat' dir='ltr'><strong>uortbmsunorum</strong></span> <span class='ocrx_word' id='word_1_657' title='bbox 370 4935 419 4996; x_wconf 73' lang='lat' dir='ltr'><strong>urs</strong></span> <span class='ocrx_word' id='word_1_658' title='bbox 431 4935 521 5004; x_wconf 79' lang='lat' dir='ltr'><strong>igitur</strong></span> <span class='ocrx_word' id='word_1_659' title='bbox 536 4937 720 5012; x_wconf 80' lang='lat' dir='ltr'><strong>renuntiatis,</strong></span> <span class='ocrx_word' id='word_1_660' title='bbox 737 4952 787 4996; x_wconf 79' lang='lat' dir='ltr'><strong>res</strong></span> <span class='ocrx_word' id='word_1_661' title='bbox 804 4936 897 4996; x_wconf 84' lang='lat' dir='ltr'><strong>Ludo-</strong></span> <span class='ocrx_word' id='word_1_662' title='bbox 953 4933 1006 4987; x_wconf 91' lang='lat' dir='ltr'><strong>tui.</strong></span> <span class='ocrx_word' id='word_1_663' title='bbox 1019 4953 1033 4982; x_wconf 76' lang='lat' dir='ltr'><strong>a</strong></span> <span class='ocrx_word' id='word_1_664' title='bbox 1056 4934 1088 4986; x_wconf 80' lang='lat' dir='ltr'><strong>iit</strong></span> <span class='ocrx_word' id='word_1_665' title='bbox 1104 4933 1231 4986; x_wconf 86' lang='lat' dir='ltr'><strong>Cono:‹</strong></span> <span class='ocrx_word' id='word_1_666' title='bbox 1231 4928 1282 4988; x_wconf 85' lang='lat' dir='ltr'><strong>‹Si</strong></span> <span class='ocrx_word' id='word_1_667' title='bbox 1306 4920 1780 4996; x_wconf 69' lang='lat' dir='ltr'><strong>Bajocasensemcivitatempeu</strong></span> 
     </span>
     <span class='ocr_line' id='line_1_80' title="bbox 69 5007 1777 5091; baseline -0.011 -11"><span class='ocrx_word' id='word_1_668' title='bbox 69 5025 152 5083; x_wconf 80' lang='lat' dir='ltr'><strong>vicus</strong></span> <span class='ocrx_word' id='word_1_669' title='bbox 161 5023 323 5086; x_wconf 80' lang='lat' dir='ltr'><strong>mutarum</strong></span> <span class='ocrx_word' id='word_1_670' title='bbox 333 5023 560 5086; x_wconf 80' lang='lat' dir='ltr'><strong>tribulationum</strong></span> <span class='ocrx_word' id='word_1_671' title='bbox 570 5025 756 5086; x_wconf 77' lang='lat' dir='ltr'><strong>coniunctus</strong></span> <span class='ocrx_word' id='word_1_672' title='bbox 768 5025 894 5091; x_wconf 87' lang='lat' dir='ltr'><strong>attritus,</strong></span> <span class='ocrx_word' id='word_1_673' title='bbox 953 5035 1065 5087; x_wconf 85' lang='lat' dir='ltr'><strong>resero,</strong></span> <span class='ocrx_word' id='word_1_674' title='bbox 1082 5025 1151 5075; x_wconf 90' lang='lat' dir='ltr'><strong>tuus</strong></span> <span class='ocrx_word' id='word_1_675' title='bbox 1171 5017 1267 5073; x_wconf 82' lang='lat' dir='ltr'><strong>fidelis</strong></span> <span class='ocrx_word' id='word_1_676' title='bbox 1282 5015 1488 5071; x_wconf 89' lang='lat' dir='ltr'><strong>incunctanter</strong></span> <span class='ocrx_word' id='word_1_677' title='bbox 1503 5011 1606 5066; x_wconf 82' lang='lat' dir='ltr'><strong>existo.</strong></span> <span class='ocrx_word' id='word_1_678' title='bbox 1627 5007 1677 5064; x_wconf 86' lang='lat' dir='ltr'><strong>Sin</strong></span> <span class='ocrx_word' id='word_1_679' title='bbox 1695 5022 1777 5074; x_wconf 85' lang='lat' dir='ltr'><strong>vero,</strong></span> 
     </span>
     <span class='ocr_line' id='line_1_81' title="bbox 69 5100 1780 5188; baseline -0.009 -20"><span class='ocrx_word' id='word_1_680' title='bbox 69 5111 328 5188; x_wconf 78' lang='lat' dir='ltr'><strong>plurimarumque</strong></span> <span class='ocrx_word' id='word_1_681' title='bbox 355 5113 646 5186; x_wconf 81' lang='lat' dir='ltr'><strong>inopportunitatum</strong></span> <span class='ocrx_word' id='word_1_682' title='bbox 676 5113 896 5174; x_wconf 76' lang='lat' dir='ltr'><strong>calamitatibus</strong></span> <span class='ocrx_word' id='word_1_683' title='bbox 951 5111 1034 5183; x_wconf 90' lang='lat' dir='ltr'><strong>quod</strong></span> <span class='ocrx_word' id='word_1_684' title='bbox 1049 5125 1109 5164; x_wconf 92' lang='lat' dir='ltr'><strong>non</strong></span> <span class='ocrx_word' id='word_1_685' title='bbox 1125 5107 1226 5176; x_wconf 85' lang='lat' dir='ltr'><strong>eredo,</strong></span> <span class='ocrx_word' id='word_1_686' title='bbox 1242 5110 1341 5160; x_wconf 91' lang='lat' dir='ltr'><strong>tecum</strong></span> <span class='ocrx_word' id='word_1_687' title='bbox 1363 5102 1514 5175; x_wconf 89' lang='lat' dir='ltr'><strong>proiectus</strong></span> <span class='ocrx_word' id='word_1_688' title='bbox 1534 5100 1629 5166; x_wconf 86' lang='lat' dir='ltr'><strong>fuero,</strong></span> <span class='ocrx_word' id='word_1_689' title='bbox 1648 5101 1716 5154; x_wconf 90' lang='lat' dir='ltr'><strong>tuus</strong></span> <span class='ocrx_word' id='word_1_690' title='bbox 1735 5111 1780 5152; x_wconf 72' lang='lat' dir='ltr'><strong>au</strong></span> 
     </span>
     <span class='ocr_line' id='line_1_82' title="bbox 68 5189 1779 5267; baseline 0.003 -9"><span class='ocrx_word' id='word_1_691' title='bbox 68 5201 357 5266; x_wconf 69' lang='lat' dir='ltr'><strong>enumerarem</strong></span> <span class='ocrx_word' id='word_1_692' title='bbox 374 5201 493 5262; x_wconf 69' lang='lat' dir='ltr'><strong>titionis</strong></span> <span class='ocrx_word' id='word_1_693' title='bbox 513 5206 646 5262; x_wconf 85' lang='lat' dir='ltr'><strong>montem</strong></span> <span class='ocrx_word' id='word_1_694' title='bbox 661 5207 765 5264; x_wconf 85' lang='lat' dir='ltr'><strong>contra</strong></span> <span class='ocrx_word' id='word_1_695' title='bbox 777 5201 896 5262; x_wconf 85' lang='lat' dir='ltr'><strong>Guillcl</strong></span> <span class='ocrx_word' id='word_1_696' title='bbox 952 5199 1047 5267; x_wconf 68' lang='lat' dir='ltr'><strong>miser</strong></span> <span class='ocrx_word' id='word_1_697' title='bbox 1068 5195 1148 5251; x_wconf 85' lang='lat' dir='ltr'><strong>fidus</strong></span> <span class='ocrx_word' id='word_1_698' title='bbox 1167 5199 1327 5264; x_wconf 69' lang='lat' dir='ltr'><strong>⁰11⁸l⁰⁵q1¹⁰</strong></span> <span class='ocrx_word' id='word_1_699' title='bbox 1350 5191 1417 5245; x_wconf 63' lang='lat'><strong>”2³³</strong></span> <span class='ocrx_word' id='word_1_700' title='bbox 1432 5193 1487 5243; x_wconf 65' lang='lat' dir='ltr'><strong>²¹¹ae</strong></span> <span class='ocrx_word' id='word_1_701' title='bbox 1509 5189 1650 5244; x_wconf 65' lang='lat' dir='ltr'>⁰⁰¹¹S¹³¹¹⁸</span> <span class='ocrx_word' id='word_1_702' title='bbox 1675 5190 1779 5242; x_wconf 66' lang='lat' dir='ltr'><strong>⁰⁰¹¹²l³</strong></span> 
     </span>
     <span class='ocr_line' id='line_1_83' title="bbox 69 5283 1465 5366; baseline -0.011 -13"><span class='ocrx_word' id='word_1_703' title='bbox 69 5290 268 5353; x_wconf 81' lang='lat' dir='ltr'><strong>manducem</strong></span> <span class='ocrx_word' id='word_1_704' title='bbox 275 5291 548 5352; x_wconf 80' lang='lat' dir='ltr'><strong>northmannorum</strong></span> <span class='ocrx_word' id='word_1_705' title='bbox 553 5291 899 5366; x_wconf 85' lang='lat' dir='ltr'><strong>,deprecansuiseadju</strong></span> <span class='ocrx_word' id='word_1_706' title='bbox 952 5287 1083 5348; x_wconf 88' lang='lat' dir='ltr'><strong>hostium</strong></span> <span class='ocrx_word' id='word_1_707' title='bbox 1098 5283 1222 5342; x_wconf 88' lang='lat' dir='ltr'><strong>insidias</strong></span> <span class='ocrx_word' id='word_1_708' title='bbox 1236 5293 1465 5354; x_wconf 79' lang='lat' dir='ltr'><strong>permansero.»</strong></span> 
     </span>
    </p>

    <p class='ocr_par' dir='ltr' id='par_1_26' title="bbox 68 5367 1780 5632">
     <span class='ocr_line' id='line_1_84' title="bbox 68 5367 1780 5450; baseline -0.005 -16"><span class='ocrx_word' id='word_1_709' title='bbox 68 5379 371 5442; x_wconf 82' lang='lat' dir='ltr'><strong>raratetdeienderet</strong></span> <span class='ocrx_word' id='word_1_710' title='bbox 382 5385 486 5440; x_wconf 87' lang='lat' dir='ltr'><strong>eontra</strong></span> <span class='ocrx_word' id='word_1_711' title='bbox 501 5381 631 5442; x_wconf 84' lang='lat' dir='ltr'><strong>Francos</strong></span> <span class='ocrx_word' id='word_1_712' title='bbox 641 5380 696 5438; x_wconf 82' lang='lat' dir='ltr'><strong>sibi</strong></span> <span class='ocrx_word' id='word_1_713' title='bbox 709 5379 896 5450; x_wconf 82' lang='lat' dir='ltr'><strong>rebellantes,</strong></span> <span class='ocrx_word' id='word_1_714' title='bbox 989 5376 1038 5434; x_wconf 89' lang='lat' dir='ltr'><strong>His</strong></span> <span class='ocrx_word' id='word_1_715' title='bbox 1052 5372 1314 5436; x_wconf 85' lang='lat' dir='ltr'><strong>dictis,occurrunt</strong></span> <span class='ocrx_word' id='word_1_716' title='bbox 1325 5367 1482 5426; x_wconf 86' lang='lat' dir='ltr'><strong>unanimes</strong></span> <span class='ocrx_word' id='word_1_717' title='bbox 1493 5383 1562 5426; x_wconf 89' lang='lat' dir='ltr'><strong>cum</strong></span> <span class='ocrx_word' id='word_1_718' title='bbox 1576 5367 1706 5428; x_wconf 77' lang='lat' dir='ltr'><strong>exercitu</strong></span> <span class='ocrx_word' id='word_1_719' title='bbox 1716 5381 1780 5426; x_wconf 87' lang='lat' dir='ltr'><strong>ma-</strong></span> 
     </span>
     <span class='ocr_line' id='line_1_85' title="bbox 68 5457 1779 5543; baseline 0.001 -17"><span class='ocrx_word' id='word_1_720' title='bbox 68 5469 293 5543; x_wconf 78' lang='lat' dir='ltr'><strong>amicitiamque</strong></span> <span class='ocrx_word' id='word_1_721' title='bbox 304 5469 420 5529; x_wconf 79' lang='lat' dir='ltr'><strong>ilenrici</strong></span> <span class='ocrx_word' id='word_1_722' title='bbox 434 5471 512 5541; x_wconf 85' lang='lat' dir='ltr'><strong>regis</strong></span> <span class='ocrx_word' id='word_1_723' title='bbox 525 5467 729 5530; x_wconf 82' lang='lat' dir='ltr'><strong>Transirenani</strong></span> <span class='ocrx_word' id='word_1_724' title='bbox 742 5475 770 5524; x_wconf 87' lang='lat' dir='ltr'><strong>et</strong></span> <span class='ocrx_word' id='word_1_725' title='bbox 780 5470 898 5541; x_wconf 82' lang='lat' dir='ltr'><strong>adjuto-</strong></span> <span class='ocrx_word' id='word_1_726' title='bbox 953 5481 1013 5536; x_wconf 89' lang='lat' dir='ltr'><strong>gno</strong></span> <span class='ocrx_word' id='word_1_727' title='bbox 1026 5461 1174 5524; x_wconf 72' lang='lat' dir='ltr'><strong>ludovico</strong></span> <span class='ocrx_word' id='word_1_728' title='bbox 1187 5460 1258 5529; x_wconf 65' lang='lat' dir='ltr'><strong>retii·</strong></span> <span class='ocrx_word' id='word_1_729' title='bbox 1271 5457 1462 5516; x_wconf 65' lang='lat' dir='ltr'><strong>Laudunflffii</strong></span> <span class='ocrx_word' id='word_1_730' title='bbox 1476 5473 1556 5530; x_wconf 87' lang='lat' dir='ltr'><strong>pago</strong></span> <span class='ocrx_word' id='word_1_731' title='bbox 1571 5473 1640 5516; x_wconf 90' lang='lat' dir='ltr'><strong>cum</strong></span> <span class='ocrx_word' id='word_1_732' title='bbox 1653 5458 1779 5526; x_wconf 68' lang='lat' dir='ltr'><strong>Hussffllfl</strong></span> 
     </span>
     <span class='ocr_line' id='line_1_86' title="bbox 68 5543 1779 5632; baseline -0.01 -14"><span class='ocrx_word' id='word_1_733' title='bbox 68 5560 145 5620; x_wconf 78' lang='lat' dir='ltr'><strong>uum</strong></span> <span class='ocrx_word' id='word_1_734' title='bbox 170 5559 228 5618; x_wconf 89' lang='lat' dir='ltr'><strong>sibi</strong></span> <span class='ocrx_word' id='word_1_735' title='bbox 252 5559 427 5632; x_wconf 83' lang='lat' dir='ltr'><strong>acquireret.</strong></span> <span class='ocrx_word' id='word_1_736' title='bbox 443 5563 523 5618; x_wconf 88' lang='lat' dir='ltr'><strong>Tunc</strong></span> <span class='ocrx_word' id='word_1_737' title='bbox 539 5557 722 5625; x_wconf 87' lang='lat' dir='ltr'><strong>Cuilleimus,</strong></span> <span class='ocrx_word' id='word_1_738' title='bbox 738 5555 897 5614; x_wconf 86' lang='lat' dir='ltr'><strong>afflictione</strong></span> <span class='ocrx_word' id='word_1_739' title='bbox 953 5559 1058 5624; x_wconf 76' lang='lat' dir='ltr'><strong>Magno</strong></span> <span class='ocrx_word' id='word_1_740' title='bbox 1068 5551 1144 5610; x_wconf 89' lang='lat' dir='ltr'><strong>duce</strong></span> <span class='ocrx_word' id='word_1_741' title='bbox 1155 5555 1183 5610; x_wconf 88' lang='lat' dir='ltr'><strong>et</strong></span> <span class='ocrx_word' id='word_1_742' title='bbox 1193 5549 1346 5608; x_wconf 85' lang='lat' dir='ltr'><strong>Heribcrto</strong></span> <span class='ocrx_word' id='word_1_743' title='bbox 1358 5547 1465 5604; x_wconf 87' lang='lat' dir='ltr'><strong>comite</strong></span> <span class='ocrx_word' id='word_1_744' title='bbox 1478 5563 1529 5604; x_wconf 86' lang='lat' dir='ltr'><strong>eos</strong></span> <span class='ocrx_word' id='word_1_745' title='bbox 1544 5545 1721 5621; x_wconf 80' lang='lat' dir='ltr'><strong>expectanti.</strong></span> <span class='ocrx_word' id='word_1_746' title='bbox 1736 5543 1779 5604; x_wconf 86' lang='lat' dir='ltr'><strong>Vi·</strong></span> 
     </span>
    </p>
   </div>
   <div class='ocr_carea' id='block_1_17' title="bbox 68 5633 1780 5722">
    <p class='ocr_par' dir='ltr' id='par_1_27' title="bbox 68 5633 1780 5722">
     <span class='ocr_line' id='line_1_87' title="bbox 68 5633 1780 5722; baseline -0.015 -3"><span class='ocrx_word' id='word_1_747' title='bbox 68 5649 146 5718; x_wconf 67' lang='lat' dir='ltr'><strong>leriis</strong></span> <span class='ocrx_word' id='word_1_748' title='bbox 160 5647 269 5722; x_wconf 73' lang='lat' dir='ltr'><strong>pietate</strong></span> <span class='ocrx_word' id='word_1_749' title='bbox 282 5653 393 5717; x_wconf 84' lang='lat' dir='ltr'><strong>metus.</strong></span> <span class='ocrx_word' id='word_1_750' title='bbox 406 5649 551 5712; x_wconf 73' lang='lat' dir='ltr'><strong>conduxit</strong></span> <span class='ocrx_word' id='word_1_751' title='bbox 564 5663 635 5710; x_wconf 83' lang='lat' dir='ltr'><strong>curn</strong></span> <span class='ocrx_word' id='word_1_752' title='bbox 652 5643 898 5716; x_wconf 80' lang='lat' dir='ltr'><strong>sotbomagensi,</strong></span> <span class='ocrx_word' id='word_1_753' title='bbox 954 5644 1059 5706; x_wconf 81' lang='lat' dir='ltr'><strong>dentes</strong></span> <span class='ocrx_word' id='word_1_754' title='bbox 1073 5645 1157 5711; x_wconf 83' lang='lat' dir='ltr'><strong>tingo</strong></span> <span class='ocrx_word' id='word_1_755' title='bbox 1167 5639 1230 5702; x_wconf 83' lang='lat' dir='ltr'><strong>dus</strong></span> <span class='ocrx_word' id='word_1_756' title='bbox 1240 5633 1780 5710; x_wconf 81' lang='lat' dir='ltr'><strong>comesqueiiaribertuataminmon·</strong></span> 
     </span>
    </p>
   </div>
   <div class='ocr_carea' id='block_1_18' title="bbox 0 0 2002 6180">
    <p class='ocr_par' dir='ltr' id='par_1_28' title="bbox 0 0 2002 6180">
     <span class='ocr_line' id='line_1_88' title="bbox 0 0 2002 6180; baseline 0 0"><span class='ocrx_word' id='word_1_757' title='bbox 0 0 2002 6180; x_wconf 95' lang='lat' dir='ltr'><strong> </strong></span> 
     </span>
    </p>
   </div>
  </div>
 </body>
</html>
