3984 6182
185 206 237 260 ssa
780 159 929 257 uonnnrt
948 193 1050 253 areis
1069 193 1295 278 mercenari.
1843 195 1893 249 aaa

223 325 370 384 Gotfridus
396 324 563 380 monachus
576 321 701 396 scripsit,
727 322 765 379 ad
778 321 875 380 vicem
888 323 1014 378 franco
1031 321 1055 376 Α
1071 333 1176 390 neone,
1203 317 1359 388 instigatus
1383 317 1492 374 obnixe
1518 333 1536 372 a
1561 313 1725 372 venerabili
1750 315 1817 387 jam
1833 280 1901 370 dict¹

186 416 233 472 nis
243 411 409 472 cancellarii
423 430 429 481 ;
446 413 551 485 etipse
571 414 685 468 Franm
698 427 792 468 manu
806 411 928 486 propria
943 409 1015 465 sub-
1069 407 1251 465 locidomno
1264 407 1414 465 Richardo
1430 406 1551 477 abbate,
1567 409 1596 462 et
1609 404 1666 461 sibi
1676 404 1822 476 subjectis
1838 420 1901 461 mo·

187 502 312 575 scripsit.
1069 498 1185 566 nachis,
1200 501 1350 571 quatenus
1361 497 1616 570 ameexposceret
1625 494 1709 566 quod
1724 493 1902 568 privilegiali

580 613 625 669 lx,
1070 587 1167 645 edicto
1179 587 1238 644 hoe
1251 591 1352 644 vetare
1367 589 1396 644 et
1409 585 1570 660 prohibere
1588 583 1764 650 debeamus,
1778 583 1865 656 quod
1877 586 1904 639 et

183 717 380 790 Priviteptum
394 715 516 775 liuberti
530 719 609 789 regia
619 732 677 788 pro
692 717 871 774 monasterio
899 715 1016 772 Corma·
1070 677 1207 735 mimus·
1223 676 1399 778 pfae⁰ipi⁰¹²f
1413 679 1443 732 et
1453 674 1600 733 mmm
1610 673 1784 730 anamim
1794 671 1902 773 ,ΝΜ

530 807 669 864 riam,
1070 772 1098 824 et
1110 767 1262 824 obtestans
1277 783 1330 840 per
1343 765 1486 823 deificum
1499 778 1610 821 nomen
1624 765 1736 820 sanotae
1750 765 1781 818 et
1793 761 1903 818 indru-

506 913 602 985 ιιι
617 913 709 985 ιιι
1070 855 1905 1014 tr..flattutererestereres

349 1021 436 1092 [⁰⁰1¹1
452 1022 595 1089 Mlflffllfl,
611 1019 683 1076 ibid·
695 1033 765 1092 eae·
784 1019 857 1090 138-]
1070 1053 1118 1093 nae
1132 1035 1349 1096 transfundere.
1374 1033 1427 1090 sed
1442 1032 1480 1088 sit
1500 1033 1531 1088 in
1555 1030 1640 1088 salva
1653 1027 1793 1087 custodia
1812 1033 1845 1086 et
1855 1028 1905 1086 de-

223 1132 256 1185 ln
270 1125 521 1184 nominebomini
534 1125 582 1182 liei
607 1129 635 1183 et
651 1124 810 1183 salvatoris
833 1123 930 1182 nostri
949 1126 1019 1180 lesu
1071 1125 1205 1183 irrisione
1229 1123 1365 1181 fulconis
1392 1122 1509 1179 comitis
1537 1124 1566 1177 et
1591 1135 1806 1176 successorum
1831 1121 1903 1192 ejus.

188 1215 302 1284 Christi,
318 1218 491 1282 bernaerus,
508 1213 611 1272 divina
638 1214 795 1270 ordinante
820 1213 1017 1288 providentia,
1073 1215 1159 1283 Quod
1173 1215 1198 1271 si
1212 1215 1280 1288 quis
1293 1219 1419 1272 conatus
1433 1212 1520 1270 luerit
1542 1210 1711 1269 istiusmodi
1726 1226 1795 1268 rem
1817 1215 1906 1268 atten-

187 1309 368 1363 Francorum
383 1320 445 1360 rex.
1072 1309 1144 1373 tare,
1160 1319 1221 1360 non
1236 1303 1361 1360 omnino
1373 1301 1457 1376 quod
1472 1300 1554 1374 cupit
1579 1299 1719 1366 vindicet,
1735 1303 1766 1356 et
1781 1299 1825 1354 ad
1838 1313 1904 1354 nos-

224 1395 418 1452 Siservorum
440 1392 502 1464 Dei,
530 1409 695 1467 eorumque
724 1393 854 1451 maxime
875 1391 938 1465 qui,
963 1406 1020 1447 sua
1072 1395 1152 1449 trum
1164 1396 1298 1448 tutamen
1313 1395 1341 1449 et
1354 1390 1523 1448 dominium
1538 1389 1618 1447 idem
1629 1388 1712 1446 locus
1725 1392 1902 1457 revertatur,

187 1481 289 1539 omnia
301 1481 512 1556 relinquentes,
522 1483 671 1541 Christum
685 1484 769 1556 sequi
783 1484 957 1549 noscuntur,
967 1496 1020 1537 cu·
1073 1480 1135 1538 sive
1150 1497 1358 1538 successorum
1370 1484 1552 1548 nostrorum,
1567 1483 1595 1535 et
1609 1477 1751 1551 deinceps
1764 1476 1845 1533 nulli
1856 1477 1902 1533 do

186 1587 253 1628 ram
267 1571 409 1643 gerimus
425 1575 453 1628 et
468 1571 507 1629 ad
522 1572 631 1629 diunae
646 1572 784 1647 potentiss
812 1571 843 1627 in
858 1570 930 1628 locis
959 1573 1019 1627 [leo
1073 1571 1201 1628 minatui
1215 1570 1366 1638 subsistet,
1381 1569 1439 1626 nisi
1451 1568 1543 1639 regio.
1562 1568 1591 1626 si
1605 1567 1673 1641 quis
1684 1571 1801 1635 autem,
1827 1566 1902 1639 quod

187 1659 292 1717 dicatis
308 1661 407 1718 verius
437 1661 627 1718 serviendum
655 1661 799 1718 auxilium
827 1658 1020 1734 porrigimus,
1073 1675 1135 1716 non
1148 1658 1308 1729 credimus,
1323 1657 1402 1714 hano
1412 1657 1553 1730 praecepti
1564 1654 1780 1728 ascriptionem
1795 1653 1902 1724 regimr

186 1749 219 1807 id
232 1749 319 1806 nobis
331 1749 436 1823 procul
447 1750 588 1807 dubioad
602 1750 760 1807 mortalem
771 1750 863 1807 vitam
877 1762 1020 1822 prospere
1074 1747 1213 1823 populari
1233 1746 1377 1804 audacter
1404 1745 1567 1813 conaverit,
1584 1761 1619 1802 ac
1645 1743 1748 1799 timide
1769 1742 1902 1799 deserere

188 1838 409 1907 deducendam,
426 1843 456 1896 et
471 1839 510 1896 ad
522 1843 665 1896 aeternam
677 1838 798 1896 feliciter
813 1837 1020 1908 obtinendam,
1074 1837 1208 1906 voluerit,
1222 1853 1292 1893 oum
1305 1836 1400 1893 Dutan
1416 1838 1444 1890 et
1459 1833 1583 1904 Abiron,
1603 1837 1693 1906 atque
1708 1848 1783 1888 cum
1796 1831 1843 1888 his
1858 1830 1902 1904 qni

188 1929 383 1985 commodum
400 1928 558 2001 provenire
571 1928 762 1985 confidimus.
789 1927 900 1984 ldoiroo
915 1929 1021 1983 notum
1075 1926 1215 1984 dixerunt
1228 1927 1354 1984 llomiuo
1381 1929 1440 1983 Deo
1455 1944 1462 1983 :
1478 1925 1591 1983 Recede
1604 1939 1622 1982 a
1637 1923 1731 1992 nobb,
1751 1923 1902 1980 ementium
1967 1969 1968 1974 ,

189 2016 225 2074 sit
256 2016 400 2073 omnihus
431 2021 543 2072 sanctae
574 2017 624 2073 [lei
647 2015 784 2074 Ecclesia
813 2014 965 2083 fidelibus,
993 2021 1022 2070 et
1075 2017 1192 2074 viarum
1209 2027 1330 2073 taurum
1346 2017 1485 2073 uolumus
1500 2019 1555 2084 ,·et
1577 2030 1647 2070 cum
1663 2011 1782 2069 llerode
1806 2027 1903 2086 parvu-

189 2106 342 2179 praecipue
370 2105 459 2162 totius
486 2104 570 2176 regni
600 2105 693 2162 nostri
725 2102 918 2178 primoribus,
948 2101 1021 2175 quia
1074 2104 1173 2162 lorum
1187 2111 1337 2173 necatore,
1352 2120 1469 2161 necnon
1482 2120 1552 2160 eum
1567 2107 1681 2160 Nerone
1700 2101 1902 2175 apostolorum
1967 2159 1968 2186 1

191 2195 264 2252 adiit
278 2194 393 2265 regiam
409 2193 548 2251 culminis
576 2194 669 2251 nostri
694 2193 903 2250 monarchiam
929 2191 1020 2248 ruico
1075 2193 1149 2251 Petri
1164 2197 1192 2250 et
1205 2194 1288 2250 Pauli
1303 2192 1506 2250 etmultorum
1522 2195 1691 2264 martyrum
1711 2180 1899 2253 interfectore,
1967 2191 1968 2240 l

190 2301 292 2342 comes
307 2299 362 2358 pro
377 2284 546 2340 commodis
560 2288 589 2341 et
607 2283 790 2357 profectibus
805 2287 907 2339 nostre
922 2285 1022 2338 aucto-
1076 2299 1130 2340 seu
1144 2299 1215 2340 oum
1228 2280 1577 2354 Aurelianoirnpiissimo
1587 2279 1699 2346 lictore,
1715 2275 1900 2335 etcumluda

188 2375 273 2432 ritate
285 2372 469 2429 stabiliendis
480 2377 508 2428 et
520 2372 744 2430 roborandis...
755 2370 884 2429 coenobii
897 2370 1020 2428 nomine
1074 2373 1216 2431 traditore
1229 2371 1346 2429 Domini
1359 2371 1528 2446 portionem
1554 2368 1675 2436 haheat,
1690 2372 1720 2425 et
1745 2367 1900 2424 anathema

190 2461 361 2531 Cormarioi,
376 2461 407 2517 in
434 2461 549 2518 honore
579 2461 629 2518 [lei
655 2459 868 2534 omnipotentis
881 2464 909 2517 et
924 2457 1021 2516 sancti
1075 2467 1243 2533 maranata,
1256 2466 1346 2535 atque
1359 2461 1389 2517 in
1401 2459 1500 2533 poenis
1517 2457 1714 2516 infernalibus
1730 2455 1901 2532 perpetuali·

190 2549 272 2608 Pauli
292 2549 419 2624 apostoli
442 2549 604 2618 constituti,
626 2549 763 2624 apriscis
791 2553 820 2606 et
847 2552 906 2606 Deo
931 2547 1021 2605 obse·
1075 2558 1119 2610 ter
1133 2550 1373 2609 concremandus
1388 2549 1505 2606 existat.
1520 2551 1554 2605 Et
1567 2552 1599 2604 ut
1613 2547 1794 2603 hocnostrre
1809 2549 1899 2602 aucto

190 2639 352 2714 quentibus
366 2637 492 2696 fideliter
503 2640 677 2708 abbatibus,
692 2639 800 2695 scilicet
815 2638 910 2695 sancti
925 2641 954 2695 et
966 2654 1020 2712 pe·
1075 2641 1169 2698 ritatis
1197 2639 1436 2697 emolumentum
1459 2653 1512 2710 per
1536 2636 1728 2694 succedentia
1759 2650 1899 2692 annorum

191 2728 311 2785 culiaris
322 2727 417 2784 noshi
430 2728 549 2800 patroni
564 2727 722 2784 Martini...
750 2727 862 2782 summi
877 2731 906 2782 et
930 2725 1021 2796 digne
1076 2729 1224 2788 cmricula
1236 2729 1275 2787 ab
1283 2727 1426 2786 omnibus
1437 2727 1537 2785 verius
1562 2721 1711 2794 credatur,
1726 2730 1755 2782 et
1770 2724 1898 2782 attentius

189 2819 250 2874 lleo
264 2815 382 2873 colendi
398 2814 529 2885 theologi
556 2814 638 2870 Pauli
663 2815 778 2871 honore
806 2819 1020 2884 constructum,
1076 2820 1259 2888 observetur,
1287 2817 1392 2874 annuli
1417 2816 1513 2874 nostri
1540 2815 1740 2889 impressione
1757 2813 1896 2886 jussimus

190 2908 220 2960 et
231 2901 367 2959 maxima
380 2901 536 2974 copiarum
550 2905 579 2957 et
593 2916 687 2974 opum
701 2901 822 2960 datione
836 2901 974 2972 ditatum,
994 2905 1023 2959 et
1076 2905 1222 2978 insigniri,
1235 2910 1263 2964 et
1276 2920 1511 2977 monogramma
1519 2903 1614 2961 nostri
1624 2901 1759 2960 nominis
1771 2903 1897 2959 decenter

190 3005 354 3047 numerosa
367 2989 481 3047 Christo
504 2989 717 3046 famulantium
731 2990 953 3048 monachorum
972 2990 1023 3048 sti·
1037 3025 1058 3084 C
1078 2994 1293 3054 mandavimus
1307 2993 1426 3052 ascribi.

190 3078 312 3153 petione
326 3076 468 3148 locatum,
480 3083 509 3135 et
523 3094 541 3134 a
555 3077 830 3152 praedecessoribus
843 3077 954 3136 nostris
969 3078 1023 3136 bo
1114 3083 1239 3154 Signum
1251 3081 1382 3140 ltotbmti
1392 3079 1602 3154 gloriosissimi
1612 3079 1703 3152 ragis.

190 3184 237 3225 nae
253 3170 281 3224 et
294 3165 394 3238 dignm
413 3167 566 3224 memoriae
580 3168 756 3240 parentibus
770 3167 867 3224 isdem
879 3167 1023 3241 praefatus
1480 3170 1511 3224 ll.

189 3258 353 3316 locusoum
368 3257 462 3330 digno
474 3257 587 3314 honore
599 3262 642 3314 est
654 3257 787 3329 habitus,
804 3262 833 3315 et
845 3257 1024 3334 privilegiali
1076 3258 1213 3315 lietberti
1233 3259 1423 3315 francorum
1447 3258 1529 3329 regis
1554 3255 1689 3327 diploma
1709 3269 1766 3326 pra
1786 3253 1892 3310 nstru-

189 3347 389 3422 prreceptione
403 3347 596 3420 imperialiter
612 3348 772 3412 stabilitus,
785 3363 894 3422 resque
909 3347 1023 3404 ibidem
1237 3347 1316 3404 tione
1331 3347 1507 3404 monasterti
1518 3346 1745 3402 Latiniacensr's.

189 3435 324 3509 undique
335 3451 494 3492 concessas
518 3435 575 3491 suh
591 3435 777 3493 attestatione
793 3435 887 3506 regali
899 3436 1023 3510 praefato
1391 3435 1488 3506 (Anno
1503 3434 1595 3506 ibit.)

188 3522 382 3592 monasterio,
407 3539 478 3579 eum
501 3523 584 3578 omni
606 3523 820 3581 deliberatione
844 3525 1023 3581 substituere
1078 3526 1217 3601 [Maann.,
1230 3527 1319 3583 Dece
1332 3524 1468 3595 diplom,
1484 3523 1535 3581 lib.
1552 3541 1593 3592 vr,
1608 3538 1678 3597 pag.
1694 3525 1751 3586 eol,
1765 3517 1887 3574 excher-

189 3610 372 3667 omnimodis
388 3615 560 3667 sanxerunt.
586 3615 645 3682 Ego
667 3629 789 3686 quoque
807 3613 895 3686 justis
919 3629 954 3670 ac
966 3613 1024 3688 piis
1322 3613 1429 3670 tulario
1445 3611 1664 3684 latiniacensi]

190 3697 320 3755 consiliis
333 3699 381 3772 pie
393 3700 959 3775 auresaccommodans‚salutiferisque
973 3718 1024 3776 pe·
1113 3707 1259 3761 Roannrus
1279 3703 1330 3759 Dei
1360 3703 1518 3760 ordinante
1543 3699 1699 3758 clementia
1721 3699 1890 3755 mancorum

189 3787 344 3844 titionibus
356 3787 555 3845 libentissimo
583 3805 722 3846 annuens
737 3789 849 3854 animo,
879 3791 1025 3864 praelibati
1078 3810 1139 3851 rex.

189 3878 307 3935 comitis
323 3879 488 3952 agnitapia
512 3876 632 3936 rtfideli
648 3881 802 3954 petitione,
819 3897 954 3939 annuere
979 3898 1025 3939 sa·
1115 3881 1143 3939 Si
1153 3879 1240 3953 justis
1252 3879 1387 3937 fidelium
1415 3882 1589 3937 nostrorum
1604 3877 1796 3953 petitionibus
1813 3872 1893 3930 liben-

191 3968 260 4038 tegi.
278 3968 359 4024 ldem
373 3984 507 4042 namque
518 3968 602 4025 locus
617 3969 647 4026 in
676 3970 798 4044 speciali
811 3986 917 4042 regum
930 3971 1025 4028 domi·
1078 3975 1122 4030 ter
1136 3986 1297 4028 assensum
1309 3969 1539 4044 praebuerimus,
1565 3974 1595 4026 et
1609 3985 1678 4042 qum
1692 3963 1894 4025 rationabiliter

88 4105 95 4122 ,
189 4064 263 4117 natu
275 4059 445 4132 priscorum
471 4059 634 4133 antiquitus
659 4061 742 4116 vistis
758 4064 814 4117 est.
846 4061 903 4118 Sed
924 4061 1025 4135 prohi·
1078 4060 1225 4135 petierint,
1246 4060 1336 4116 bonae
1350 4059 1513 4116 voluntatis
1528 4058 1623 4130 gratia
1639 4055 1894 4130 sinequovistypo

189 4148 278 4204 beate
307 4147 440 4218 plurium
461 4148 650 4205 infestatione
670 4148 872 4207 nefandorum
900 4150 1023 4222 civium,
1078 4150 1220 4226 perficere
1251 4149 1480 4217 curaverimus,
1506 4153 1535 4205 et
1561 4149 1617 4204 hos
1644 4146 1735 4204 nobis
1759 4143 1895 4202 fideliores

192 4234 255 4308 qui,
271 4250 326 4291 ceu
340 4238 435 4290 ratem
446 4235 476 4291 in
491 4235 668 4307 fluodvagos
680 4237 779 4310 pelagi
792 4238 1025 4304 disclususdei·
1078 4240 1152 4312 fleri,
1168 4245 1198 4296 et
1224 4238 1319 4296 nostri
1342 4238 1427 4309 regni
1448 4241 1559 4296 etatum
1586 4236 1760 4294 subdivina
1774 4231 1897 4292 custodia

190 4323 281 4380 licam
297 4338 417 4396 semper
430 4315 615 4380 insectantur
644 4325 817 4397 Ecclesiam,
834 4331 955 4384 coactus
971 4327 1025 4384 ab·
1079 4329 1230 4388 credimus
1258 4327 1452 4386 confirmari:
1473 4327 1604 4384 maxime
1627 4331 1730 4384 tamen
1757 4325 1783 4382 si
1800 4323 1833 4379 de
1855 4320 1896 4377 his

190 4411 246 4468 bas
257 4411 394 4482 ejusaem
409 4409 467 4466 loci
481 4417 510 4468 et
523 4413 664 4470 monachi
675 4415 798 4486 aggredi
812 4415 927 4486 regiam
945 4415 1025 4486 cogi·
1078 4437 1147 4494 quae
1160 4419 1199 4477 ad
1223 4419 1370 4476 honorem
1394 4421 1505 4474 sanetae
1531 4417 1581 4474 ltei
1595 4415 1731 4473 Ecclesiae
1750 4413 1898 4489 pertinent,

191 4501 264 4558 tavit
277 4500 479 4572 serenitatem,
498 4507 649 4575 quatenus
663 4503 742 4560 illius
756 4509 835 4562 tutor
848 4521 904 4579 pro
931 4505 1027 4562 nimia
1079 4509 1109 4566 id
1123 4508 1188 4565 fieri
1211 4507 1377 4577 contigerit.
1406 4505 1524 4563 Noverit
1548 4505 1639 4578 igitur
1666 4503 1838 4560 eommunis
1859 4503 1901 4556 Ec·

189 4589 407 4664 inquietudine,
424 4593 452 4645 et
462 4590 603 4647 defensor
621 4605 676 4664 pro
701 4592 940 4651 infestationibus
970 4593 1026 4650 sihi
1080 4598 1176 4654 clesiae
1201 4602 1291 4670 atque
1314 4599 1486 4653 nostrorum
1501 4594 1649 4652 industria
1666 4591 1816 4660 fidelium,
1840 4605 1903 4664 prae

192 4679 400 4736 obsistentium
408 4695 443 4736 ex
459 4679 630 4753 provisione
643 4683 843 4740 restitueretur
853 4683 1027 4754 regiaouo·
1080 4688 1209 4744 sentium
1224 4685 1335 4743 scilieet
1362 4690 1452 4760 atque
1476 4684 1656 4750 futurorum,
1682 4681 1903 4757 quodquidam

192 4785 260 4825 rum
274 4773 345 4824 voto
356 4784 515 4824 assensum
529 4769 763 4844 reeiaproebens
776 4773 930 4844 majestas,
946 4776 1026 4829 tuto-
1080 4778 1118 4835 de
1132 4776 1225 4835 nostri
1244 4776 1327 4846 regni
1353 4774 1551 4850 principibus,
1580 4774 1703 4831 nomine
1731 4773 1904 4848 Stephanus,

192 4873 256 4913 rem
269 4855 359 4924 illius,
376 4872 430 4912 ⁵0¹1
445 4857 624 4914 &diloculum
639 4859 739 4932 ipsum
756 4860 926 4932 fulconem,
946 4860 1028 4918 vide·
1080 4866 1233 4926 nobilitate
1248 4870 1276 4923 et
1303 4865 1437 4940 potentia
1463 4880 1565 4922 comes
1590 4863 1788 4931 clarissimus,
1815 4865 1906 4919 noster

194 4945 262 5002 licet
273 4961 421 5018 proavum
434 4945 518 5002 istius
549 4947 694 5018 fulconis,
710 4948 762 5022 qui
777 4948 835 5005 illis
861 4949 984 5006 vicinior
999 4954 1028 5007 et
1081 4957 1172 5014 etiam
1199 4969 1295 5028 nepos
1326 4953 1561 5023 amantissimus,
1590 4949 1777 5008 celsitudinis
1806 4951 1905 5008 nasim

193 5035 344 5110 Ρῡῖθῦῑῑθΐ
357 5039 428 5108 1²0⁸t
441 5051 543 5107 ¹¹08ssOE
559 5041 630 5094 iuno
644 5039 787 5112 temporis
801 5038 1026 5096 Videbaturl’o·
1081 5043 1337 5116 magnificentiam
1352 5043 1505 5100 humiliter
1520 5041 1603 5112 adiit,
1619 5045 1648 5097 et
1662 5040 1790 5098 auribus
1808 5043 1905 5096 nostre

194 5124 264 5182 steri
283 5139 405 5198 quoque
431 5125 509 5182 illius
539 5126 680 5200 deinceps
708 5127 790 5185 illam
818 5128 973 5186 abbatiam
997 5129 1028 5185 in
1082 5133 1248 5192 serenitatis
1262 5133 1367 5190 devote
1376 5131 1524 5189 induravit
1537 5129 1665 5204 qualiter
1679 5129 1851 5202 quamdam
1864 5124 1906 5182 ab

196 5228 285 5269 suum
295 5212 436 5282 redegere
451 5215 651 5273 dominatum.
685 5219 793 5274 verens
817 5218 907 5289 igitur
922 5234 1028 5293 supra·
1082 5225 1206 5298 betium,
1219 5225 1306 5297 eujus
1320 5221 1538 5280 monasterium
1551 5221 1582 5278 in
1595 5220 1753 5277 Parisiensi
1773 5219 1906 5277 connutu
1967 5277 1968 5284 ,

196 5300 292 5358 dictus
307 5316 409 5357 comes
419 5304 631 5362 exaltationem
646 5321 710 5362 suae
731 5308 896 5381 progeniei,
912 5308 959 5365 vel
974 5324 1028 5381 pa·
1082 5313 1253 5376 fundatum,
1271 5313 1302 5369 in
1316 5311 1383 5370 loco
1399 5311 1490 5369 situm
1503 5310 1632 5367 habetur
1655 5309 1707 5382 qui
1725 5307 1906 5378 Latigniacns
1967 5343 1968 5346 ,

195 5405 271 5448 vens
286 5389 411 5447 neforte
425 5394 549 5466 quilibet
563 5412 698 5464 suorum,
713 5413 766 5454 seu
793 5398 868 5471 ipse,
884 5398 1029 5454 suadente
1082 5400 1199 5471 dicitur,
1226 5418 1294 5476 quae
1330 5401 1401 5458 olim
1428 5399 1536 5474 amplis
1572 5404 1720 5456 terrarum
1754 5397 1862 5472 spatiis
1885 5393 1909 5446 et

197 5483 318 5550 Satana,
334 5480 429 5538 dctus
444 5484 639 5559 philargyria,
665 5503 731 5543 eam
746 5487 777 5543 in
797 5492 952 5560 posterum
978 5490 1031 5542 aut
1082 5491 1173 5561 largis
1198 5490 1440 5564 possessionibus
1462 5488 1555 5545 ditata
1581 5487 1740 5556 claruerat,
1756 5487 1813 5542 sed
1828 5495 1910 5558 paga·

197 5569 345 5629 dishahat
357 5572 526 5648 cuicunque
538 5581 645 5633 exteras
660 5593 871 5650 personae,seu
883 5578 916 5634 in
936 5575 1031 5650 quoli-
1083 5596 1193 5638 norum
1218 5584 1323 5655 postea
1350 5577 1555 5654 persecutione
1581 5577 1732 5634 destructa
1749 5580 1780 5632 et
1800 5573 1910 5650 penitus

196 5659 253 5720 bat
277 5659 459 5721 beneficium
487 5664 606 5724 subdat.
625 5665 721 5738 Huius
748 5666 901 5725 commodi
924 5681 1028 5736 eausa,
1085 5667 1227 5727 destituta
1240 5666 1444 5740 fueratpatsr
1469 5680 1543 5724 sum
1568 5675 1671 5724 eomes
1685 5663 1850 5723 florbertus
1874 5672 1911 5716 re·
