3998 6176
732 139 761 197 S.
782 135 949 196 satanan
968 125 1208 194 matutinas
1226 127 1381 186 artscort

1868 131 1926 188 260

208 268 343 326 divinum
359 263 557 326 ministerium
572 261 734 320 missarum
760 261 870 320 sedicet
891 255 1038 318 solemnia
1054 250 1177 322 ajubet
1191 267 1256 310 esse
1272 250 1335 308 sine
1345 250 1479 320 crimine,
1495 263 1557 308 non
1571 263 1792 324 percussorem.
1807 249 1925 316 Quibus

207 356 402 431 adimplenda
418 357 447 410 et
469 354 518 411 SS.
548 351 716 425 patrocinia
742 351 894 425 portanda
919 345 1037 408 adhoc

208 446 290 503 alecti
303 449 382 514 sunt,
396 442 428 499 id
443 445 489 499 est
499 456 579 499 unus
592 440 640 498 vel
654 440 716 499 due
740 438 873 513 episcopi
902 451 972 496 cnm
991 448 1037 490 ca-

206 531 519 609 pellanispresbyteris
530 535 575 598 ;et
582 529 934 603 unusquisqueprineeps
942 539 1037 582 tinum

206 623 417 697 presbyterum
433 638 536 679 aecum
548 620 669 690 babeat,
683 618 735 694 qui
745 621 870 693 peccata
896 613 1037 675 confiten-

205 711 285 769 tibus
300 710 434 770 indicare
449 716 479 770 et
496 710 625 768 indicere
640 707 846 783 penitentiam
861 704 982 780 possit.»

241 805 306 859 llaec
321 803 424 859 emnia
436 801 483 859 isti
493 799 727 875 parvipendunt,
747 799 809 856 irnc
829 798 918 854 etiarn
945 810 1036 852 evan-

205 891 300 964 gelica
314 891 449 949 metituta
463 893 699 960 contemnentes,
715 888 903 963 plerumque,
923 889 956 943 ui
981 900 1035 940 au-

205 981 347 1052 divimus,
361 980 461 1038 adbuc
475 979 554 1038 illitis
568 995 671 1036 recens
680 979 759 1036 facte
781 976 862 1034 caede
883 974 1034 1042 manibus,

205 1087 268 1128 non
282 1071 381 1128 solum
396 1070 553 1127 ecclesiam
563 1069 674 1126 inuare
689 1068 743 1124 sed
765 1067 806 1126 ad
834 1066 901 1141 ipsa
930 1062 1036 1124 Christi

205 1164 394 1218 sacramenta
420 1159 535 1216 nefario
560 1173 636 1215 ausu
661 1160 847 1232 presumunt
881 1154 1034 1224 accedere,

204 1265 266 1307 non
280 1249 448 1321 dijucantes
463 1263 572 1321 corpus
584 1253 613 1306 et
630 1246 808 1319 sanguinem
820 1243 937 1302 Domini
953 1263 960 1313 ;
990 1244 1034 1300 ni-

1091 339 1220 400 breviter
1230 340 1310 413 dico,
1327 340 1438 400 sitneri
1467 356 1498 397 se
1525 338 1650 412 [volunt]
1673 354 1767 414 prauo
1795 339 1926 414 alicujus

1092 432 1241 505 exemplo,
1264 432 1400 492 noverint
1434 430 1507 504 quia
1530 428 1689 502 singularis
1716 444 1852 502 persone
1876 431 1927 488 vel

1092 537 1191 582 oausre
1205 537 1267 580 non
1278 519 1487 594 praeJudicant,
1503 518 1576 594 [sed]
1592 517 1926 590 commuailegietuni·

1090 609 1199 668 venali
1212 610 1376 668 sententiaa.
1394 608 1435 666 tfli
1448 609 1550 681 itaque
1560 606 1676 666 solliciti
1703 606 1762 664 sint
1788 607 1925 682 episcopi

1091 699 1170 758 circa
1183 716 1304 772 gregem
1318 716 1418 772 suum,
1434 701 1563 772 pascant
1583 712 1731 771 pauperes
1747 697 1883 756 ccclesiae
1898 703 1927 756 et

1090 789 1272 850 domesticos
1286 790 1366 859 fidei,
1383 794 1411 847 et
1423 805 1516 848 causa
1525 787 1686 846 viduarum
1701 786 1926 862 eipupillorum

1091 880 1275 952 ingrediatur
1289 881 1329 938 ad
1344 896 1407 952 eos,
1422 879 1550 938 vestiant
1565 877 1675 945 nudos,
1690 877 1843 948 egentium
1858 878 1925 936 ani-

1089 985 1156 1028 mas
1170 969 1343 1037 refocillent,
1359 974 1387 1026 ct
1405 974 1512 1026 caetera
1526 965 1710 1040 paternitatis
1729 965 1878 1042 obsequia
1889 966 1925 1024 ti-

1089 1058 1136 1117 liis
1151 1060 1212 1116 suis
1225 1057 1412 1134 impendant.
1428 1058 1486 1116 Sed
1501 1055 1685 1114 omnimodis
1711 1055 1769 1112 hoc
1784 1061 1924 1129 caueant,

1089 1165 1126 1206 ne
1141 1165 1177 1210 ea
1191 1165 1260 1222 quae
1275 1147 1315 1205 ob
1329 1147 1530 1218 indigentium
1556 1144 1766 1202 necessitatem
1790 1145 1925 1204 Ecclesia

1089 1242 1251 1308 congregat
1264 1232 1579 1308 etscrvataliquando
1603 1233 1709 1292 tollant
1735 1238 1764 1290 et
1788 1234 1819 1290 in
1846 1233 1924 1291 alios

203 1339 314 1395 mirum
329 1354 390 1395 non
406 1339 592 1396 attendentes
613 1338 696 1411 quod
710 1337 791 1394 idem
817 1335 947 1394 Christus
973 1349 1035 1392 non
1088 1343 1163 1384 usuc
1176 1324 1289 1384 nefarie
1300 1324 1467 1392 effundant,
1484 1322 1590 1382 Christi
1604 1321 1734 1380 filiorum
1750 1338 1861 1398 panem
1875 1340 1925 1382 ca-

203 1428 301 1486 alieno
316 1444 431 1498 cruore,
448 1428 501 1484 sed
511 1427 633 1503 proprio
644 1426 791 1498 sanguine
803 1424 933 1482 introivit
943 1423 1035 1480 semel
1088 1433 1142 1474 nes
1154 1414 1324 1484 comedant,
1348 1414 1432 1488 quod
1445 1414 1570 1472 omnino
1585 1427 1647 1468 non
1669 1411 1789 1485 expedit
1803 1413 1923 1472 anima-

201 1518 355 1588 insancta,
366 1534 384 1574 a
396 1521 456 1574 lieo
465 1515 692 1575 miserationum
703 1516 838 1572 ubertate
845 1514 1032 1582 redundans,
1087 1505 1145 1564 bus
1155 1521 1269 1564 eorum.
1283 1503 1418 1562 invenies
1432 1506 1460 1560 et
1471 1501 1531 1560 elia
1545 1501 1704 1560 innumera
1715 1499 1824 1558 divina
1837 1503 1923 1576 pagi-

202 1610 235 1664 ιιι
248 1623 304 1681 pro
318 1606 391 1680 ipsis
407 1607 468 1664 suis
483 1605 736 1680 persecutoribus,
748 1604 816 1662 licet
831 1603 1034 1661 misericordia
1049 1618 1071 1674 p
1087 1613 1134 1654 11ae
1152 1594 1339 1662 testimoniet
1370 1593 1423 1650 sed
1446 1593 1510 1666 ipse
1537 1590 1590 1648 tibi
1614 1607 1651 1648 ex
1662 1594 1747 1664 parte
1760 1607 1829 1650 mea
1855 1593 1921 1649 baec

202 1696 345 1768 indignis,
361 1695 401 1754 ad
416 1699 532 1753 Patrem
548 1695 660 1752 diceret
674 1713 680 1751 :
696 1697 799 1764 Pater,
822 1697 942 1766 ignosce
959 1694 1031 1762 illis,
1087 1701 1186 1760 pauca
1201 1682 1360 1753 destinavi,
1376 1686 1408 1741 ut
1422 1681 1569 1739 desiderio
1580 1683 1632 1738 tuo
1647 1679 1859 1740 satisfacerem.
1876 1685 1921 1740 Tu

201 1786 510 1859 puwnereiuntqm'd
522 1786 643 1856 sanant
658 1785 904 1857 (braunate).
933 1783 1033 1843 lierni·
1086 1791 1166 1844 vero,
1184 1775 1208 1832 si
1221 1774 1341 1851 sapiens
1355 1771 1456 1844 fueris,
1487 1772 1519 1832 in
1545 1769 1651 1844 paucis
1677 1769 1918 1846 multaccgitare

201 1873 281 1929 uisse
293 1889 416 1946 quoquc
430 1871 574 1930 deberent
587 1871 671 1945 quod
686 1871 778 1928 David
797 1887 848 1928 rex
876 1869 1033 1945 quondam
1085 1863 1205 1938 poteris.
1222 1862 1302 1922 Vale.

200 1961 438 2035 potentissimus,
456 1961 493 2018 de
509 1977 569 2034 qnc
599 1961 743 2018 Dominus
760 1978 767 2018 ι
785 1962 900 2032 Inveni,
925 1960 1031 2034 inquit,
1363 1951 1532 2010 aristote
1551 1951 1640 2008 extu.

201 2050 299 2106 vitiem
313 2049 476 2108 fecundum
490 2063 659 2120 cormeum,
674 2051 958 2122 perscrutatricem
985 2065 1032 2106 co·
1121 2057 1251 2100 rrraaann
1276 2055 1464 2098 caancrnasrs
1483 2054 1608 2096 rarecort
1627 2055 1663 2094 sn
1682 2053 1880 2096 memorarer.

202 2141 350 2198 laniciem
364 2155 459 2198 mecm
476 2139 568 2212 (Paci.
581 2157 719 2210 nxnvrn,
731 2140 794 2212 ιιις
820 2144 922 2197 tamen
943 2154 1032 2213 prop·
1086 2131 1185 2204 [apud
1200 2133 1355 2198 Genesar,
1369 2128 1559 2188 Bibliotheca
1578 2129 1639 2186 Vct.
1650 2129 1750 2196 Patr,
1764 2131 1837 2186 tom.
1848 2131 1917 2198 xlv,

199 2232 243 2285 ter
263 2233 391 2288 mortem
419 2229 492 2286 Uriae
517 2233 546 2285 et
573 2229 722 2304 populum
734 2229 915 2287 recensitum
929 2232 959 2286 et
977 2229 1032 2286 fre-
1419 2233 1490 2292 llass·
1511 2217 1586 2290 ¹9⁰·l

200 2321 326 2392 quentes
351 2318 557 2392 expeditiones
591 2317 760 2392 prohibitus
801 2323 845 2375 est
885 2317 1032 2375 aedificare
1122 2313 1292 2379 recasurus,
1307 2307 1534 2368 carnotensium
1550 2305 1722 2381 episcopus,
1746 2309 1918 2364 Ηιιιιεειιιιο

83 2399 85 2404 ’
200 2406 346 2481 templum
359 2407 496 2472 Domino,
508 2407 591 2481 quod
606 2408 674 2480 ipso
685 2411 805 2464 mortuo
819 2407 971 2475 Salomon,
1001 2407 1032 2463 id
1086 2400 1214 2458 saluum
1227 2399 1268 2456 ab
1282 2397 1332 2458 illo
1348 2397 1401 2471 qui
1416 2395 1542 2454 mandat
1552 2395 1664 2454 salutes
1677 2395 1779 2454 Jacob.

199 2499 244 2551 est
259 2509 312 2552 rex
327 2493 482 2569 pacificus,
498 2494 647 2552 adificare
663 2496 816 2567 menrit(l.
832 2498 906 2552 Par.
919 2496 1029 2566 xxvia).
1120 2487 1276 2562 Epistolari
1297 2486 1443 2545 brevitate
1463 2489 1584 2544 coactus
1609 2483 1833 2556 interrogationi
1858 2489 1915 2544 tua

199 2583 375 2658 tpsfitaque
393 2585 666 2659 nontimentqnod
681 2584 840 2658 Apostolus
860 2583 952 2641 dicit:
975 2585 1033 2653 Qui
1085 2577 1298 2652 compendiose
1316 2575 1496 2650 respondeo.
1520 2577 1560 2632 De
1589 2573 1800 2632 Ecclesiasticis
1827 2574 1916 2632 rebus

197 2673 321 2745 indigen
335 2674 510 2746 mandarat,
521 2673 671 2744 judiciam
681 2674 949 2744 redimendarum
960 2675 1029 2732 Cor.
1084 2669 1283 2740 Hieronymus
1308 2665 1379 2723 dicit
1416 2665 1456 2722 ad
1484 2664 1685 2739 Nepotianum
1719 2665 1815 2736 (epist.
1849 2667 1914 2738 52)ι

197 2777 238 2832 xr,
254 2763 309 2835 2⁹).
324 2761 407 2819 Unde
423 2763 596 2820 admonens
612 2763 851 2820 nosftmbrcsius
861 2763 949 2822 dicit:
963 2785 976 2814 a
987 2763 1031 2820 Vi·
1084 2781 1099 2810 a
1113 2757 1216 2815 Amico
1230 2756 1389 2830 quidpiam
1408 2770 1513 2830 rapere
1540 2754 1654 2814 furtum
1677 2757 1730 2824 est,
1755 2754 1914 2812 Ecclesiam

197 2852 235 2910 de
247 2851 323 2926 quid
338 2853 566 2924 agae,saoerdos
584 2871 590 2910 r
607 2869 645 2910 ne
658 2853 834 2912 febricitanti
847 2853 1030 2912 manudhri-
1083 2849 1223 2906 fraudare
1249 2845 1439 2916 sacrilegium
1462 2849 1517 2916 est,
1542 2845 1693 2919 accepisse
1731 2845 1914 2918 pauperibus

198 2943 235 2999 sti
254 2957 364 3016 corpus
378 2943 526 3013 attingas3
543 2943 626 3017 prius
639 2932 758 3014 iurare,
773 2947 806 3000 ut
820 2943 918 3018 possis
941 2943 1065 3033 mini-0
1083 2937 1272 3010 erogandum
1301 2940 1329 2994 et
1353 2935 1553 2994 esurientibus
1566 2934 1705 3008 plurimis
1718 2933 1765 2992 vel
1789 2938 1913 2991 cantum

199 3035 320 3088 strare.»
336 3034 369 3087 Ει
384 3034 414 3088 ll.
439 3031 639 3107 Hieronymus
654 3033 684 3089 in
711 3033 850 3092 Psalmo:
885 3055 898 3084 a
916 3033 1030 3091 Eiectos
1083 3043 1149 3085 esse
1160 3027 1206 3084 vel
1220 3025 1370 3094 timidum,
1395 3027 1457 3092 aut,
1481 3023 1565 3097 quod
1585 3022 1764 3099 apertissimi
1792 3021 1913 3080 sceleris

199 3117 289 3176 lsrael
301 3119 466 3193 impedivit,
481 3120 687 3194 impediuntur
701 3126 729 3179 et
743 3137 824 3178 nune
839 3121 922 3178 electi
933 3121 1030 3178 Eccle-

198 3208 251 3266 siae
267 3209 291 3266 si
303 3225 365 3266 non
377 3209 435 3284 ipsi
443 3227 565 3286 quoque
578 3212 929 3271 sacerdotesinnocenter
941 3211 1030 3268 sacri-

196 3297 265 3354 ficia
277 3297 458 3372 perprient.
472 3317 488 3353 r
504 3299 580 3366 Quia
592 3299 682 3371 igitur
702 3300 801 3358 illicita
830 3303 1027 3374 praesumunt,

197 3386 303 3444 merito
316 3404 378 3444 sua
391 3387 517 3444 actionis
532 3393 601 3444 ante
613 3388 718 3445 oeulos
730 3388 852 3462 superni
861 3387 971 3444 indicis
987 3387 1030 3444 di·

201 3475 320 3547 gnitatis
332 3491 394 3531 suar
408 3476 523 3533 honore
537 3475 703 3550 privantur,
719 3477 772 3550 qui
785 3477 861 3534 falso
871 3480 1028 3550 pastorum

195 3563 318 3620 nomine
331 3568 400 3620 ante
415 3564 553 3620 homines
569 3565 742 3635 gloriantur.
756 3563 838 3622 Unde
853 3566 989 3622 noverint
996 3583 1027 3626 se

195 3666 257 3707 non
272 3651 384 3708 babere
396 3650 480 3707 illum
489 3653 632 3725 apostolis
645 3657 736 3727 atque
748 3653 912 3728 apostolico
926 3671 1027 3711 exem·

195 3737 246 3813 plo
259 3737 429 3796 viventibus
443 3739 736 3814 episcopiscollatam
750 3743 838 3799 abeo
850 3745 1027 3816 potestatem

194 3827 309 3900 ligandi
323 3833 413 3902 atqm
427 3829 573 3899 solvendi,
587 3831 674 3904 juxte
689 3831 812 3890 beamm
827 3831 1027 3902 augustinum

193 3917 224 3976 in
240 3917 386 3975 canonica
397 3919 501 3990 regula
516 3919 557 3977 fta
572 3919 721 3978 dicentem
738 3941 744 3978 :
760 3943 774 3972 e
788 3921 829 3978 llli
844 3921 899 3979 scfi
912 3922 1026 3994 ligandi

194 4012 283 4082 atque
297 4008 443 4079 solvendi,
460 4010 537 4068 sicut
551 4012 646 4069 sancti
661 4011 789 4085 apostoli
807 4012 920 4070 habent
946 4017 1027 4085 pote-

193 4101 312 4164 statem,
325 4099 377 4171 qui
395 4097 513 4156 illorum
529 4100 669 4173 exempla
683 4116 753 4157 cum
767 4099 904 4157 doctrina
915 4103 1025 4170 terem,

1083 3122 1135 3185 est,
1148 3115 1262 3189 aliquid
1275 3115 1381 3172 exinde
1395 3113 1581 3184 subtrahere,
1589 3113 1726 3170 omnium
1733 3109 1912 3185 predonum

1082 3206 1287 3264 crudelitatem
1326 3208 1458 3278 superat.
1476 3224 1490 3254 a
1520 3207 1592 3262 Ιιειιι
1623 3203 1663 3260 ad
1686 3201 1913 3261 Pammacbium

1082 3295 1177 3368 (epist.
1193 3295 1236 3366 48)
1250 3313 1257 3352 :
1271 3317 1284 3342 ι
1299 3292 1353 3350 Ubi
1366 3292 1453 3350 ditior
1465 3295 1509 3348 est
1521 3291 1660 3363 largitore
1670 3289 1913 3362 csdlargiendum

1082 3390 1134 3454 esi,
1152 3401 1224 3459 pars
1249 3383 1386 3454 sacrilegi
1408 3387 1454 3442 est
1473 3398 1537 3442 rem
1565 3397 1735 3456 pauperum
1763 3381 1836 3438 dare
1850 3395 1912 3438 ncn

1081 3475 1275 3550 pauperibus.
1299 3495 1312 3524 e
1327 3474 1409 3532 Unde
1434 3472 1589 3532 isidorus:
1616 3493 1630 3526 e
1651 3473 1792 3543 lfagnum
1816 3469 1912 3528 scelus

1081 3571 1125 3624 est
1138 3581 1186 3622 res
1201 3579 1371 3639 pauperum
1381 3567 1525 3638 prestare
1542 3561 1696 3632 divitibus,
1710 3566 1740 3619 et
1764 3561 1802 3618 de
1830 3577 1912 3618 sum·

1080 3655 1181 3729 ptibns
1209 3655 1336 3727 inopum
1368 3652 1522 3727 acquirere
1555 3651 1671 3710 favores
1703 3649 1881 3723 potentium.
1899 3673 1911 3700 r

1081 3743 1243 3802 Considera
1269 3742 1371 3814 itaque
1385 3741 1457 3815 quia
1481 3739 1599 3798 nullum
1627 3739 1780 3814 Scriptura
1792 3739 1911 3814 excipit,

1079 3849 1142 3890 uon
1167 3831 1354 3905 episcopum,
1382 3845 1443 3888 non
1463 3829 1616 3901 abbatem,
1629 3843 1692 3886 non
1715 3830 1847 3902 aliquem
1861 3828 1912 3886 do

1080 3935 1149 3974 mus
1161 3919 1212 3975 liei
1225 3934 1429 3976 oeconomum.
1447 3918 1588 3992 Quisquis
1607 3917 1664 3976 sibi
1678 3918 1848 3976 commissae
1864 3921 1913 3976 Ec

1080 4007 1177 4066 etesia
1191 4007 1274 4067 bona
1286 4007 1443 4076 subtrabit,
1461 4007 1605 4079 intelligat
1619 4008 1725 4080 sejam
1741 4024 1804 4066 non
1813 4013 1912 4082 pasto

1079 4115 1144 4156 rem
1162 4099 1215 4156 sed
1229 4098 1401 4156 invasorem
1414 4114 1478 4156 esse
1501 4097 1644 4170 omnique
1676 4096 1820 4171 praedcne
1845 4114 1911 4154 cru-

193 4189 222 4242 et
236 4186 550 4258 secundumregulam
566 4189 762 4262 apostolicam
775 4189 879 4247 omnia
894 4205 1028 4247 commu·
1080 4189 1234 4258 deliorcm,
1254 4188 1412 4261 furemque
1436 4187 1647 4258 domesticum,
1672 4188 1712 4245 sd
1732 4187 1911 4246 familiarem

192 4273 243 4331 nia
270 4274 391 4332 babent.
407 4295 423 4328 ε
446 4280 552 4334 Beatus
574 4293 696 4352 quoque
723 4295 804 4352 papa
826 4280 982 4349 Gregorius
995 4280 1024 4336 in
1081 4278 1247 4336 inimicum.
1264 4277 1320 4344 Qui
1335 4279 1415 4336 enim
1428 4292 1542 4351 eaquae
1558 4277 1629 4334 solis
1645 4276 1770 4336 omnino
1795 4293 1910 4352 paupe-

193 4362 319 4434 Dialogo
331 4381 338 4419 ι
352 4385 366 4414 ιι
380 4365 455 4422 Petri
468 4367 566 4423 vicem
578 4367 609 4424 in
623 4367 747 4438 ligando
757 4372 786 4425 et
801 4368 945 4426 solvendo
972 4370 1025 4426 ob·
1080 4368 1164 4425 ribus
1179 4367 1333 4439 eroganda
1344 4367 1486 4440 suscepit,
1506 4366 1538 4426 in
1566 4367 1679 4426 alienos
1706 4383 1779 4424 usus
1799 4371 1910 4426 manere

192 4451 296 4537 fluent
311 4453 363 4526 qui
373 4453 474 4511 locum
490 4456 584 4512 sancti
594 4455 749 4528 regiminis
763 4457 822 4514 tide
835 4463 863 4515 et
890 4458 1025 4514 moribus
1079 4457 1235 4531 dilapidat,
1247 4473 1308 4514 ncn
1318 4461 1372 4514 vnt
1386 4457 1415 4514 in
1428 4457 1546 4515 deserto
1559 4458 1650 4530 hujus
1675 4455 1775 4514 saculi
1790 4456 1910 4514 turbam

192 4544 303 4598 tenent.
319 4565 333 4592 a
347 4545 380 4598 Et
392 4542 482 4600 alibfr
498 4567 512 4595 ιι
522 4547 590 4601 ιιιιε
604 4545 792 4618 privilegium
801 4546 1024 4605 mercturamit-
1078 4564 1250 4622 pauperum
1287 4547 1466 4605 esurientem
1489 4549 1621 4616 reticere,
1648 4547 1701 4606 sed
1725 4563 1795 4604 cum
1823 4547 1911 4606 seete

191 4633 261 4700 tere,
278 4631 330 4706 qui
350 4633 524 4690 auctoritate
539 4639 665 4708 usurpat
678 4634 788 4693 illicita.
805 4658 818 4687 c
839 4635 964 4702 Quodsi
986 4635 1025 4692 ad
1078 4637 1257 4696 tereusstmo
1269 4637 1346 4695 tuda
1362 4637 1478 4696 loculos
1493 4637 1552 4694 sibi
1563 4637 1725 4705 constituit,
1741 4639 1770 4694 et
1783 4653 1819 4696 ea
1842 4653 1909 4709 qua

191 4720 381 4778 excusandas
396 4722 605 4779 exscreationes
625 4723 656 4780 in
679 4725 810 4798 peccetis
837 4724 1024 4798 iniquitatem
1078 4728 1108 4784 in
1137 4742 1308 4801 pauperum
1329 4727 1411 4785 cibos
1438 4742 1651 4799 aggregamus,
1671 4726 1720 4784 fur
1751 4725 1910 4800 improbus

191 4825 278 4867 suam
291 4811 496 4885 quorumlibet
509 4811 650 4870 similium
664 4813 828 4872 imitatione
835 4813 958 4888 palliare
972 4829 1024 4871 vo
1077 4820 1221 4891 asportat.

189 4899 309 4968 fuerint,
325 4903 378 4975 qui
391 4907 538 4978 tanquam
551 4903 681 4975 religiosi
695 4905 813 4974 fuerint,
830 4909 971 4963 ettamen
984 4904 1024 4962 ab
1112 4906 1226 4963 Debent
1245 4905 1357 4980 qnippe
1387 4921 1476 4964 nosse
1502 4905 1683 4976 sacerdotes,
1711 4905 1911 4964 Ecclesiarum

190 4990 432 5062 expeditionibus
444 5009 506 5051 non
531 4993 738 5067 manauerint,
754 4995 870 5052 etiamsi
891 4994 1023 5068 aliquem
1077 4993 1276 5052 substantiam
1304 5010 1475 5068 pauperum
1513 5010 1588 5063 esse,
1617 5010 1680 5051 non
1718 5009 1816 5064 suam,
1855 5009 1911 5052 nee

190 5093 310 5150 magua
325 5084 509 5142 auctoritatis
519 5084 550 5141 in
560 5100 720 5142 assensum
733 5101 823 5142 suurn
838 5085 1021 5154 attraxerint,
1076 5084 1240 5145 abutnmm
1266 5084 1297 5142 in
1324 5084 1487 5158 tyrannica
1515 5082 1672 5142 effusionis
1705 5099 1822 5142 morem
1848 5099 1911 5140 ore-

191 5181 248 5238 ego
282 5171 380 5242 magis
412 5175 503 5233 credc
530 5175 709 5247 evangelica
740 5175 821 5246 fidei,
849 5179 1022 5233 cerebrum
1076 5173 1170 5232 ditem
1194 5173 1251 5232 sibi
1274 5174 1448 5247 degentium
1459 5172 1727 5247 dispensationem.
1744 5172 1828 5232 Unde
1843 5173 1911 5232 tlic-

190 5255 448 5330 Patrumreriteti,
464 5277 558 5336 ιῃιειιι
577 5264 666 5323 eboni
693 5265 839 5323 adversus
867 5269 930 5323 tam
952 5279 1023 5322 vera
1074 5278 1222 5336 ronymus
1261 5262 1333 5321 dicit
1367 5263 1407 5322 ad
1446 5261 1606 5322 Paulinum
1645 5262 1741 5336 (epist.
1779 5267 1821 5332 te,
1853 5263 1911 5322 sub

189 5343 543 5424 testimcntaoblatranti,
557 5357 586 5411 et
600 5371 670 5412 oum
685 5355 823 5429 apostolo
837 5355 935 5414 dicere
949 5368 1021 5411 con·
1075 5352 1178 5424 med.)
1206 5371 1212 5409 :
1242 5375 1256 5405 e
1283 5357 1349 5410 tam
1375 5367 1457 5410 nunc
1486 5368 1548 5410 non
1577 5358 1647 5412 sunt
1670 5358 1722 5412 tua
1748 5367 1817 5427 quae
1843 5369 1913 5426 pos·

190 5433 296 5491 suiuus
311 5437 438 5496 arbitror
455 5458 462 5496 ι
477 5441 585 5515 Siquis
607 5447 835 5504 annuntiaverit
856 5445 936 5501 nobis
963 5445 1021 5500 ali·
1076 5441 1166 5510 sides,
1199 5441 1252 5498 sed
1276 5440 1460 5515 dispensatio
1487 5440 1539 5498 tibi
1568 5441 1682 5500 credita
1705 5445 1758 5500 est.
1783 5443 1913 5500 flemen-

189 5525 263 5598 qen‘d
284 5534 398 5597 prater
421 5545 511 5604 qnam
525 5534 606 5603 quod
618 5535 785 5607 Evangelio
799 5536 904 5592 datam
919 5539 1022 5589 estao-
1077 5535 1107 5586 to
1135 5530 1257 5587 Ananiae
1284 5535 1313 5587 et
1341 5531 1529 5606 sapphyrae:
1560 5529 1602 5586 issi
1629 5529 1731 5588 timide
1764 5545 1821 5588 sua
1847 5544 1912 5584 ser·

190 5613 244 5687 lab,
263 5618 568 5689 momentana
583 5639 603 5695 r,
619 5623 656 5696 a).
670 5625 827 5692 Quianam
843 5622 1020 5697 episcopum
1075 5623 1232 5680 uiuunt
1261 5623 1303 5678 lu
1326 5620 1483 5680 ecnddere
1508 5635 1547 5680 ne
1575 5619 1681 5680 utnuti
1706 5617 1911 5682 susannam
