3998 6176
832 111 1040 170 DIPLOHATA.

117 235 1791 276 Q

600 371 860 493 SANCTI
910 371 1269 494 FULBERTI

838 595 1029 685 rursus

501 747 546 802 DE
567 747 674 804 UNClA
694 747 737 802 ET
755 743 1026 803 PARTlBUS'EJUS
1046 747 1088 802 ET
1107 747 1152 802 DE
1172 745 1362 805 sciturum.

102 921 189 994 (Edidit
201 920 321 980 Carolus
334 921 372 978 de
387 921 510 991 villiers,
525 922 682 996 theologus
692 922 921 1068 pariSiemispai}
935 921 1015 1066 ηὲἕίῗ
1032 921 1071 978 ad
1087 922 1174 996 epist.
1194 928 1242 982 tta
1252 924 1390 992 fulberti,
1402 924 1538 983 Biblioth.
1549 929 1600 984 PP.
1618 933 1689 986 tom.
1699 929 1787 998 xvtu,

745 1253 789 1308 De
812 1253 903 1308 uncia
924 1255 952 1308 et
964 1251 1114 1322 portibus.

575 1342 667 1398 Uncia
678 1339 782 1411 viginti
793 1340 939 1415 scirpulos
952 1345 981 1396 ct
993 1345 1123 1414 quatuor
1138 1340 1248 1398 ambit:

574 1411 736 1469 Dimidium
751 1417 888 1469 staterae
903 1411 1068 1468 semiuncia
1082 1411 1189 1468 dicitur
1202 1413 1282 1484 ejus3

572 1483 743 1540 'ternaduae
759 1483 844 1540 seclae
859 1499 930 1566 pars
947 1487 990 1539 est
1009 1484 1175 1557 eademque
1189 1483 1290 1540 duella
1304 1501 1311 1554 ;

573 1556 684 1620 Quarta
693 1553 783 1610 siclus
792 1554 840 1611 vel
853 1553 980 1612 sicilicus
992 1554 1040 1610 vel
1053 1553 1182 1628 denique
1197 1554 1286 1611 sicet:

574 1625 694 1682 Sextuta
709 1630 792 1682 serta
806 1626 897 1682 modo
913 1626 988 1682 solet
997 1630 1025 1682 et
1037 1625 1128 1683 modo
1144 1624 1223 1682 secla
1237 1625 1357 1694 vocari3

572 1698 715 1754 Octavam
730 1697 884 1770 appellant
899 1696 1104 1768 dragmam...

697 1797 740 1852 De
754 1796 886 1866 rumulo
898 1801 926 1852 et
934 1795 1074 1866 perulas
1088 1797 1152 1866 ejus

571 1893 652 1948 Unus
665 1891 736 1948 item
747 1892 863 1966 scirpus
876 1892 964 1950 calcis
979 1892 1169 1966 componitur
1179 1896 1256 1960 octo,

572 1962 733 2020 Dimidium
746 1963 866 2038 scirpuli
880 1968 926 2020 est
939 1963 1022 2030 obul,
1038 1980 1109 2037 pars
1119 1969 1227 2037 quarta
1236 1967 1350 2020 cerates
1363 1981 1370 2032 ;

571 2034 644 2090 Hinc
659 2040 773 2091 sextam
787 2035 858 2106 fingi
874 2036 986 2108 placuit
1000 2040 1176 2108 sextamque
1189 2033 1288 2091 vocari
1305 2051 1312 2090 τ

572 2105 699 2162 Ultimus
714 2111 757 2162 est
768 2105 883 2179 calcus,
897 2106 1000 2164 ciceris
1015 2107 1076 2164 duo
1090 2107 1218 2178 granula
1231 2121 1374 2179 pensans.

100 2254 1779 2286 Ἠ

733 2369 1121 2458 PROCLAMATIO

621 2553 811 2618 ANTEQUAM
831 2552 958 2608 DICANT
979 2551 1068 2607 PAX
1083 2551 1231 2608 DOMINI

462 2729 631 2800 Composita
643 2744 662 2786 a
676 2728 795 2786 domino
810 2731 953 2786 Fussenro
966 2743 1023 2799 pro
1038 2728 1221 2786 advesariis
1233 2729 1385 2786 Ecclesia.

514 2852 643 2926 (Dunod‚
660 2854 791 2910 Histoire
805 2851 842 2910 de
855 2854 1011 2926 Besanpoc
1026 2857 1047 2925 t,
1064 2853 1205 2924 Preuces,
1220 2869 1250 2926 p.
1265 2853 1337 2926 vin.)

813 2985 1028 3000 μ

119 3128 251 3201 inspiritu
263 3128 443 3188 humilitatis
457 3135 485 3188 et
497 3130 528 3186 in
556 3131 657 3186 animo
677 3129 802 3186 contrito
829 3133 898 3186 ante
916 3112 1011 3183 Abus
1026 3126 1169 3197 fundasti,
1183 3127 1255 3184 etin
1270 3127 1385 3184 honore
1396 3129 1696 3186 sanctorumJoannis
1711 3146 1782 3203 apo-

96 3221 206 3275 sanctum
219 3219 318 3276 altare
333 3223 419 3278 tuum
433 3225 463 3278 et
483 3219 718 3278 sacratissimum
746 3235 856 3293 corpus
870 3223 900 3275 et
954 3213 1019 3271 stoli
1030 3219 1059 3272 et
1075 3215 1215 3288 Stephani
1230 3215 1458 3288 protomartyris
1474 3215 1515 3272 tui
1525 3287 1527 3291 ,
1539 3217 1718 3288 sublimasti,
1738 3235 1781 3274 se·

95 3307 246 3376 inguinem
254 3314 355 3378 tuum,
368 3309 494 3366 Domine
501 3311 581 3379 Jesu,
591 3307 770 3380 Redemptor
780 3307 897 3376 mundi,
953 3304 1003 3361 det
1017 3304 1047 3361 in
1062 3303 1188 3375 tristitia,
1197 3321 1253 3362 nec
1266 3310 1311 3361 est
1324 3305 1377 3379 qui
1402 3305 1574 3362 consoletur
1588 3322 1656 3362 eam
1671 3311 1699 3363 et
1711 3306 1782 3363 libe-

95 3395 247 3468 acredimus,
261 3404 295 3456 et
309 3397 347 3455 de
357 3399 487 3473 peccatis
497 3397 617 3466 nostris,
633 3397 808 3472 proquibus
819 3397 898 3469 juste
952 3399 1006 3465 ret,
1021 3394 1080 3451 nisi
1099 3397 1141 3462 tu,
1157 3397 1233 3451 Deus
1243 3400 1351 3452 noster.
1369 3398 1511 3465 Exsurge,
1526 3395 1650 3452 Domine
1663 3397 1782 3468 tesu,in

95 3479 237 3558 eligimur,
250 3486 421 3562 culpabiles
436 3503 539 3545 coram
554 3492 582 3544 te
604 3503 660 3543 nos
670 3486 836 3543 reddimus.
852 3485 899 3542 Ad
953 3484 1138 3557 adjutorium
1151 3490 1298 3554 nostrum,
1315 3485 1451 3542 contorta
1465 3500 1521 3540 nos
1532 3490 1561 3542 et
1573 3486 1716 3543 auxiliare
1725 3502 1781 3543 no-

95 3571 121 3635 le.
134 3573 245 3633 Domine
260 3578 347 3647 iesu,
361 3576 511 3644 venimus,
527 3574 565 3632 ad
585 3579 613 3632 te
627 3575 764 3648 prostrati
786 3574 898 3631 clama-
952 3574 1009 3631 bis.
1024 3576 1169 3647 Expugna
1183 3573 1396 3648 impugnantes
1409 3591 1476 3631 nos.
1503 3578 1615 3646 Frange
1631 3576 1721 3633 etiem
1735 3593 1783 3632 su-

95 3671 154 3729 nus,
167 3663 234 3736 quia
248 3663 348 3738 iniqui
360 3667 389 3720 et
398 3663 529 3738 superbi,
545 3663 667 3736 suisque
678 3663 790 3719 viribus
809 3662 900 3720 conti-
953 3661 1090 3737 perhiam
1105 3663 1225 3720 illorum
1238 3663 1290 3737 qui
1302 3665 1383 3721 hunc
1396 3664 1497 3721 locum
1512 3670 1540 3722 et
1563 3680 1618 3721 nos
1635 3665 1781 3738 affligunt,

95 3744 120 3811 si,
133 3751 252 3826 undique
277 3768 372 3827 super
387 3769 444 3810 nos
468 3753 636 3824 insurgunt.
670 3753 777 3810 Terras
795 3752 901 3809 Sancti
953 3751 1124 3824 etsffligere
1139 3753 1273 3826 cupiunt.
1288 3755 1330 3810 Tu
1345 3753 1412 3822 scis,
1429 3754 1564 3824 Domine,
1579 3754 1632 3827 qui
1647 3761 1716 3812 sunt
1730 3755 1780 3824 illi,

94 3833 196 3898 lucro
210 3848 236 3900 et
251 3843 363 3902 Samcti
374 3842 523 3914 Stephani
544 3842 703 3912 incedunt,
725 3841 901 3912 depraece—
954 3841 1118 3898 etnomina
1146 3857 1252 3897 sorum
1266 3859 1272 3910 ;
1288 3857 1416 3915 corpora
1441 3846 1469 3898 et
1492 3842 1594 3910 corda,
1619 3847 1781 3918 antequam

95 3927 162 3984 teret
187 3937 318 3990 vastant.
335 3934 484 4006 Pauperes
498 3935 566 3989 tuos
594 3931 722 3988 cultores
736 3947 840 3987 earum
868 3931 900 3987 in
953 3934 1159 4000 nascerentur,
1175 3929 1228 3986 tibi
1255 3934 1324 3986 sunt
1349 3929 1478 4001 cognita.
1507 3932 1695 4005 Quapropter
1718 3949 1780 4001 eos,

94 4008 173 4074 dolore
184 4024 211 4076 et
224 4020 306 4078 tame
322 4025 413 4094 atque
427 4019 562 4077 nuditate
575 4018 674 4076 vivere
689 4018 812 4075 iaciunt.
829 4021 899 4076 Tor·
953 4021 1089 4093 Domine,
1104 4019 1181 4077 sicut
1191 4019 1258 4088 scis,
1271 4019 1402 4092 justifica
1414 4019 1446 4075 in
1459 4020 1566 4077 virtute
1581 4025 1648 4090 tua;
1668 4021 1715 4080 tac
1729 4038 1781 4078 eos

95 4105 178 4162 ments
190 4109 279 4167 etiam
299 4113 330 4167 et
344 4108 452 4180 gladiis
479 4108 635 4166 occidunt:
663 4111 783 4164 nostras
810 4107 899 4164 etiem
953 4125 1178 4180 recognoscere,
1194 4113 1285 4182 prout
1299 4106 1470 4181 tibiplacet,
1493 4125 1548 4166 sua
1570 4109 1739 4180 malefacta,
1753 4115 1782 4168 et

93 4195 323 4256 usundevivere
338 4199 485 4256 dehemus
499 4197 531 4255 in
544 4203 594 4256 tuo
610 4201 715 4254 sancto
730 4195 857 4265 servitio,
872 4201 901 4254 et
952 4197 1113 4254 liberanos
1126 4196 1158 4253 in
1180 4196 1385 4254 misericordia
1399 4203 1460 4254 tua.
1488 4201 1528 4255 Ne
1542 4199 1690 4273 despicias
1713 4216 1779 4272 noe,

94 4293 151 4350 quas
164 4285 252 4344 mata
266 4287 376 4345 animes
392 4286 462 4343 huic
474 4285 541 4343 loco
565 4301 620 4359 pro
647 4285 740 4342 salute
756 4302 811 4342 sua
835 4285 900 4342 reli-
952 4287 1089 4359 Domine,
1105 4286 1270 4344 clamantes
1280 4287 1320 4344 ad
1333 4292 1370 4358 te,
1386 4288 1439 4345 sed
1453 4293 1574 4362 propter
1588 4289 1714 4360 gloriam
1725 4307 1780 4348 no-

93 4377 207 4444 queml,
220 4375 377 4450 diripiunt,
391 4373 481 4432 nobis
495 4373 898 4431 etiamviolenterauierunt.
953 4377 1043 4434 minis
1058 4376 1390 4435 tuietmisericordiam
1419 4379 1504 4436 visita
1517 4396 1573 4437 nos
1588 4381 1619 4437 in
1643 4398 1727 4456 pace,
1753 4387 1781 4438 et

94 4455 199 4521 Ecclesia
212 4468 264 4522 tua
278 4465 354 4534 hese,
371 4464 506 4534 Domine,
524 4479 619 4537 quam
629 4462 735 4536 priscis
757 4463 898 4538 tempori·
918 4467 1023 4523 Berue
1035 4483 1091 4522 nos
1104 4483 1122 4524 a
1136 4467 1274 4540 praesenti
1288 4468 1438 4539 angustia.

508 4735 844 4854 SANC'H
889 4735 1335 4858 PULBER'H

696 4943 1147 5069 DIPLOMATA.

468 5293 490 5346 l.
951 5307 1013 5360 rus,
1027 5306 1089 5348 non
1103 5290 1228 5365 quidem
1242 5291 1317 5349 meis
1342 5292 1465 5362 meritis,
1480 5295 1533 5354 sed
1563 5297 1778 5372 gratiapreeve·

130 5387 177 5430 rro
196 5391 334 5436 scalenis
348 5393 462 5437 monis
477 5395 644 5436 uoursrunn
662 5396 841 5440 ruaoueusrs.
950 5381 1050 5439 niente
1063 5380 1278 5456 Redemptoris,
1293 5384 1481 5441 carnotensis
1495 5385 1663 5461 episcopus.

146 5461 352 5531 (Discedere.
366 5467 825 5544 Gatrvcroonappendpnr.)
987 5493 1001 5520 α
1030 5473 1138 5528 Notum
1161 5471 1226 5528 fieri
1252 5471 1393 5528 volumus
1419 5474 1559 5532 omnibus
1578 5475 1777 5533 confratribus

117 5548 382 5614 innominesanctae
393 5555 589 5614 etindividuse
601 5557 756 5616 trinitatis.
774 5562 894 5617 Fomen—
949 5559 1058 5617 nostris
1072 5559 1264 5634 presbyteris,
1277 5561 1466 5636 diaconibus,
1479 5581 1532 5622 seu
1543 5565 1656 5623 cunctis
1671 5566 1778 5623 utrius·
