3996 6178
145 135 155 150 ”
242 183 296 242 m
395 203 399 210 ·
844 169 994 231 nornen
1012 164 1116 226 mors
1135 167 1350 231 marcam
1917 175 1967 230 sa

218 283 220 292 ’
242 305 364 364 laudem
378 303 407 359 et
420 298 546 372 gloriam
567 299 698 357 nominis
717 301 771 374 tui,
786 301 814 358 S.
834 296 941 356 Auiani
965 293 1111 353 vututet
1128 295 1202 352 iesu
1214 296 1319 355 Christi
1332 297 1593 357 resurrectionem.
1609 301 1678 356 Erat
1689 302 1720 356 et
1748 298 1813 354 hoc
1842 303 1966 354 mator.

243 392 373 452 mirabili
387 389 594 465 patrisputrioe
607 390 647 447 ab
657 390 786 448 inimicis
799 386 974 446 mirabiliter
999 384 1072 441 libe·
1127 383 1279 442 bonorum
1293 386 1324 444 in
1343 388 1485 460 religione
1511 404 1567 462 pro
1597 404 1724 444 suarum
1747 385 1965 444 emundatione

242 488 343 541 ratoe.»
359 484 479 538 Peracta
493 479 637 549 oratione,
658 479 698 536 ad
713 496 768 537 sua
780 479 909 554 quisque
930 476 1015 532 laetus
1030 489 1074 530 re
1127 472 1284 547 culparum
1300 477 1393 550 quod,
1411 481 1543 534 esancto
1559 476 1798 549 septuagesimo
1814 491 1920 548 usque
1942 477 1965 531 in

243 571 376 643 graditur
384 573 413 626 et
436 569 473 625 de
497 568 559 624 suis
573 569 708 626 donariis
729 569 796 642 ipsc
823 567 871 624 die
890 567 976 623 locus
1001 562 1073 619 insi·
1125 564 1240 637 pascha
1254 565 1337 621 nulla
1352 581 1426 622 usus
1441 565 1548 646 ciricita
1572 565 1748 639 frequenter
1773 580 1849 620 eurr
1883 567 1965 620 susci

242 659 339 731 gniter
359 657 543 725 nobilitatur,
568 656 599 713 in
623 661 753 732 quatuor
774 655 883 714 scilicet
891 652 990 728 palliis
1005 667 1073 726 pre·
1126 651 1228 724 piabat
1242 653 1458 727 ediscendum
1484 654 1648 711 fortissima
1672 657 1764 724 terra,
1794 653 1965 710 tendentem

242 746 420 815 tiosissimis,
437 749 465 802 et
490 761 581 803 urceo
605 751 747 816 argenteo
774 750 804 802 et
827 742 954 818 capella,
977 757 1073 815 quam
1106 801 1107 804 Ἴ
1125 740 1327 800 indesinenter
1339 743 1377 800 ad
1403 743 1522 800 aethera.
1549 743 1645 800 Prosit
1669 747 1777 800 tamen
1794 757 1859 816 pro
1874 742 1921 798 bis
1945 749 1966 798 et

241 841 311 912 post
339 835 455 894 obitum
484 851 573 891 suum
599 838 658 891 ilco
679 833 877 908 omnipotenti
893 836 921 890 et
946 831 1072 888 sanctis·
1125 829 1192 886 aliis
1209 832 1316 889 enimse
1331 833 1397 904 ejus
1413 832 1583 905 subscripta
1594 838 1625 889 et
1633 831 1736 889 brevis
1748 831 1858 888 oratio
1873 847 1882 886 ι
1895 831 1966 888 Pric-

214 911 217 923 '
243 926 320 982 simo
353 924 517 982 confessori
540 922 690 995 delegavit
718 923 845 980 Aniano.
874 921 994 995 Capella
1020 935 1073 976 au·
1125 933 1194 975 rum
1209 925 1331 978 actuum
1343 921 1408 994 ejus
1423 920 1559 980 maculas
1573 923 1653 978 Deus
1679 925 1793 991 tergat,
1827 919 1966 977 oblivioni

242 1019 303 1072 tem
317 1013 409 1083 hujus
424 1011 799 1087 piissimi,prudentissimi,
816 1008 1013 1084 potentissimi
1029 1024 1074 1065 re·
1125 1013 1277 1081 perpetue
1293 1008 1400 1079 radet,
1416 1013 1532 1084 partem
1546 1011 1574 1067 ei
1600 1009 1632 1066 in
1644 1013 1864 1066 resurectione
1877 1011 1966 1083 prinu

246 1099 444 1174 gisRotberti,
472 1098 538 1156 talis
552 1098 607 1156 tuit
622 1117 629 1157 ι
646 1101 757 1174 Cappae
782 1098 947 1156 octodecim
972 1097 1072 1164 bone,
1126 1096 1273 1155 concedat
1300 1099 1353 1172 qui
1378 1104 1424 1156 est
1446 1097 1623 1155 resurrectio
1652 1104 1860 1157 mortuorum
1891 1101 1964 1154 lesus

242 1189 364 1263 optimis
377 1187 632 1261 etbcneparatae.
646 1187 725 1244 Libri
738 1187 968 1259 Evangeliorum
990 1184 1074 1242 aurei
1127 1186 1258 1244 Christus
1272 1188 1375 1245 vivens
1390 1193 1420 1246 et
1432 1205 1562 1260 regnans
1577 1188 1609 1245 in
1628 1189 1741 1246 seacula
1771 1187 1964 1244 soeculorum.

242 1277 314 1345 duo,
330 1276 465 1346 argentei
478 1276 552 1347 duo,
568 1275 659 1332 etalii
674 1277 735 1333 duo
751 1276 845 1350 persi,
861 1292 932 1332 cum
957 1273 1073 1330 missali
1162 1276 1249 1334 Cordi
1263 1293 1330 1334 meo
1345 1277 1419 1352 quid
1430 1277 1557 1348 dulcius,
1569 1277 1644 1352 quid
1670 1277 1853 1350 jucundius
1880 1283 1967 1352 poree

241 1382 303 1423 uno
318 1365 532 1437 uansmarino,
546 1365 624 1422 bene
645 1370 751 1439 parato
777 1366 868 1423 ebore
882 1369 911 1422 et
936 1367 1072 1434 argento.
1125 1364 1211 1435 iungi
1227 1380 1320 1438 quam
1336 1369 1369 1422 ut
1396 1371 1622 1440 preceptorem,
1647 1365 1830 1437 adjutorem
1861 1382 1966 1434 meum,

240 1455 415 1514 Philacteria
429 1471 521 1512 aurea
534 1454 706 1512 duodecim.
723 1454 822 1512 liare
833 1470 929 1511 unum
942 1468 1017 1509 auro
1045 1455 1074 1508 et
1125 1453 1156 1509 in
1171 1454 1315 1510 omnibus
1330 1454 1379 1511 liei
1395 1454 1538 1528 operibus
1558 1454 1764 1512 collaudem?
1790 1453 1913 1524 Redeo,
1933 1472 1966 1511 re

241 1550 366 1617 argento
380 1544 556 1602 mirabiliter
569 1549 721 1618 paratum,
746 1544 901 1602 continens
919 1544 950 1599 in
972 1541 1073 1599 medio
1125 1542 1184 1599 deo
1195 1546 1233 1610 et,
1249 1542 1325 1600 sicut
1336 1543 1472 1600 solebam
1482 1544 1513 1599 in
1528 1543 1635 1600 diebus
1651 1543 1769 1617 quibus
1801 1559 1867 1600 nos
1888 1545 1966 1599 omni

241 1640 357 1708 petram
370 1633 566 1701 laudabilem,
580 1650 649 1707 quse
664 1633 772 1690 dicitur
782 1632 949 1690 onichinus.
965 1634 1108 1709 Crucesp
1126 1631 1374 1704 respiciebamus,
1390 1633 1455 1704 ejus
1468 1632 1541 1688 mihi
1563 1632 1729 1689 amabilem
1760 1637 1794 1688 et
1820 1633 1967 1689 desidera-

241 1739 340 1780 aurcre
355 1726 423 1778 tres.
436 1722 527 1793 llajor
542 1737 579 1777 ex
593 1722 640 1778 his
655 1721 832 1778 continetin
851 1720 991 1777 selibras
1007 1719 1073 1776 auri
1125 1719 1273 1777 tissimam
1285 1721 1396 1794 recipio
1409 1721 1582 1779 bonitatem.
1601 1721 1853 1778 Delectoretiam
1867 1721 1900 1777 in
1927 1722 1966 1776 il'a

240 1813 309 1887 puri
320 1815 446 1884 septem.
464 1811 555 1880 Signa
570 1810 714 1883 quinque.
738 1813 836 1867 Unum
863 1826 900 1866 ex
927 1809 974 1866 his
1002 1809 1073 1865 satis
1126 1813 1154 1864 et
1168 1807 1306 1882 experior
1319 1808 1392 1881 quid
1409 1808 1541 1866 utilitatis
1557 1809 1630 1865 mihi
1644 1809 1696 1865 illa
1711 1809 1816 1866 inerit.
1850 1814 1886 1866 ln
1911 1809 1964 1869 illa

241 1898 388 1969 mirabile,
399 1898 430 1953 in
443 1900 574 1971 quoduo
585 1897 753 1955 millenaria
764 1897 876 1954 metalli
887 1903 916 1954 et
925 1901 1072 1954 sexcentae
1126 1900 1246 1953 utmeae
1261 1901 1308 1952 est
1324 1897 1549 1964 recordationis,
1575 1895 1618 1953 nil
1643 1897 1774 1970 accipio,
1802 1897 1853 1953 nil
1882 1898 1967 1953 sendo

240 1987 325 2044 tibrae
339 1987 468 2056 fuerunt,
484 1988 533 2043 cui
547 1987 679 2061 imprimi
687 1986 906 2058 jussitsignum
929 1985 1073 2060 baptismi
1125 2001 1219 2059 quam
1233 1991 1265 2042 ut
1279 1985 1379 2042 bonus
1393 1984 1472 2042 filius
1488 1986 1525 2042 de
1545 1989 1631 2058 patre
1659 1984 1754 2054 bono,
1785 1986 1913 2043 amicus
1938 1987 1968 2042 de

241 2077 279 2134 de
294 2077 360 2133 oleo
373 2081 402 2133 et
415 2076 575 2134 chrismate
585 2076 665 2146 iacti,
681 2075 757 2133 sicut
768 2077 843 2133 ordo
867 2076 1003 2150 deposcit
1028 2090 1073 2132 eo·
1125 2075 1234 2144 amico,
1249 2074 1373 2131 dilectus
1387 2074 1425 2131 de
1435 2075 1551 2131 diiecto.
1565 2074 1718 2131 Erubesce
1743 2080 1860 2132 tamen
1889 2075 1969 2132 valde

242 2165 436 2238 clesiasticus,
451 2170 479 2222 et
494 2169 526 2222 ut
540 2170 698 2223 vocaretur
715 2165 873 2222 Rotbertus
900 2164 1074 2222 attribueret
1124 2161 1156 2218 in
1171 2162 1262 2233 huius
1274 2161 1460 2219 admirabilis
1471 2162 1526 2218 riri
1540 2177 1668 2235 operum
1681 2162 1847 2219 bonorum
1868 2179 1968 2220 narra·

243 2254 369 2329 Spiritus
379 2260 509 2312 sanctus.
529 2253 611 2312 Dedit
621 2255 711 2311 etiam
727 2257 756 2311 et
770 2255 840 2312 huic
851 2261 955 2312 sancto
981 2253 1073 2310 ecele-
1124 2251 1216 2321 tione,
1232 2267 1301 2306 cum
1316 2250 1347 2307 in
1361 2267 1398 2307 eo
1413 2267 1532 2326 sempor
1544 2250 1702 2308 floruerint
1715 2267 1788 2325 quse
1814 2257 1894 2309 sunt
1916 2253 1969 2309 iim

242 2345 301 2401 sias
313 2344 401 2415 duas,
418 2343 609 2402 sentiliacum
622 2345 856 2415 etRutinegum,
871 2360 939 2400 cum
953 2343 1029 2400 villis
1044 2346 1073 2399 et
1125 2339 1252 2396 summis
1279 2338 1434 2408 coelorum,
1463 2355 1519 2414 pro
1544 2339 1711 2397 lucratione
1735 2341 1924 2399 animarum
1945 2348 1969 2398 et

241 2433 384 2492 omnibus
396 2449 466 2506 quae
481 2434 519 2489 ad
532 2433 615 2506 ipsas
627 2433 786 2507 pertinent,
814 2448 892 2506 quas
921 2436 1072 2506 praecepto
1126 2445 1297 2502 corporum.
1327 2429 1506 2502 Quempiam
1534 2429 1640 2485 videns
1666 2429 1828 2488 desudare
1866 2433 1899 2488 in
1926 2433 1968 2488 Rei

239 2518 333 2588 regali
342 2517 474 2581 iirmevit
487 2525 516 2576 et
528 2519 717 2577 corroborari
728 2521 829 2592 jussit.
841 2519 1008 2576 Promeruit
1019 2535 1073 2576 au·
1125 2533 1227 2590 opere,
1241 2517 1321 2574 hunc
1337 2518 1553 2575 exhortabatur
1570 2534 1656 2586 voce,
1672 2519 1821 2576 clanculo
1838 2521 1970 2578 allevans

240 2611 300 2666 tem
314 2608 501 2667 etadomno
513 2608 697 2666 theodorico
709 2609 873 2667 venerabili
895 2609 1072 2666 Aureliano·
1125 2622 1261 2676 munere,
1277 2607 1365 2678 cujus
1384 2611 1448 2663 erat
1471 2607 1584 2664 donum
1617 2609 1777 2681 promissis
1807 2611 1970 2686 pauperri-

240 2712 309 2753 rum
322 2697 464 2770 episcopo
479 2697 585 2754 altaria
609 2697 745 2770 ipsarum
774 2697 972 2755 ecclesiarum
1000 2713 1071 2754 cum
1125 2712 1222 2764 mum,
1248 2695 1321 2752 dato
1347 2696 1580 2769 permaximum.
1609 2701 1641 2754 ln
1670 2698 1769 2754 tiendo
1789 2701 1970 2758 monasterii

241 2785 404 2858 pontificali
417 2786 572 2860 privilegio
587 2787 625 2843 de
638 2787 713 2860 ipsis
726 2803 744 2844 a
757 2803 789 2844 se
799 2786 974 2860 lacto‚quod
987 2802 1072 2842 sanc·
1126 2785 1323 2842 Floriacensis
1339 2785 1399 2842 loci
1426 2791 1550 2859 paterna
1574 2786 1727 2844 imitabilis
1755 2787 1886 2847 abbab's
1916 2791 1971 2846 mei

240 2877 272 2930 to
282 2873 407 2931 contulit
418 2875 534 2931 aniano
546 2879 575 2931 et
589 2875 781 2948 regiinclyt0,
794 2875 929 2949 quicum
943 2874 974 2931 in
999 2889 1072 2930 voce
1126 2874 1259 2932 Gaunlini
1269 2874 1410 2946 jussione
1425 2874 1582 2932 ecclesiam
1596 2876 1674 2949 coepi
1686 2876 1862 2946 adificare,
1877 2879 1972 2935 modi·

241 2963 447 3022 exsultationis
459 2980 578 3038 semper
590 2965 736 3023 dilexerat
749 2963 787 3021 de
803 2965 893 3022 corde
905 2965 1000 3021 bono.
1090 3007 1110 3060 C
1126 2979 1194 3020 cam
1205 2962 1340 3036 quidem,
1351 2962 1404 3020 sed
1420 2963 1555 3020 festivam
1570 2982 1577 3032 ;
1605 2964 1756 3037 adquam
1787 2967 1970 3022 occurrebat

280 3054 417 3110 Casuum
432 3052 601 3127 crispiacus
620 3053 735 3110 dictum
762 3070 781 3111 a
804 3053 928 3110 Weltero
957 3053 1073 3127 potenti
1125 3051 1257 3126 populus
1277 3066 1381 3107 amore
1395 3067 1524 3124 quorum
1544 3057 1608 3109 erat
1636 3053 1791 3110 sacranda
1816 3055 1970 3125 condigna

240 3139 380 3200 nobiliter
405 3147 611 3198 constructum
640 3141 829 3199 suessionico
852 3142 883 3198 iu
913 3141 1072 3212 territorio,
1125 3139 1344 3198 benedictione.
1363 3141 1529 3197 Licatesset
1550 3140 1737 3215 imperfecta,
1767 3145 1920 3216 quamvis
1941 3144 1971 3199 li

238 3229 399 3287 abbatiam
428 3231 525 3304 sancti
552 3229 667 3287 Arnulfi
699 3247 718 3288 a
747 3247 780 3288 se
817 3231 930 3287 tactam
963 3229 1073 3286 nobilis
1126 3245 1214 3301 gneo,
1232 3233 1331 3286 tamen
1346 3229 1498 3302 promovit
1508 3247 1540 3286 sc
1550 3247 1603 3286 rex
1616 3231 1663 3287 vir
1688 3229 1865 3288 coelestium
1889 3233 1968 3288 desi-

239 3319 373 3377 nobilcm
397 3323 426 3376 et
448 3336 501 3393 per
528 3321 639 3377 saecula
662 3320 791 3377 reddidit
802 3319 956 3376 illustrem.
968 3323 1073 3376 Rostra
1126 3318 1279 3376 duriorum
1294 3320 1451 3378 aVitriaco
1464 3325 1572 3390 cestro,
1592 3320 1773 3377 desiderans
1800 3337 1872 3378 eam
1889 3324 1968 3379 ride·

240 3409 321 3465 enim
333 3412 418 3466 {etate
441 3409 481 3466 ibi
509 3409 651 3466 abbatem
678 3409 856 3482 quemdam,
886 3407 1073 3465 lezcelinum
1125 3423 1157 3464 re
1172 3413 1296 3482 aspectu
1310 3409 1510 3466 sanctissimo.
1528 3412 1634 3466 Fuerat
1650 3411 1717 3480 Jam
1738 3411 1837 3481 jussu
1862 3411 1966 3468 domni

240 3497 373 3566 nomine,
389 3497 550 3564 constituit,
562 3496 635 3552 boni
647 3497 810 3554 testimonii
821 3497 930 3564 virum,
955 3498 1072 3572 proies·
1126 3502 1156 3553 et
1166 3498 1307 3555 amabilis
1318 3498 1447 3556 Odolrici
1470 3498 1620 3572 pontificis
1635 3500 1840 3557 evenerabili
1863 3503 1965 3558 Bituri-

241 3585 323 3641 sione
335 3584 482 3655 regularis
496 3585 564 3642 vitre
575 3586 1072 3660 monachumquotannisveuien·
1126 3586 1261 3643 censium
1277 3587 1503 3661 archiepiscopo
1519 3587 1660 3644 Gauzlino
1673 3587 1852 3660 benedicta,
1876 3590 1966 3646 dante

240 3677 301 3730 tem
315 3673 356 3729 ad
377 3673 458 3730 hunc
473 3674 525 3730 ilci
536 3673 646 3730 virum.
672 3675 894 3748 Suscipiebatnr
915 3674 955 3732 ab
981 3692 1017 3733 eo
1041 3678 1073 3732 ut
1126 3689 1163 3732 eo
1173 3674 1204 3730 in
1220 3675 1344 3730 circuitu
1355 3675 1527 3747 plenissime
1540 3681 1651 3732 terram
1665 3675 1724 3749 ipsi
1738 3677 1877 3734 ecclesie
1901 3695 1965 3752 per

239 3761 292 3820 liei
306 3777 420 3828 servus,
434 3767 464 3819 et
477 3762 662 3836 colloquium
676 3762 821 3821 habentes
836 3763 874 3820 de
889 3764 1071 3836 coelestibus,
1126 3763 1240 3821 utilem.
1256 3769 1372 3821 intrans
1386 3765 1417 3821 in
1432 3781 1468 3821 ea
1482 3781 1534 3821 rex
1547 3769 1575 3822 et
1584 3781 1677 3822 orans
1688 3765 1821 3840 pallium
1837 3773 1965 3841 qriatnor

239 3855 312 3925 post
324 3850 356 3907 in
371 3849 528 3908 redeundo
543 3850 749 3909 honorabatur
763 3851 802 3908 ab
831 3868 866 3908 eo
887 3851 1072 3910 honorabili·
1125 3851 1272 3909 librarum
1285 3869 1376 3927 super
1388 3853 1480 3910 altare
1489 3855 1612 3928 posuit;
1639 3855 1724 3928 quod
1751 3857 1830 3929 quia
1857 3858 1888 3913 in
1910 3859 1964 3914 ho

238 3940 299 3999 bus
313 3940 490 3997 muneribus
505 3956 600 4014 quam
615 3940 780 4014 splendide,
795 3943 1073 4015 quaerantjuncta
1125 3957 1200 3999 nore
1228 3947 1398 4000 sanctorm:
1429 3945 1573 4018 Dionysii,
1601 3946 1714 4003 Rustici
1734 3951 1765 4003 et
1794 3947 1964 4008 Eleutherii.

240 4029 410 4087 coelestibus
419 4030 557 4103 perfectae
570 4029 722 4088 charitatis
738 4031 854 4089 virtute.
868 4031 1007 4099 Quodam
1018 4045 1072 4089 au·
1126 4037 1336 4089 consecratum
1363 4032 1427 4102 fuit,
1457 4034 1563 4108 procul
1584 4033 1680 4092 dubio
1706 4035 1773 4106 ejus
1813 4037 1902 4092 cordi
1928 4038 1968 4093 its

239 4122 301 4176 tem
316 4123 450 4193 tempore
461 4124 571 4177 sanctae
583 4120 818 4192 Quadragesinoe
828 4121 963 4178 Pisciaco
974 4121 1013 4178 ad
1026 4135 1072 4177 re-
1126 4119 1236 4178 insedit
1249 4125 1282 4178 ut
1297 4121 1359 4178 suis
1388 4121 1444 4195 piis
1468 4123 1682 4197 aspicientibus
1709 4125 1817 4193 oculis,
1841 4131 1916 4200 post
1931 4126 1968 4182 ad

241 4222 310 4279 gem
324 4205 363 4263 de
376 4223 460 4264 more
473 4223 653 4282 properans,
670 4208 851 4284 temporales
866 4209 955 4266 simul
968 4216 998 4266 et
1012 4211 1071 4282 spi·
1126 4225 1198 4267 eum
1210 4209 1343 4266 Parisios
1356 4226 1405 4266 me
1425 4211 1572 4281 veniente,
1602 4212 1640 4269 de
1665 4213 1796 4286 reliquiis
1823 4215 1969 4288 ipsorum

240 4295 342 4351 ritales
357 4301 552 4369 sumpserunt
564 4297 657 4354 cibos.
674 4299 761 4356 Avila
781 4315 813 4354 se
839 4299 973 4372 posthoec
999 4314 1071 4356 oon·
1127 4305 1305 4372 martyrum,
1322 4299 1394 4356 almi
1406 4300 1517 4357 scilicet
1532 4301 1677 4374 Dionysii,
1690 4300 1795 4358 Rustici
1820 4307 1854 4356 et
1882 4305 1972 4362 Eleu

237 4385 400 4455 jungentes
412 4383 556 4455 bonitate,
571 4385 657 4443 offert
671 4387 734 4457 regi
748 4386 922 4444 charitatem
943 4387 993 4444 liei
1017 4385 1070 4443 ab·
1085 4356 1110 4450 Β,
1127 4387 1236 4452 thesbi,
1252 4387 1408 4461 splendide
1423 4395 1593 4460 exornaret,
1609 4387 1879 4448 intercessionibus
1892 4394 1969 4450 dita-

239 4473 296 4532 bas
307 4473 419 4544 bonus,
435 4491 491 4548 pro
505 4475 687 4532 relevatione
700 4475 834 4550 corporis
848 4476 914 4549 ejus
938 4476 1070 4536 humilli-
1126 4482 1180 4534 ret.
1194 4477 1386 4534 protectionis
1397 4495 1503 4536 corum
1514 4479 1597 4537 dona
1608 4481 1673 4537 brec
1692 4483 1778 4536 sunt:
1794 4480 1845 4536 De
1862 4484 1970 4540 casula

240 4563 294 4635 mi,
321 4566 355 4618 ut
380 4563 505 4621 haberet
524 4563 663 4620 levamen
677 4564 825 4632 ciborum,
853 4565 906 4638 qrd
930 4565 1071 4638 precibus
1125 4567 1222 4624 sancti
1237 4566 1379 4640 Dionysii,
1400 4567 1563 4625 dalmatica
1577 4569 1675 4626 sancti
1703 4568 1830 4638 Rustici,
1862 4573 1969 4628 casula

240 4652 367 4726 pulsans
377 4653 453 4710 ostia
467 4652 612 4710 coelorum
626 4651 711 4710 fieret
733 4669 860 4710 consors
885 4659 1069 4712 sanctorum.
1126 4655 1222 4713 sancti
1239 4655 1404 4727 Eleutherii,
1415 4656 1453 4713 de
1469 4657 1653 4714 vestimentis
1676 4673 1781 4714 corum
1815 4662 1968 4732 sangiune

241 4740 304 4798 Roo
331 4757 461 4798 renuens
488 4742 532 4797 vir
543 4741 661 4814 pietatis
676 4747 704 4798 et
724 4741 904 4800 incumbens
934 4745 1071 4801 saterris
1125 4745 1269 4818 aspersis,
1294 4744 1332 4801 de
1353 4747 1490 4804 carnium
1520 4763 1626 4804 eorum
1655 4747 1779 4822 pulvere
1822 4755 1855 4806 et
1892 4751 1968 4807 trini-

240 4830 424 4888 omnimodis
438 4829 590 4887 orabatne
603 4831 634 4886 vi
646 4847 716 4887 eum
724 4831 917 4906 opprimeret,
931 4833 1004 4906 quia
1030 4838 1072 4890 ta·
1125 4835 1193 4892 culo
1204 4833 1320 4908 triplici,
1333 4850 1395 4907 quo
1420 4833 1477 4892 suit
1491 4835 1629 4893 astrictus
1656 4836 1823 4910 Dionysius
1852 4847 1969 4911 martyr

239 4919 320 4976 libus
337 4917 481 4975 obediens
496 4918 613 4976 nullum
633 4919 734 4977 adlruc
758 4923 818 4978 [ico
845 4921 951 4993 jejunii
968 4927 1071 4980 votum
1126 4923 1416 4997 Dominipretiosus.
1433 4924 1525 4980 ilicet
1544 4923 1802 4983 aliissanctorum
1833 4929 1968 5001 pignori-

240 5007 408 5066 obtulisset.
425 5007 513 5065 Abba
525 5007 584 5066 hoc
596 5008 723 5066 audiens
732 5010 942 5067 taciturnitatis
951 5011 1072 5069 vincula
1125 5013 1183 5069 bus
1202 5029 1220 5070 a
1243 5027 1313 5084 rege
1325 5017 1448 5070 amante
1471 5016 1564 5071 Deum
1588 5013 1728 5072 nobiliter
1741 5015 1914 5088 insignitus
1928 5023 1970 5074 est

241 5097 382 5168 suscepit,
396 5100 426 5152 et
439 5095 589 5153 meditans
602 5095 692 5154 corde
704 5097 789 5170 quod
814 5103 894 5156 esset
922 5099 1071 5173 perlectus
1125 5101 1219 5160 locus.
1238 5106 1387 5176 Susceptoe
1403 5109 1473 5161 sunt
1486 5108 1588 5161 autem
1604 5105 1680 5179 ipsse
1707 5112 1895 5166 sanctorum
1923 5125 1968 5164 su·

240 5184 359 5251 virtute,
371 5200 427 5258 pro
437 5184 545 5256 jejunii
555 5185 622 5256 ejus
634 5184 1072 5261 observatione,suscepiteum
1125 5207 1182 5265 pra
1195 5191 1344 5248 dictorum
1367 5192 1587 5266 pretiosissime
1615 5193 1752 5268 reliquiae
1778 5195 1813 5252 in
1835 5199 1968 5254 Floriaco

240 5273 272 5328 in
286 5270 499 5330 multimodam
513 5279 542 5330 et
556 5290 618 5331 non
633 5290 828 5333 numerosam
845 5277 1006 5334 rtrissarum
1024 5293 1071 5343 ce·
1126 5281 1343 5340 monasterioa
1362 5281 1477 5339 domno
1501 5281 1643 5339 Gaudinc
1673 5283 1800 5354 abbate,
1834 5287 1868 5344 in
1895 5288 1969 5344 dan·

241 5357 450 5432 lebrationem,
465 5366 499 5419 ut
512 5361 685 5420 attribueret
700 5364 861 5421 eiReusin
886 5365 933 5421 his
951 5364 1073 5422 firmam
1125 5369 1166 5425 do
1181 5374 1210 5426 et
1229 5369 1404 5444 accipiendo
1432 5370 1503 5427 satis
1527 5371 1697 5428 honorabili
1719 5372 1801 5444 viro,
1829 5375 1883 5433 die
1914 5377 1971 5431 lia-

241 5448 441 5507 devotionem.
459 5450 508 5506 ilis
522 5451 607 5507 laetus
620 5466 672 5508 rex
686 5452 802 5510 donisa
815 5453 994 5510 sanctoviro
1007 5469 1072 5527 per·
1125 5457 1284 5516 landarum
1297 5458 1480 5529 octobrium,
1491 5476 1553 5533 quc
1564 5459 1691 5518 celebris
1703 5465 1810 5534 agitur
1826 5465 1861 5522 in
1878 5465 1973 5523 omni-
1989 5499 1990 5512 .

241 5540 344 5612 ceptis.
361 5541 422 5595 Deo
437 5539 548 5609 gratias
562 5541 622 5611 egit
635 5547 665 5600 et
679 5547 816 5600 sanctum
832 5541 1073 5601 celebravitoon·
1125 5547 1184 5603 bus
1204 5547 1322 5604 soecubs
1341 5553 1516 5605 sanctorum
1540 5550 1691 5622 Germani,
1717 5553 1857 5628 Remigii
1882 5561 1972 5630 atque

240 5627 325 5684 tinuo
335 5627 496 5698 ieiunium,
507 5634 685 5701 exspectans
708 5631 761 5688 liei
782 5637 811 5690 et
834 5629 954 5690 Domini
978 5633 1073 5692 nostri
1126 5636 1246 5694 vedasti
1269 5637 1444 5695 solemnitas
1482 5638 1699 5697 confessorum.
1741 5642 1828 5701 Sane
1863 5661 1973 5718 pecca·
