3984 6182
112 137 177 197 retr
458 159 460 163 ·
491 137 536 194 ltu
556 131 744 196 marullus
761 129 792 192 8.
811 125 1022 192 mmm
1041 129 1135 196 blunt
1156 133 1240 200 ndo.
1260 167 1295 186 e-
1314 139 1379 204 LlB.
1400 149 1435 206 ll.
1756 149 1826 214 {002

110 279 164 322 seu
178 258 368 321 dilectionem
381 262 475 334 sequi,
492 279 559 336 qrrac
574 261 659 318 omni
677 259 792 318 homini
805 257 980 317 christia-A
1000 261 1031 317 in
1046 277 1266 336 cananaeum,
1283 271 1423 343 quamvis
1436 272 1600 332 laboriosse
1615 277 1826 352 advectabant,

108 371 161 420 no,
186 353 212 410 ει
234 358 314 409 recto
336 352 454 408 tramite
477 351 596 417 incedit,
613 357 758 408 aternam
773 348 943 406 felicitatem
998 357 1100 424 utpote
1114 355 1151 412 da
1163 355 1231 413 loco
1243 357 1422 434 longinquo.
1436 361 1463 417 ls
1475 362 1505 418 in
1521 363 1619 438 prima
1631 365 1706 424 bora
1719 375 1828 427 octava

108 444 245 517 paritura
262 442 317 498 erit
340 443 424 512 (ιιι).
439 439 525 507 Quod
539 439 699 513 Apostolus
724 438 885 495 coufirmat
898 436 943 493 di·
998 439 1067 510 diei,
1089 445 1212 501 nutibus
1231 451 1260 502 ct
1272 447 1366 518 signis
1380 449 1493 523 qulbus
1511 453 1618 524 potuit,
1642 467 1673 510 ss
1697 456 1736 513 ab
1751 457 1826 515 anai-

109 545 180 589 cens
197 549 203 587 :
223 528 344 586 llilactio
359 529 488 602 proximi
500 528 616 585 malum
631 543 692 584 non
714 531 867 601 operatur,
883 525 944 600 ple·
999 529 1041 584 cis
1054 531 1115 586 sula
1127 528 1157 588 in
1171 535 1329 592 ecclesiam
1352 540 1380 595 S.
1407 541 1622 598 llmmeremml
1650 543 1758 601 deduci
1778 559 1826 604 ro

109 617 216 676 nitudo
231 630 303 687 ergo
316 615 390 687 legis
401 620 445 672 est
459 615 577 672 dilectio
599 616 684 688 (alt).
702 615 793 686 igitur
807 619 875 688 post
897 629 944 668 re·
999 619 1088 687 gavit.
1104 622 1158 686 Qui
1174 635 1241 680 cnm
1269 639 1393 684 suorum
1416 629 1558 686 manibus
1574 634 1603 687 ει
1625 631 1756 689 brachiis
1779 645 1828 691 su·

110 705 279 764 verendum
307 707 422 760 Patrem
452 703 665 772 liamuoldum,
690 717 808 774 magnas
835 701 946 758 scilicet
998 711 1144 765 stentatua
1169 712 1200 768 in
1225 715 1401 773 occidentali
1427 723 1512 792 parte
1535 720 1711 778 consisteret
1736 721 1828 779 ielicis

112 795 266 853 mernorlaa
276 794 384 864 virum,
401 793 534 864 regimen
550 794 642 865 hujus
658 791 831 850 monasterii
846 805 945 848 susce·
997 796 1140 866 basilicae,
1156 813 1241 856 secus
1254 803 1427 862 columnam
1443 806 1554 865 scillcet
1576 825 1645 884 quta
1670 821 1829 868 consecra·

113 885 157 960 pit
171 885 267 941 abhas
285 883 511 950 ll'olirammus,
525 886 554 939 et
567 883 632 956 ipse
656 883 686 938 in
712 880 944 938 mansuetudine
999 889 1060 942 um
1082 885 1113 943 in
1132 893 1217 961 petra
1232 890 1305 947 solet
1325 893 1437 950 habere
1465 909 1578 970 aquam
1602 912 1767 956 conversus
1789 899 1829 956 ad

114 975 291 1048 caterisque
310 973 468 1030 virtutihus
484 973 533 1030 Dei
557 987 670 1028 serane.
695 972 745 1027 llic
759 971 865 1027 babuit
880 985 946 1026 suo·
998 975 1153 1046 ocientem,
1173 979 1331 1050 pardulum
1353 981 1496 1041 inclinato
1520 987 1618 1059 capita
1643 987 1706 1044 alne
1728 989 1829 1046 verbis

111 1077 266 1120 cessorem
288 1079 324 1118 cx
338 1061 465 1133 εοιιεςιο
489 1061 615 1118 fratrum
639 1059 782 1116 abbatem
806 1058 943 1125 electum,
997 1065 1103 1135 oravit,
1119 1066 1191 1140 qula
1203 1066 1286 1141 loqni
1299 1083 1360 1126 non
1374 1073 1480 1145 potuit.
1498 1077 1569 1132 Ecce
1582 1077 1685 1134 vidite
1706 1078 1828 1150 regione

111 1152 235 1212 nomine
251 1150 441 1210 llibboldum.
459 1150 533 1206 Huic
548 1147 692 1206 successit
714 1147 856 1204 dominus
872 1147 944 1204 ilar-
997 1153 1161 1212 beatissimi
1178 1158 1318 1230 martyris
1340 1171 1424 1215 aram
1439 1162 1526 1234 qrrasi
1540 1163 1662 1235 igneam
1674 1169 1703 1222 ct
1716 1177 1828 1237 magno

114 1240 220 1296 twicna
237 1253 355 1309 magnae
370 1238 485 1295 virtutis
510 1237 635 1305 amicus,
661 1235 724 1309 qui,
740 1241 846 1309 sponte
862 1234 945 1291 dasc-
997 1241 1111 1299 lumine
1125 1243 1352 1316 circumdatam,
1369 1251 1398 1303 ει
1419 1248 1456 1304 da
1471 1265 1507 1305 ea
1521 1251 1613 1308 veluti
1634 1251 1704 1309 solis
1727 1255 1828 1312 radios

114 1343 182 1384 rana
196 1328 392 1401 presulatum
411 1325 552 1395 arenchii,
570 1325 690 1399 reliquit
712 1323 867 1380 abbatiam
887 1322 944 1378 do·
998 1331 1074 1387 mitti
1089 1334 1244 1404 conspexit
1256 1334 1286 1389 in
1298 1334 1406 1392 iaciern
1423 1349 1520 1394 suam.
1537 1341 1618 1395 Tunc
1631 1340 1830 1399 obinsolitam

114 1417 195 1474 mino
212 1415 383 1474 acrobatae
397 1414 572 1486 regendam·
584 1416 650 1481 011⁰
661 1413 814 1483 desumto,
828 1411 942 1479 divina,
998 1420 1145 1476 visionem
1159 1423 1333 1494 perterritus
1348 1429 1438 1498 etqua
1452 1427 1654 1496 tremefactus,
1677 1429 1831 1502 nimioque

113 1505 155 1560 uti
172 1519 341 1578 speremus,
366 1503 558 1578 providentie
583 1502 813 1559 necessitatibus
836 1499 945 1556 noscis
999 1508 1108 1566 sudore
1141 1511 1341 1579 humotenus,
1366 1513 1492 1571 demum
1522 1517 1746 1589 maveleacene,
1774 1531 1832 1574 cce-

111 1593 273 1650 daetinavit
284 1593 381 1648 virum
393 1591 593 1650 venerabilem
610 1591 719 1664 pariter
732 1595 762 1646 et
783 1589 980 1668 amabilemss
999 1598 1042 1671 pit
1068 1597 1123 1655 fact
1141 1599 1184 1656 ,ιο
1201 1601 1306 1657 dicens
1323 1619 1330 1656 ς
1356 1604 1416 1658 neo
1435 1605 1557 1674 gratias,
1579 1607 1676 1672 Quam
1688 1622 1832 1678 magnam

111 1681 283 1752 dominum,
297 1681 433 1738 videlieet
449 1681 630 1748 Udsslricumi
646 1680 728 1768 pilu?
751 1679 782 1736 ¹¹¹
798 1679 945 1736 ⁰³⁰⁰&ssss
999 1702 1062 1744 rem
1082 1687 1190 1745 video!
1211 1691 1283 1744 Vere
1308 1693 1454 1747 llominns
1475 1697 1520 1750 ast
1544 1694 1574 1751 ln
1598 1695 1665 1752 loco
1685 1695 1755 1767 isto,
1780 1695 1833 1770 qui

112 1771 173 1827 vita
186 1770 344 1844 plurigena
363 1770 510 1844 probitate
533 1771 719 1830 decoratum.
744 1784 826 1825 nuno
844 1774 945 1824 autern
1000 1789 1054 1848 per
1073 1787 1176 1848 preces
1191 1776 1236 1832 sui
1248 1777 1347 1834 dilecti
1359 1781 1565 1855 testisoptima
1578 1783 1626 1840 bio
1640 1785 1755 1841 conteri
1768 1801 1833 1842 me-

113 1858 290 1929 regnlertter
300 1863 329 1915 et
340 1859 514 1916 monasticia
529 1859 598 1916 lruic
608 1856 948 1930 congregationipracla-
999 1865 1151 1922 dicamlna
1162 1865 1223 1922 sive
1236 1867 1384 1924 solamina
1395 1870 1514 1940 agroru
1524 1875 1553 1927 ει
1562 1873 1688 1930 mestis.
1701 1873 1753 1930 llis
1763 1873 1832 1931 risis

114 1954 190 2004 turn.
220 1949 327 2006 Βεειυε
353 1964 425 2018 ergo
459 1947 656 2019 aamncldm,
681 1947 735 2020 qui
763 1946 946 2002 desidorium
1000 1957 1029 2010 ει
1053 1954 1172 2034 auditis,
1188 1955 1225 2010 de
1242 1961 1303 2013 tota
1325 1956 1450 2015 ccclesia
1476 1959 1673 2033 concurritur,
1688 1965 1717 2018 ει
1738 1978 1756 2018 a
1778 1974 1832 2036 po·

116 2049 217 2104 suum,
231 2036 314 2109 ‘le
334 2035 439 2092 habuit
451 2035 481 2092 5¹¹
495 2037 667 2104 liminum,
685 2034 799 2107 ‘illim
815 2033 947 2106 prodidit
999 2043 1072 2120 pulo
1090 2046 1271 2102 miraculum
1294 2046 1369 2104 idem
1393 2047 1465 2120 (elci
1494 2051 1658 2123 spectante,
1685 2065 1720 2108 ac
1742 2051 1832 2108 simul

115 2123 265 2180 vocabulo
290 2124 389 2180 arietis
420 2122 486 2195 [at.,
510 2123 642 2195 aricwmi
674 2121 944 2190 scandalunt,
1000 2134 1180 2206 admirante,
1195 2135 1293 2208 Kyris
1306 2137 1415 2194 eleison
1435 2143 1582 2196 cantatur.
1605 2141 1696 2212 Cujus
1718 2139 1832 2198 ciamm

113 2214 264 2269 Chtisium
297 2211 513 2280 detidssttssfill
542 2213 659 2286 illimus
687 2211 825 2281 llfflviwl
855 2211 947 2284 hujus
1001 2237 1072 2279 curn
1088 2224 1135 2280 vix
1151 2224 1391 2298 auribusposset
1412 2227 1540 2294 sufferri,
1562 2228 1754 2302 primamque
1776 2245 1832 2286 nos

111 2300 168 2357 ¹⁰0i
183 2301 352 2358 mundum
366 2301 500 2371 lodulim
513 2301 654 2358 mim·
676 2302 762 2357 Η111111
776 2301 829 2373 qui
853 2301 946 2358 1110110
1001 2313 1118 2369 interim
1133 2305 1294 2371 canantes
1308 2314 1421 2389 oppido
1444 2315 1614 2384 deterreret,
1635 2317 1716 2373 idern
1740 2317 1832 2374 horno

113 2390 272 2446 nobiscum
284 2390 419 2462 regimen
433 2390 562 2447 crenobii
576 2391 756 2447 ministrata
772 2405 804 2445 se
819 2405 946 2448 numero
1002 2401 1184 2467 catervatim,
1207 2401 1247 2458 ab
1268 2403 1314 2459 hle
1338 2403 1390 2476 qui
1408 2409 1480 2460 tunc
1502 2403 1576 2462 torta
1601 2405 1643 2461 ob
1667 2408 1832 2463 nontam

113 2479 574 2551 131111111ι111111ῑιοᾱο1110115ι111ῑ
596 2479 774 2536 mundum·
800 2479 947 2552 3111111ϋο
1000 2491 1042 2546 rei
1070 2489 1277 2548 confluxerant
1303 2491 1440 2565 stipatus,
1476 2491 1603 2550 chorum
1629 2497 1673 2551 εει
1700 2495 1833 2552 introdu-

114 2569 202 2625 nobis
215 2575 359 2642 aptarum
380 2573 413 2624 ut
435 2569 523 2626 liceat
546 2569 700 2625 senarium
723 2573 947 2626 sacramentum
1001 2585 1078 2636 ctus.
1095 2581 1229 2652 numque
1245 2579 1333 2636 abeo
1356 2587 1424 2637 ante
1446 2579 1538 2638 altere
1562 2583 1590 2640 s.
1618 2583 1834 2642 emmerammi

114 2656 167 2713 diu
180 2656 342 2728 celebrere,
357 2671 412 2713 nac
427 2669 491 2712 uon
506 2655 610 2713 divina
624 2655 824 2724 confessione,
840 2661 947 2713 catara
1001 2665 1176 2741 aliquandiu
1203 2672 1322 2725 oratum
1334 2673 1423 2738 mel,
1439 2669 1569 2744 indeque
1594 2671 1744 2746 eomplm
1767 2687 1834 2730 ora.

115 2745 214 2803 ἰώ
227 2745 347 2820 mest&
360 2759 451 2818 “We
463 2749 492 2802 ⁰⁸
504 2745 597 2802 191ῧο
611 2759 757 2804 81010619·
780 2765 794 2796 a
1000 2758 1090 2828 tionc,
1107 2759 1196 2814 coetui
1210 2757 1336 2815 bubum
1351 2760 1553 2817 acceaentt'um
1565 2761 1641 2833 itii)
1653 2761 1835 2819 assurrexis-

422 2851 638 2908 Ammcnicius.
1001 2854 1056 2913 εει,
1075 2847 1177 2922 jussus
1199 2851 1243 2905 εει
1264 2865 1284 2905 a
1305 2849 1404 2922 priore
1418 2848 1449 2906 in
1465 2849 1610 2921 gradibus
1634 2852 1739 2909 sedere
1763 2864 1834 2910 cau-

151 2939 420 2998 «liictatumtuum
429 2938 982 3023 qrremiecistipaulatimscribendoC
1000 2951 1127 3010 samque
1153 2953 1240 2994 suam
1269 2952 1372 2995 corarn
1400 2938 1533 2997 recitare.
1567 2939 1634 3009 Qui,
1663 2955 1734 2998 mox
1759 2941 1833 2998 obe-

114 3045 212 3104 usque
232 3031 292 3086 huc
310 3039 423 3103 repere,
451 3033 520 3103 post
543 3029 613 3086 hinc
637 3045 758 3086 necesse
782 3034 827 3086 εει
851 3033 884 3086 ιιι
908 3029 948 3086 ιιι-
1001 3027 1086 3082 diens
1100 3026 1217 3100 etquid
1231 3043 1340 3099 pessus
1354 3027 1390 3084 sit
1404 3028 1435 3085 in
1461 3027 1588 3086 infantia
1602 3029 1728 3087 breviter
1741 3043 1833 3104 expc-

116 3119 178 3176 cias
197 3133 325 3186 currere,
342 3135 377 3176 aa
391 3117 528 3176 videlicet
540 3117 654 3176 ratione
666 3134 727 3193 quo
744 3117 858 3192 aliquid
874 3123 947 3176 tem·
1001 3113 1099 3185 diana,
1114 3113 1258 3172 indicavit
1271 3131 1302 3172 se
1317 3116 1356 3172 ab
1371 3123 1439 3173 octo
1465 3118 1552 3173 annis
1577 3129 1673 3192 usque
1696 3119 1726 3176 in
1748 3119 1833 3176 illurn

115 3209 226 3282 pestive
240 3207 363 3278 colliges
375 3207 421 3265 vel
435 3205 618 3276 conscribas,
635 3207 717 3281 qnod
742 3207 774 3263 in
788 3207 948 3264 festivitate
1001 3203 1082 3260 diem
1098 3203 1229 3278 paralysi
1248 3219 1313 3261 asse
1336 3205 1479 3274 solutum,
1502 3205 1662 3280 officioque
1684 3218 1834 3264 manuum

116 3295 146 3354 S.
160 3293 385 3358 Emmcrammi,
397 3307 465 3368 quea
476 3295 540 3366 jam
552 3293 658 3351 iaciem
668 3295 950 3369 preparansquod-
1001 3293 1188 3358 destitutum,
1204 3305 1258 3350 nec
1278 3303 1339 3350 non
1359 3293 1472 3368 pedum
1489 3302 1660 3368 acquestus
1682 3301 1727 3352 est
1749 3296 1833 3369 peni-

115 3383 355 3441 dammodosuis
369 3384 479 3441 arridet
493 3397 607 3440 novum
627 3383 747 3454 otiores,
772 3387 875 3456 utpote
898 3388 949 3440 tuo
1002 3388 1049 3439 tus
1063 3382 1195 3440 caruisse
1207 3383 1336 3440 incessu.
1352 3385 1434 3440 lunc
1458 3385 1549 3460 petito
1573 3385 1685 3459 pariter
1706 3389 1735 3442 ει
1757 3400 1834 3459 praa-

117 3473 240 3547 specieli
255 3479 393 3546 patrono,
408 3472 471 3528 imo
486 3473 641 3529 communi
655 3472 792 3529 omnium
814 3486 950 3546 quaeren·
1002 3473 1069 3529 stilo
1097 3471 1218 3541 baculo,
1249 3471 1322 3546 quia
1353 3476 1476 3548 propter
1509 3478 1664 3530 nutantem
1698 3487 1835 3546 messum

116 3563 192 3618 tium
205 3561 366 3618 Dominum
381 3559 499 3618 fautori.
514 3583 527 3611 r
1001 3577 1078 3635 opus
1093 3565 1157 3618 arat
1171 3561 1269 3619 alieno
1295 3559 1508 3634 sustentaculo,
1532 3562 1665 3620 crucifixi
1689 3563 1730 3620 ob
1754 3577 1836 3620 amo

436 3651 632 3708 Collectitr'as.
1000 3667 1064 3707 rem
1090 3654 1119 3707 ει
1141 3665 1227 3724 sporn
1248 3650 1465 3724 Redemptoris,
1490 3665 1545 3726 pro
1568 3667 1630 3726 quo
1650 3651 1764 3708 affusus
1789 3655 1837 3708 est

156 3761 170 3792 c
185 3741 256 3798 liovi
270 3751 319 3797 me
334 3738 373 3796 ad
397 3739 427 3796 id
442 3737 700 3810 valdaindignum
726 3742 758 3794 ut
781 3739 854 3796 mihi
878 3755 949 3812 pcc·
1002 3746 1170 3814 martyrum
1197 3741 1331 3812 sanguia,
1362 3741 1476 3816 accepit
1504 3757 1635 3812 crucem,
1664 3753 1718 3814 per
1740 3755 1835 3814 quam

117 3829 211 3887 calori
257 3829 406 3886 vindicem
451 3825 525 3884 tanti
563 3827 683 3901 patroni
723 3827 948 3900 specialitatem.
1002 3826 1152 3884 oredimus
1165 3833 1195 3885 ει
1218 3829 1329 3886 scimus
1353 3829 1490 3885 humano
1513 3830 1613 3898 generi
1637 3827 1742 3884 datam
1765 3827 1837 3884 ildei

116 3917 243 3976 Proinde
267 3917 440 3975 humiliatus
455 3919 526 3990 opto
539 3921 571 3972 ut
583 3915 721 3988 parvitati
746 3928 820 3972 mete
843 3916 951 3972 saltem
1001 3916 1111 3983 lucem,
1129 3916 1232 3990 sicque
1253 3917 1382 3990 praevius
1402 3915 1601 3972 multitudinis
1620 3915 1683 3970 dux
1708 3914 1839 3986 perrexit

115 4009 300 4066 concedatur
314 4021 367 4081 per
384 4019 488 4080 preces
502 4005 593 4073 llllus,
607 4009 759 4078 quatenus
773 4018 843 4061 curn
864 4011 950 4062 caete-
1003 4003 1043 4064 ad
1059 4007 1202 4062 Sanctum
1217 4009 1345 4070 Petrum,
1362 4021 1393 4060 εε
1409 4019 1478 4060 curn
1494 4003 1613 4060 novelle
1628 4002 1838 4075 sanitataprce·

115 4097 157 4155 ris
171 4095 310 4153 fidelibus
324 4093 463 4168 amplecti
477 4092 596 4150 valeam
619 4093 866 4149 oonrmunionem
881 4092 952 4149 bea·
1004 4099 1128 4152 sentens
1143 4095 1305 4168 episcopali
1330 4091 1404 4161 sedi,
1429 4099 1462 4149 ut
1486 4098 1515 4150 ct
1528 4093 1629 4168 plures
1653 4095 1839 4163 contingeret

117 4191 190 4242 tam.
205 4183 267 4241 Sub
279 4185 369 4256 buius
381 4197 453 4254 ergo
467 4182 509 4239 rei
528 4179 684 4238 allectione
698 4179 859 4252 aggrediar
883 4197 951 4254 quae
1003 4185 1145 4241 interesse
1160 4181 1450 4255 gaudiacornmunl,
1474 4187 1504 4240 ει
1526 4183 1590 4257 ipsc
1610 4181 1735 4257 impiere
1758 4182 1839 4240 vide-

115 4279 285 4350 scquuntur
303 4272 422 4330 cudere.
450 4271 506 4329 Per
533 4271 695 4328 annualem
709 4272 792 4344 atqui
812 4283 949 4342 cursum,
968 4322 988 4376 D
1004 4275 1085 4326 retur
1096 4269 1179 4342 quod
1195 4269 1340 4324 Dominus
1353 4268 1384 4324 in
1398 4268 1556 4340 Evangelio
1571 4267 1663 4326 dicit:
1678 4270 1729 4339 lta,
1740 4273 1838 4332 osten

116 4361 271 4430 redeunte,
286 4361 423 4438 ejusdem
438 4360 557 4435 patroni
580 4358 674 4416 nostri
698 4375 780 4432 saepe
803 4359 951 4416 nominati
1004 4359 1065 4416 dite
1084 4373 1138 4414 vos
1159 4357 1367 4414 sacerdotibus
1386 4359 1471 4430 (ale).
1495 4356 1537 4414 lbi
1561 4373 1579 4414 a
1601 4355 1838 4416 llatrioularibus

118 4455 290 4528 sepiusque
304 4451 482 4509 nominandi
497 4449 630 4507 natalitio
644 4449 703 4520 dis,
726 4449 766 4506 ob
789 4449 875 4506 solita
900 4449 952 4505 be·
1004 4446 1130 4505 consilio
1145 4451 1270 4520 accepto
1281 4462 1319 4504 nc
1333 4459 1403 4506 eum
1416 4459 1527 4503 novem
1540 4447 1677 4517 ingratus
1688 4447 1836 4513 existmet,

119 4541 236 4612 neileia,
252 4546 434 4600 convenerat
446 4541 516 4598 illuc
531 4539 618 4598 turha
631 4555 693 4597 non
708 4539 837 4597 modrca.
859 4543 951 4598 Cum·
1006 4538 1059 4594 sed
1074 4551 1229 4607 regressus
1243 4536 1312 4593 illuc
1326 4535 1378 4593 ubi
1394 4536 1496 4594 salutis
1511 4536 1592 4592 dona
1605 4534 1746 4606 suscepit,
1767 4547 1838 4588 cum
1885 4571 1890 4578 -

120 4649 179 4708 quc
193 4630 235 4690 ibi
249 4645 304 4707 par
326 4631 430 4689 divine
450 4629 551 4688 officia
576 4633 635 4687 ileo
661 4635 690 4686 at
712 4629 824 4686 sanctie
850 4629 953 4686 oblata
1005 4626 1134 4694 decimo,
1158 4625 1188 4681 id
1203 4629 1248 4682 εει
1263 4625 1462 4695 Samaritano,
1478 4635 1607 4694 magnae
1631 4619 1744 4692 gratim
1767 4634 1837 4691 ege·

120 4723 370 4781 assentiendum
396 4721 552 4794 saarrfiaia,
576 4735 611 4778 ac
631 4735 693 4777 non
718 4719 835 4793 absque
860 4720 953 4790 signis
1005 4721 1059 4790 ret,
1074 4719 1137 4772 tota
1150 4731 1227 4791 psnc
1242 4715 1359 4771 civitate
1374 4714 1533 4770 comitatus
1551 4709 1591 4768 ad
1607 4712 1635 4768 d.
1652 4713 1837 4768 Emmeram·

119 4819 149 4870 et
162 4813 315 4870 musculis
335 4812 387 4870 rite
412 4817 534 4886 peracta
558 4809 656 4868 iorent
680 4807 837 4880 solemnia,
862 4825 954 4866 unus·
1008 4821 1092 4863 mum
1106 4811 1151 4862 est
1165 4819 1310 4862 reversus.
1328 4803 1379 4859 llla
1393 4802 1536 4858 nimirum
1562 4799 1612 4856 die
1631 4813 1685 4872 per
1711 4797 1837 4871 plateas,

120 4904 249 4977 quisque
276 4917 346 4960 cum
361 4903 472 4974 gaudio
491 4901 636 4958 remeavit
659 4900 699 4958 ad
721 4899 854 4975 propria.
879 4903 954 4956 l'nm
1007 4896 1069 4952 imo
1082 4894 1250 4968 peremnia
1264 4891 1524 4964 ltadsponensinrn
1539 4889 1623 4947 urbia
1645 4889 1721 4954 loca,
1742 4889 1838 4959 Hyrie

121 4991 245 5063 contigit
268 4991 432 5068 quamdam
453 5005 630 5066 pauperem,
654 4989 706 5064 qni
729 5004 798 5047 cnm
824 4989 890 5046 aliis
915 4989 954 5046 ed
1007 4987 1116 5043 ειειεοη
1139 4982 1277 5040 sonabat.
1303 4981 1420 5038 Ceriale
1445 4981 1554 5037 ειειεειι
1579 4977 1752 5034 resultabat.
1777 4978 1838 5034 Dec

119 5087 205 5139 ιειιιε
230 5081 342 5152 gaudia
364 5079 406 5138 ire
429 5079 568 5148 decrevit,
593 5092 648 5134 nec
672 5079 826 5152 parvenire
848 5078 953 5153 potuit,
1006 5076 1133 5146 pretias,
1146 5068 1453 5142 gramvicissitudine,
1469 5066 1735 5135 intertiumabbis,
1750 5067 1838 5123 intar-

119 5169 171 5226 vix
184 5168 351 5228 tandcmin
374 5170 422 5227 die
447 5167 575 5244 septima
598 5167 638 5224 ad
658 5169 792 5240 cupitum
815 5169 917 5226 locum
937 5183 955 5224 a
1007 5163 1081 5219 dum
1095 5161 1134 5218 ab
1149 5159 1206 5216 illis
1220 5159 1387 5228 dicebatur,
1404 5161 1493 5230 atque
1507 5157 1539 5214 ln
1551 5157 1633 5214 bunc
1647 5156 1774 5214 modurn
1783 5156 1839 5212 iter

122 5257 185 5315 ruis
198 5256 323 5334 perduci
336 5269 446 5332 posse;
466 5261 531 5314 erat
552 5254 633 5311 enirn
656 5253 850 5328 paralyticus,
872 5261 899 5312 st
921 5261 955 5310 ut
1006 5251 1076 5308 ildai
1092 5249 1132 5307 ab
1145 5249 1288 5307 omnibus
1303 5247 1463 5304 terebatur.
1480 5250 1512 5303 ln
1530 5246 1741 5304 ecclcsiavero
1754 5250 1839 5303 unta

121 5347 165 5403 ita
176 5347 285 5417 dacin,
299 5349 369 5418 ptus
386 5361 476 5419 quom
489 5344 617 5403 omacius
627 5343 699 5418 (ata)
717 5341 758 5400 ob
770 5343 830 5403 noc
852 5343 955 5417 itaque
1008 5339 1164 5398 auscultatio
1177 5338 1232 5395 luit
1243 5340 1337 5394 Deum
1346 5335 1535 5395 laudantium
1544 5341 1573 5394 ει
1581 5340 1649 5404 octo
1659 5351 1756 5404 annos
1768 5350 1838 5392 cum

172 5477 236 5542 rte)
248 5473 268 5531 1
280 5473 349 5532 Gor.
365 5488 426 5530 1111.
1055 5467 1107 5522 ιιι
1136 5463 1201 5521 illia
1214 5463 1320 5520 littera.

171 5548 224 5604 til
249 5546 334 5604 Rom.
349 5561 408 5602 xm.
1044 5465 1106 5684 {tit
1133 5535 1199 5594 atie
1211 5534 1316 5595 littera

170 5546 236 5689 atti
250 5616 318 5677 tlte
329 5615 435 5676 litura
1056 5609 1111 5667 ara
1133 5609 1207 5668 Lan.
1221 5619 1290 5666 m.
