3998 6182
117 160 172 216 ear
659 141 661 145 ’
882 151 1062 212 aristeum
1773 179 1826 234 aaa

113 279 237 352 sanguis
249 278 347 351 erupit
362 278 399 334 de
415 282 502 349 terra,
519 285 548 336 et
562 283 623 336 tota
642 279 690 337 die
716 279 811 346 fluxit,
833 275 981 348 signifi-A
998 283 1026 335 et
1039 279 1219 342 refocillatus
1229 289 1274 342 est
1285 286 1429 360 populus.
1442 288 1608 348 Areaenim
1617 295 1676 352 Noa
1687 295 1825 371 delignis

111 386 186 428 cans
214 368 453 446 dominationem
483 369 647 425 Gothorum
675 368 839 425 sublatam.
871 369 944 421 ltem
998 367 1227 448 fabricataquid
1243 374 1467 446 significatnon
1481 375 1633 448 ignoratis.
1655 387 1688 440 ln
1713 387 1823 460 quibus

12 491 14 500 ‚
111 458 236 518 Historia
245 457 515 527 Langobardorum
528 457 605 514 libro
621 473 661 526 ru,
677 473 744 532 cap.
761 460 799 513 6:
828 477 843 504 «
859 457 943 512 Tem·
997 458 1139 518 omnibus
1153 479 1207 536 per
1220 464 1336 536 lignum
1349 466 1478 524 nonnisi
1492 466 1824 536 miscricordiamsuam

112 564 185 622 pore
201 545 397 604 Theodeberti
407 545 485 616 regis
497 546 682 603 Francorum
689 545 812 616 signum
823 541 945 613 sangui-
997 548 1142 607 Dominus
1156 558 1296 626 operatus
1309 559 1361 613 est.
1374 555 1448 622 Quia
1458 556 1549 628 igitur
1557 556 1597 614 de
1609 557 1693 629 ligno
1705 567 1827 634 sanguis

113 638 226 695 nemin
243 635 318 693 coelo
337 635 486 710 apparuit,
500 639 529 692 et
535 636 622 708 quasi
637 636 729 693 hastae
757 633 941 704 sanguineae.
996 634 1166 708 lavabatur,
1181 641 1309 700 ereditur
1322 644 1406 718 quod
1415 661 1470 719 per
1484 645 1694 719 poenitcntiam
1708 653 1736 706 et
1756 651 1829 709 elee-

113 730 156 784 ΕΟ
183 731 316 801 tempure
348 724 412 798 ipse
447 724 670 782 Theodebertus
704 740 774 780 cum
804 721 943 779 bethario
996 741 1169 800 mosynarn,
1190 735 1218 788 et
1245 737 1367 791 eeteros
1392 735 1507 792 tructus
1535 737 1759 810 misericordia,
1775 742 1829 815 qui

112 815 265 872 avunculo
280 829 334 869 suo
349 812 463 870 bellum
487 828 606 883 gerens,
622 813 687 885 ejus
715 812 878 869 exercitum
891 827 943 868 ve·
995 813 1075 872 intra
1085 817 1184 875 sinum
1196 822 1299 878 matris
1315 824 1448 881 Ecclesiae
1475 833 1660 898 exercentur,
1684 830 1828 888 severitas

111 904 268 961 hemeuter
282 900 658 959 afflixit.»ltemineadem
674 900 799 958 Historia
815 917 821 956 :
835 902 943 957 «Tem-
996 907 1024 960 et
1036 903 1203 976 indignatio
1215 909 1287 981 justi
1300 911 1411 969 tudieis
1426 914 1487 982 Dei,
1511 932 1579 990 qure
1594 919 1699 978 merito
1721 935 1828 994 pecea-

111 991 238 1066 poribus
251 990 410 1049 iustiniani
425 989 457 1046 in
472 990 628 1064 provincia
651 989 803 1063 praecipue
818 987 944 1059 Ligurioe
996 993 1112 1051 toribus
1128 995 1263 1066 debetur,
1279 1003 1307 1055 et
1317 999 1357 1056 ad
1369 1003 1605 1064 misericordiam
1616 1010 1711 1084 possit
1724 1011 1827 1070 rellec·

112 1080 247 1138 maxima
257 1079 424 1154 pestilentia
438 1083 541 1136 exorta
556 1084 609 1136 est.
627 1077 731 1136 Subito
744 1077 824 1134 euim
852 1092 944 1150 appa·
996 1081 1026 1139 ti.
1039 1083 1202 1143 Misericors
1214 1091 1260 1144 est
1272 1088 1352 1145 enim
1366 1091 1511 1150 Dominus
1533 1095 1621 1169 adeo,
1646 1099 1723 1157 sicut
1745 1101 1824 1159 Psal-

112 1166 373 1242 rebantquaedam
386 1167 541 1238 signacula
556 1183 609 1240 per
632 1165 750 1237 domos,
767 1164 853 1234 ostia,
868 1180 943 1221 vasa
996 1171 1236 1246 mistaloquitur,
1254 1182 1357 1234 utnon
1383 1181 1477 1238 sotum
1493 1182 1635 1256 domines,
1657 1188 1708 1245 sed
1733 1193 1822 1249 etiam

113 1258 160 1314 vel
175 1257 360 1314 vestimenta.
376 1257 446 1319 Quae
456 1255 481 1311 si
496 1257 564 1329 quis
574 1255 718 1312 voluisset
731 1253 863 1323 abluere,
879 1268 943 1310 ma·
990 1261 1246 1332 Jumeatusutoet.
1263 1265 1541 1340 Omnipotenslleus
1549 1272 1652 1332 dilatet
1662 1275 1824 1352 imperium

114 1348 161 1418 gis
173 1346 331 1421 magisque
345 1344 541 1420 apparebant.
559 1349 626 1402 Post
653 1360 768 1403 annum
796 1359 868 1400 vero
895 1359 943 1400 cx·
995 1354 1137 1420 vestrum,
1161 1357 1190 1409 et
1215 1352 1337 1413 dextera
1358 1374 1414 1414 vos
1439 1375 1558 1434 semper
1581 1369 1732 1438 protegat,
1746 1373 1775 1424 et
1786 1370 1825 1426 ad

113 1435 405 1511 pletum,eoeperuut
424 1435 505 1492 nasei
524 1435 557 1492 in
581 1434 754 1506 inguinibus
783 1433 942 1490 hominum
996 1453 1102 1511 pacem
1128 1445 1237 1498 sanetae
1267 1443 1403 1502 Ecclesiae
1430 1446 1523 1506 vitam
1547 1451 1631 1508 vobis
1654 1453 1824 1526 longaevam

112 1525 161 1581 vel
176 1524 283 1582 inaliis
297 1522 547 1580 debilitatioribus
560 1522 634 1579 locis
647 1521 798 1595 glandulae
825 1521 856 1578 in
879 1537 943 1578 mu
994 1527 1116 1596 tribuat,
1139 1535 1168 1586 et
1193 1547 1250 1588 sua
1276 1550 1331 1590 vos
1365 1534 1575 1598 benedictione
1615 1541 1647 1598 in
1682 1545 1825 1603 omnibus

113 1614 188 1671 dum
203 1613 289 1671 nucis
301 1628 355 1669 seu
373 1611 495 1685 dactyli,
509 1628 586 1686 quas
602 1627 673 1669 mox
692 1610 873 1686 sequebatur
898 1610 975 1692 fe-p3
995 1623 1129 1676 exornet.

113 1703 214 1761 brium
242 1701 437 1759 intolerabilis
453 1707 553 1771 aestus,
570 1701 611 1760 ita
634 1706 664 1758 ut
682 1701 714 1758 in
738 1699 836 1758 triduo
849 1700 941 1757 homo
1294 1713 1463 1772 EPISTOLA
1481 1720 1526 1774 IV·

112 1793 362 1863 exstingueretur.
379 1791 430 1850 Sin
444 1808 514 1848 vero
539 1790 647 1865 aliquis
669 1790 802 1848 triduum
828 1794 941 1848 banse·
994 1812 1127 1856 runcoris
1151 1814 1357 1858 mnsosvouuu
1384 1819 1494 1863 contris
1509 1824 1546 1864 an
1560 1824 1706 1871 aosrrrur
1734 1832 1824 1874 ascen

112 1882 214 1953 gisset,
230 1880 363 1938 habebat
376 1897 462 1954 spem
476 1880 604 1938 vivendi.
626 1883 694 1937 Erat
713 1885 814 1937 autem
828 1878 941 1952 ubique
1243 1890 1338 1963 (circa
1352 1907 1467 1950 annum
1485 1899 1575 1970 1022).

111 1986 218 2043 pavor,
231 1969 344 2043 ubique
357 1969 464 2038 luctus,
489 1969 601 2043 ubique
621 1967 774 2042 lacryma.
806 1972 880 2026 Nam
908 1971 942 2024 ut
1028 1976 1156 2035 bomine
1170 1995 1225 2035 suo
1240 1979 1303 2051 regi
1329 1984 1458 2040 Ronsuro
1478 1988 1571 2045 Fusco
1590 1990 1824 2064 Andagavorum

113 2059 195 2132 vulgi
207 2074 312 2116 rumor
323 2057 455 2116 babebat
466 2057 606 2128 fugientis
620 2056 739 2114 cladem
752 2057 831 2128 vitae,
850 2055 939 2116 relin-
993 2080 1095 2123 comcs
1108 2066 1235 2124 salutem
1252 2072 1281 2124 et
1293 2067 1381 2127 fidele
1397 2072 1561 2132 servitium.

112 2147 284 2218 quebantur
296 2147 405 2204 domus
419 2147 543 2204 desertae
557 2146 789 2216 habitatoribus,
807 2147 878 2204 solis
893 2163 941 2203 oa·
1030 2154 1204 2212 Guillelmus
1219 2156 1406 2216 pictavorum
1421 2176 1535 2232 comes,
1549 2164 1639 2223 herus
1658 2185 1753 2240 meus,
1782 2172 1825 2230 lo-

111 2234 181 2291 tulis
191 2235 301 2292 domus
312 2235 512 2294 servantibus.
528 2236 648 2293 Peculia
658 2235 722 2294 sola
729 2237 938 2306 remanebant,
993 2250 1080 2302 eurus
1090 2251 1137 2304 031
1150 2247 1224 2304 mihi
1237 2263 1345 2322 nuper,
1358 2249 1461 2307 dicens
1476 2254 1570 2326 quod,
1581 2263 1746 2332 postquam
1760 2263 1824 2320 nali

109 2323 142 2380 in
155 2323 276 2398 pascuis
285 2323 367 2381 nullo
378 2329 495 2382 astante
510 2331 641 2398 pastore.
657 2325 800 2382 Cerneres
821 2325 940 2399 pridem
993 2335 1227 2394 discesserunta
1244 2337 1341 2407 vobis,
1358 2339 1449 2396 dlfflsi
1463 2343 1546 2415 quod
1559 2360 1614 2401 vos
1639 2363 1742 2420 regem
1769 2352 1823 2410 ha-

110 2413 196 2470 villas
223 2429 277 2471 sau
301 2419 401 2470 castra
427 2414 542 2488 replete
570 2414 744 2486 agminibus
769 2413 939 2484 hominum,
993 2423 1110 2497 herent,
1123 2425 1272 2497 petierunt
1286 2425 1382 2483 lilium
1396 2443 1486 2485 suum
1501 2431 1540 2487 ad
1567 2448 1679 2504 regem.
1709 2438 1824 2505 Quibus

111 2508 231 2577 postera
245 2503 293 2561 die
307 2503 454 2560 universis
478 2503 662 2574 tumentibus
691 2507 799 2561 «cuncta
823 2519 888 2560 esse
910 2503 941 2560 in
994 2511 1041 2568 ille
1056 2512 1167 2569 invitus
1182 2517 1366 2588 coactusque
1380 2517 1537 2589 respondit
1549 2523 1671 2581 tandem
1686 2529 1823 2602 acquies.

112 2591 623 2663 summ0⁸il0ssfi0·Fl¹810b8sslfiffis
637 2591 942 2667 ‘’adaltfainwlfflllfl
995 2616 1061 2657 cere
1076 2617 1108 2657 se
1122 2601 1269 2659 voluntati
1283 2619 1399 2676 eorum,
1415 2606 1440 2663 si
1451 2610 1650 2669 consentirent
1660 2614 1823 2676 illiscuneti

110 2684 271 2755 pareutum
285 2681 498 2755 relinquentes.
520 2683 671 2751 Parentes,
687 2681 769 2738 obliti
780 2681 898 2756 pietatis
911 2682 942 2738 in
995 2690 1185 2748 marchiones
1198 2691 1286 2749 nali&
1301 2696 1330 2750 et
1343 2693 1487 2770 episcopi,
1503 2713 1539 2755 30
1551 2702 1649 2759 ommi
1672 2705 1822 2768 meliores·

111 2769 235 2842 Viscera,
249 2775 337 2828 1¹³l⁰S
365 2770 580 2844 relinquebant
599 2775 769 2828 fflstllstflles·
795 2771 824 2829 Si
849 2787 942 2846 (luem
995 2780 1037 2837 llll
1047 2780 1250 2856 promiserunt
1263 2782 1347 2856 quod
1356 2789 1437 2842 recta
1448 2785 1508 2844 lide
1523 2788 1655 2850 lacerent
1669 2792 1735 2852 illos
1755 2814 1824 2855 con·

110 2858 186 2916 f⁰f²⁶
200 2859 326 2933 antiqua
340 2858 436 2933 Pietas
449 2857 678 2933 perstringebat,
694 2863 727 2916 ῑῑῑ
752 2859 840 2917 vellet
859 2876 942 2934 ⁵290·
995 2871 1114 2940 sentire,
1128 2871 1153 2928 si
1165 2877 1298 2945 possent.
1315 2877 1397 2932 Nunc
1412 2891 1484 2948 ergo
1499 2881 1625 2940 mandat
1637 2885 1737 2960 vobis,
1752 2905 1823 2962 pos-

110 2947 163 3005 11'1'0
175 2948 361 3022 Pfflflfflumr
372 2947 505 3005 restabat
519 2947 583 3020 59⁵⁰
610 2947 777 3022 insepultus
793 2967 800 3018 ἰ
827 2953 856 3006 ⁰2
867 2949 976 3042 dumo
995 2960 1094 3018 iulans
1105 2961 1276 3035 suppliciter
1287 2964 1415 3034 gratiam
1445 2973 1579 3027 vestram
1603 2973 1647 3045 [ut
1666 2975 1823 3037 detineatis

110 3036 348 3110 ⁰b⁵0q¹¹⁸b⁰²¹¹b
376 3035 590 3109 perimebatur·
617 3038 694 3093 Dum
733 3035 830 3093 funeri
856 3037 942 3094 Obffl·
994 3049 1133 3106 homines
1148 3049 1185 3106 de
1200 3051 1401 3124 botharingia,
1430 3058 1459 3112 et
1484 3059 1672 3122 fredericum
1699 3065 1821 3136 ducem,

109 3125 218 3199 ‘lnium
232 3125 396 3200 lll'oeb‘lbflb
412 3125 508 3200 ipsius
526 3123 618 3182 f¹¹¹¹¹¹⁸
632 3125 696 3182 ⁸5⁰⁹
706 3124 853 3200 0ΜΨ1ἰο
880 3143 942 3184 ma·
995 3143 1085 3213 atquc
1098 3138 1173 3198 alios
1186 3155 1264 3213 quos
1276 3141 1421 3214 poteritis,
1433 3151 1661 3211 neconcordant
1673 3171 1743 3212 cum
1753 3174 1824 3231 rege

109 3213 549 3272 nebat.Videressaecu1umin
562 3213 721 3287 antiquum
738 3214 942 3273 redactumsi·
995 3230 1087 3299 gono,
1114 3227 1297 3285 inflectendo
1338 3247 1391 3288 eos
1416 3239 1565 3306 quantum
1593 3241 1746 3312 quiveritis
1783 3248 1825 3305 ad

109 3303 424 3362 lentiumznullavox
438 3304 469 3361 in
483 3295 563 3372 rirre,
584 3303 684 3361 nullus
705 3305 820 3374 sibilus,
848 3305 938 3363 nulls
995 3316 1140 3374 auxilium
1168 3317 1255 3388 eJus.
1295 3318 1383 3377 Dabit
1413 3322 1501 3379 vobis
1526 3341 1582 3397 pro
1618 3329 1676 3389 hoc
1703 3337 1824 3406 negotio

105 3394 227 3452 insidiae
236 3393 403 3451 bestiarum
415 3393 446 3450 in
461 3393 639 3467 pecudibus,
665 3393 750 3451 nulla
774 3393 890 3452 damna
908 3395 939 3452 in
994 3405 1075 3463 mille
1097 3405 1191 3462 fibras
1219 3406 1424 3483 denariorum,
1454 3417 1483 3468 ,t
1508 3419 1630 3475 centum
1653 3421 1756 3494 pam-a,
1796 3428 1825 3484 et

106 3482 282 3541 domesticis
297 3482 479 3540 volucribus.
506 3485 574 3541 Sata
596 3487 786 3555 transgressa
807 3484 939 3541 mcoendi
993 3493 1123 3552 dominre
1161 3494 1273 3568 regina
1314 3499 1494 3559 consentia
1521 3505 1702 3581 quingentas
1729 3513 1824 3575 libras

106 3581 229 3648 tempus
255 3573 367 3630 intacta
391 3573 605 3646 exspectabant
641 3587 817 3631 messorem.
848 3575 939 3632 Vinea
992 3599 1199 3641 nummorum.
1220 3586 1291 3642 Orat
1315 3603 1370 3644 vos
1393 3593 1426 3647 ut
1452 3591 1516 3664 ipse
1540 3611 1608 3656 eam
1628 3600 1771 3675 salutetis,
1795 3611 1825 3664 et

107 3663 231 3720 amissis
253 3662 330 3720 toliis
358 3662 545 3720 radiantibus
572 3661 641 3718 uvis
668 3661 763 3720 illaesa
784 3663 937 3734 manebat,
992 3671 1088 3729 filium
1115 3676 1249 3731 vestrum
1273 3690 1376 3746 regem
1413 3695 1450 3736 ex
1476 3689 1560 3756 parte
1586 3703 1667 3746 sua:
1705 3698 1736 3752 et
1766 3709 1823 3767 ego

106 3752 208 3810 hieme
218 3751 450 3827 propinquante.
465 3750 622 3809 Nocturnis
637 3767 690 3808 seu
713 3751 829 3810 diurnis
856 3752 938 3810 horis
992 3779 1099 3836 precor
1108 3761 1269 3834 significari
1280 3764 1384 3824 litteris
1396 3775 1449 3828 aut
1459 3775 1572 3832 nuntiis
1581 3779 1656 3851 quid
1669 3783 1763 3841 animi
1771 3803 1824 3844 vo-

105 3841 293 3917 personabat
306 3839 393 3898 turba
406 3839 594 3911 bellantium,
604 3839 782 3897 audiebatur
802 3857 821 3898 a
848 3839 940 3914 pluri·
993 3851 1040 3908 bis
1056 3851 1094 3907 sit
1108 3868 1198 3926 super
1211 3853 1269 3910 hoc
1282 3855 1367 3928 quod
1379 3857 1443 3929 ipse
1457 3877 1512 3917 vos
1528 3869 1625 3935 rogat,
1656 3873 1688 3925 ut
1715 3887 1825 3931 renun-

104 3931 166 3989 bus
177 3931 267 4005 quasi
280 3947 418 3988 murmur
429 3929 587 3987 exercitus.
609 3929 695 3988 Nulla
708 3934 793 3987 erant
814 3930 954 4002 vestigia.
994 3939 1064 3997 tiam
1079 3939 1130 3996 illi
1146 3941 1225 4000 vale,

105 4019 354 4089 gommeantium
370 4019 472 4075 nullus
497 4016 676 4074 cernebatur
701 4033 883 4092 pereuss0r3
912 4023 941 4076 θῑ
1297 4033 1465 4092 EPISTOLA
1487 4040 1518 4094 V·

105 4112 211 4166 tamen
236 4107 334 4165 visum
369 4106 528 4165 oculorum
571 4105 755 4179 superabant
792 4106 942 4164 cadavera
1133 4131 1233 4174 ononis
1249 4132 1359 4176 contris
1373 4136 1410 4178 an
1424 4139 1569 4184 aonsaruu
1584 4143 1684 4191 uranu

105 4201 307 4254 mortuorum.
320 4195 483 4254 Pastoralia
497 4195 564 4252 loca
573 4194 788 4252 versaluerant
798 4194 829 4250 in
843 4194 941 4268 scpul-
1307 4208 1405 4278 (Amlo
1421 4214 1510 4287 ¹⁰24)-

106 4292 208 4344 turam
222 4285 393 4357 hominum,
410 4289 439 4342 et
451 4283 625 4342 habitacula
635 4285 770 4342 humana
785 4283 865 4342 iacta
879 4283 941 4340 tue·
1030 4293 1158 4351 bomine
1173 4310 1228 4352 suo
1244 4297 1306 4367 regi
1319 4301 1452 4360 Rornaro
1466 4321 1568 4366 comes
1581 4312 1651 4372 Ono.

105 4383 177 4435 rant
190 4376 331 4449 confugia
344 4375 517 4434 bestiarum.
537 4397 552 4426 a
568 4375 634 4432 llaec
647 4373 684 4430 de
700 4373 831 4431 historiis
841 4390 940 4448 pauca
1029 4386 1127 4440 Pauca
1142 4383 1203 4452 tibi,
1221 4385 1353 4461 domina,
1368 4390 1465 4452 dicere
1478 4396 1557 4470 volo,
1570 4401 1594 4458 si
1604 4404 1708 4463 audire
1720 4407 1823 4480 digne·

108 4465 353 4542 praenotavimus.
364 4465 450 4533 tluod
462 4463 648 4522 verocecidit
657 4479 748 4535 super
768 4467 896 4537 petram,
911 4467 940 4522 et
993 4472 1045 4530 ris.
1057 4475 1163 4531 Comes
1177 4473 1352 4547 bichardus,
1365 4482 1545 4560 tuustldelis‚
1557 4493 1675 4550 monuit
1685 4499 1823 4555 meveni-

108 4556 192 4614 ablui
213 4573 275 4614 non
300 4558 425 4630 poterat,
452 4554 571 4611 videtur
594 4552 764 4624 significare
775 4553 939 4612 aeclesiam
992 4577 1024 4619 re
1039 4561 1242 4636 adjustitiam,
1255 4572 1308 4624 aut
1321 4573 1525 4646 concordiam,
1539 4577 1576 4635 de
1590 4581 1719 4653 querelis
1745 4601 1823 4658 quas

107 4651 265 4714 sanetam3
279 4661 348 4719 quae
360 4659 452 4717 super
463 4647 590 4716 petram,
606 4640 690 4698 idest
702 4640 862 4714 Christum,
872 4641 939 4700 fun-
992 4650 1123 4708 habebat
1139 4656 1243 4712 contra
1257 4672 1316 4713 mc.
1332 4659 1394 4730 ligo
1409 4677 1480 4719 vero
1501 4663 1570 4722 misi
1589 4681 1714 4726 causam
1742 4671 1822 4730 hanc

106 4734 189 4804 data,
204 4733 427 4792 tribulationem
439 4747 568 4806 passura
583 4729 629 4788 sit.
660 4731 747 4797 Quod
762 4746 833 4788 vcro
848 4747 940 4806 super
992 4743 1087 4798 totam
1100 4740 1132 4799 in
1146 4758 1241 4800 manu
1255 4743 1359 4818 ipsius.
1373 4750 1448 4807 Tum
1462 4750 1511 4808 ille
1539 4769 1576 4811 ex
1601 4774 1750 4817 consensu
1770 4767 1822 4821 tuo

107 4837 231 4878 carnem
245 4821 376 4880 hominis
390 4825 419 4878 et
432 4821 643 4878 vestimentum
651 4820 676 4892 ej
682 4837 718 4877 us
728 4819 844 4888 cecidit,
855 4820 939 4877 ablui
993 4831 1145 4889 constituit
1154 4832 1228 4889 milii
1241 4834 1396 4907 placitum,
1408 4840 1532 4911 quando
1549 4848 1577 4901 et
1588 4846 1639 4903 ubi
1649 4847 1706 4906 hoe
1720 4851 1824 4924 perlici

106 4915 235 4984 poterat.
248 4914 312 4970 Non
321 4911 486 4982 incongrue
497 4910 642 4985 accipitur
649 4926 703 4984 per
713 4926 835 4967 carnem
843 4926 939 4984 popu·
992 4924 1105 4993 posset.
1123 4919 1182 4978 Sed
1191 4921 1320 4979 instante
1331 4925 1458 4984 termino
1474 4933 1593 4990 eumad
1607 4935 1665 4992 boc
1679 4954 1824 5012 peragen-

104 4998 937 5074 lus,pervcstimcntumsubstantiaquaeadadjutorium
992 5007 1823 5098 dumparatusessem,mandavitnribinamelatigarem

105 5089 200 5162 hujus
208 5089 276 5147 vitae
283 5089 372 5148 nobis
388 5089 571 5147 conceditur.
588 5088 780 5158 lignoetiam
792 5088 882 5147 datur
889 5089 937 5147 in-
993 5097 1033 5154 ed
1042 5095 1214 5153 condictum
1222 5097 1367 5171 placitum
1377 5105 1536 5180 veniendo,
1548 5110 1689 5184 quianon
1701 5121 1823 5180 erattibi

106 5177 199 5250 telligi
212 5179 298 5238 vitale
307 5179 425 5252 lignum
440 5183 551 5236 sanctae
580 5177 685 5246 crucis,
702 5182 730 5235 et
750 5179 937 5253 baptismum
993 5182 1076 5241 cordi
1091 5182 1182 5240 ubam
1187 5184 1432 5257 justificationem
1443 5191 1504 5250 sive
1514 5201 1707 5261 concordiam
1713 5208 1823 5283 recipe-

106 5283 171 5341 quo
186 5284 291 5326 sumus
306 5268 472 5340 regenerati
486 5266 526 5323 ad
537 5265 771 5337 vitambignum
782 5267 937 5326 adhumo
992 5269 1156 5329 renisihoc
1168 5276 1285 5340 tantum
1295 5281 1327 5333 ut
1341 5276 1453 5336 iaceres
1470 5283 1544 5342 mibi
1562 5287 1722 5353 defendere
1739 5301 1824 5371 quod

105 5373 172 5414 rem
188 5374 276 5432 aquae
285 5359 412 5416 virescit.
430 5360 465 5413 Et
476 5354 747 5430 quandctudaicus
758 5357 889 5430 populus
906 5358 937 5415 lu
993 5375 1159 5417 ncnessem
1166 5362 1568 5434 dignusullumbeneflcium
1575 5383 1823 5448 teneredete.Nac

106 5461 212 5503 cremo
226 5446 326 5518 sitivit,
336 5451 365 5504 et
374 5462 435 5521 pree
447 5443 646 5501 amaritudine
656 5458 752 5515 aquas
763 5443 865 5501 bibere
875 5461 938 5502 non
994 5448 1227 5524 sibicompetere
1241 5454 1370 5526 dicebat,
1382 5463 1577 5524 utmeadtale
1583 5470 1733 5541 judicium
1742 5477 1823 5535 exhi·

106 5535 215 5609 potuit,
227 5534 353 5609 jubente
368 5534 495 5592 Domino
518 5531 598 5589 misit
627 5534 742 5606 ltoyses
766 5531 882 5603 lignum
904 5534 936 5590 in
993 5538 1078 5596 beret
1088 5539 1152 5597 sine
1163 5548 1441 5621 conventuparium
1451 5569 1586 5615 suorum.
1599 5561 1666 5618 llaec
1677 5573 1822 5627 causaest

107 5639 233 5698 aquam,
245 5629 273 5682 et
282 5640 427 5682 conversa
439 5627 483 5680 est
495 5620 664 5681 amaritudo
676 5618 708 5679 ln
733 5619 935 5697 dulcedinem,
993 5643 1047 5686 cur
1058 5627 1111 5687 tibi
1126 5629 1165 5687 ad
1175 5630 1319 5705 placitum
1329 5652 1392 5696 non
1402 5644 1526 5702 occurri.
1538 5645 1686 5723 Seddcte,
1699 5651 1822 5716 domine

396 5713 519 5771 Panos.
535 5709 620 5771 llllld.
1555 5738 1590 5793 ³0
