4002 6174
149 167 193 222 ωε
521 120 523 124 ’
604 169 651 228 rr
666 167 842 228 marran
860 165 1150 230 remissarum.
1169 173 1260 233 raas
1277 174 1394 236 aaron
1800 177 1854 238 sca

319 287 323 293 ’
725 293 1274 360 mulnssnnsnnmacasnnsus

179 411 405 472 Valentinianus
418 431 489 473 cum
502 415 725 478 meardenae
738 434 836 477 annos
849 421 882 475 ll.
896 417 1103 477 Valentiniano
1115 439 1188 495 ergo
1200 425 1232 482 in
1243 424 1304 484 lide
1325 424 1475 484 catholica
1495 423 1623 484 fideliter
1648 429 1854 500 pemanente,

148 503 237 559 irater
250 519 323 560 suus
335 503 442 561 Valens
452 504 493 562 ab
507 506 641 564 Eudoxio
654 508 781 566 Arriam
794 505 939 581 episcopo
948 507 1159 582 rebaptisatus,
1176 513 1354 572 christianos
1367 512 1608 588 permquiturdn
1617 515 1736 572 tantum
1747 517 1781 572 ut
1793 529 1855 572 sua

148 592 300 666 potestatis
311 592 430 651 decreto
443 596 611 652 monachos
623 596 761 669 militare,
768 595 964 669 nolentesque
972 595 1101 655 bmbbus
1106 599 1224 673 iuberet
1234 601 1369 662 interfici.
1384 605 1444 660 Hoc
1453 605 1590 677 tempore
1599 616 1675 673 gens
1689 605 1856 674 Hunorum,

148 679 200 738 diu
212 680 375 738 inaccessis
388 682 506 740 seclusa
519 683 685 755 montibus,
701 685 857 760 repentina
870 683 955 742 rabie
970 685 1083 758 percita
1092 690 1202 748 exarsit
1214 690 1246 748 in
1256 691 1377 761 Gothos,
1386 705 1497 766 eosqrne
1505 689 1636 766 sparsim
1650 690 1856 760 conturbatos,

148 770 188 827 ab
200 770 333 844 andquis
346 771 467 829 sedibus
482 773 559 831 ultra
572 775 744 832 Danubium
759 772 883 849 expulit.
899 772 954 840 Qui
967 788 987 831 a
999 774 1121 833 Valente
1142 777 1322 852 imperatore
1335 780 1398 840 sine
1412 796 1567 840 armornm
1591 779 1780 854 depositione
1794 795 1858 836 sus·

148 859 233 933 cepti,
260 875 332 916 mox
357 859 437 918 lame
448 877 503 935 per
516 862 676 920 avaritiam
687 861 767 920 illins
786 861 826 920 ad
841 859 1050 920 rebeHandum
1076 865 1170 922 coacti
1184 871 1263 936 sunt,
1279 867 1418 942 victoque
1442 867 1631 943 imperatoris
1645 867 1787 938 examita,
1803 882 1858 942 par

148 947 302 1005 Thraciam
313 948 524 1023 discurrentes,
533 951 639 1008 omnia
652 949 796 1022 caedibus,
807 949 966 1020 incendiis,
978 950 1154 1026 rapinisque
1162 959 1328 1012 vastarunt.
1339 955 1514 1016 Ambrosius
1525 961 1556 1014 et
1569 956 1709 1016 lardum
1722 953 1858 1033 episcopi

148 1034 327 1104 claruerunt,
343 1041 371 1096 et
386 1038 471 1095 Gothi
485 1038 615 1096 haretici
629 1037 698 1096 lacti
713 1042 791 1095 sunt.
806 1040 846 1094 Ho
862 1039 918 1111 (53)
934 1042 1068 1112 tempore
1084 1055 1159 1111 gens
1173 1041 1411 1100 Alamannorum
1425 1058 1521 1117 prava
1533 1059 1568 1102 ac
1582 1045 1713 1118 pessima
1726 1043 1854 1104 rebella·

147 1129 254 1182 verunt
280 1129 386 1183 conus
406 1125 646 1185 Valentinianum
671 1127 893 1200 imperatorem.
919 1125 974 1192 Qui
994 1125 1063 1184 victi
1080 1129 1120 1186 ab
1144 1145 1190 1200 eo,
1215 1147 1307 1206 super
1330 1129 1500 1190 Danubium
1522 1131 1649 1190 Humum
1662 1132 1814 1203 iugerum,
1828 1135 1858 1190 et

148 1214 331 1272 intraverunt
344 1214 485 1273 Meotidas
498 1215 636 1290 paludes.
653 1215 730 1273 Dixit
741 1220 842 1274 autem
856 1215 1021 1289 imperator
1037 1233 1043 1272 :
1061 1217 1236 1292 Quicunque
1246 1220 1383 1291 potuerat
1396 1219 1522 1278 rhtroire
1538 1220 1572 1276 irs
1583 1220 1711 1290 paludes
1720 1222 1805 1292 blas,
1828 1227 1856 1278 et

148 1308 262 1375 pensan
272 1305 360 1361 estam
370 1319 500 1374 pravam
514 1306 644 1376 ejecerit,
659 1304 819 1362 concedam
834 1305 875 1361 eis
891 1303 1006 1361 tributo
1020 1305 1150 1364 decuria
1161 1308 1250 1364 onais
1266 1311 1309 1364 tl).
1326 1307 1414 1374 Quod
1424 1307 1580 1366 audientes
1591 1307 1723 1380 Troiani,
1737 1308 1791 1382 qui
1812 1323 1857 1365 re-

147 1391 245 1466 liquice
260 1398 346 1450 erant
357 1393 504 1451 exercitus
516 1393 673 1451 Antenoris
686 1392 826 1465 fugientis
843 1392 882 1449 de
896 1393 998 1466 Troia,
1012 1397 1043 1451 et
1055 1409 1127 1452 cum
1140 1396 1225 1469 sequi
1237 1411 1300 1453 non
1310 1396 1454 1466 valentes,
1470 1400 1502 1454 tr
1517 1395 1600 1454 milia
1626 1396 1753 1468 ingressi
1766 1395 1861 1455 neod-

147 1478 202 1536 das
216 1480 354 1554 paludes,
366 1481 453 1552 juxta
467 1481 610 1538 terminos
624 1480 786 1538 Pannoniae
806 1479 1033 1538 edificaverunt
1053 1481 1203 1541 mvitntem
1215 1483 1338 1542 nomine
1354 1483 1565 1555 Sicambriam,
1590 1483 1862 1558 habitaveruntque

147 1567 205 1626 illie
218 1569 320 1626 multis
335 1569 433 1638 annis,
449 1569 547 1628 donec
563 1573 717 1628 creverunt
727 1569 758 1625 in
769 1573 888 1641 gentem
903 1583 1059 1641 magnam.
1084 1572 1214 1643 ingressi
1238 1578 1361 1648 propter
1374 1571 1583 1630 remissionem
1607 1569 1791 1630 decennium
1812 1571 1863 1630 tri·

147 1657 291 1715 butorum
304 1662 375 1732 post
388 1658 564 1729 Almannos,
583 1657 794 1716 interlecenmt
822 1673 887 1716 eos.
915 1661 996 1716 Tunc
1011 1659 1174 1733 appellarit
1195 1659 1263 1719 illos
1275 1661 1424 1734 Troianos
1448 1659 1675 1720 vdmimsnus
1700 1659 1864 1734 imperator

147 1747 241 1803 Attica
253 1745 357 1818 lingrra
369 1749 511 1812 Francos,
523 1748 581 1805 boc
595 1751 639 1804 est
651 1748 739 1820 leros,
754 1763 774 1804 a
788 1746 898 1805 dumba
909 1747 958 1805 vei
971 1746 1101 1806 audacia
1113 1747 1212 1806 cordis
1240 1765 1356 1808 eorum.
1375 1751 1482 1808 Postea
1506 1748 1622 1821 egessi
1639 1762 1660 1807 a
1686 1747 1862 1819 sicambria,

146 1841 296 1892 venerunt
307 1835 339 1892 in
354 1835 544 1894 Germaniam
554 1837 640 1909 juxta
647 1837 785 1894 Rhenum
798 1835 935 1906 lluvium,
950 1836 1096 1896 babentes
1110 1853 1202 1912 super
1214 1855 1247 1897 se
1260 1837 1338 1898 duos
1352 1837 1514 1912 principes,
1526 1838 1682 1898 Priamum
1694 1841 1725 1896 at
1736 1841 1865 1898 Annae

147 1939 224 1980 rem.
239 1924 295 1990 Qui
306 1923 484 1982 rebellantes
500 1929 604 1982 contra
618 1928 770 1983 Romanos
783 1925 854 1982 victi
863 1929 942 1995 sunt,
953 1925 994 1984 ab
1005 1927 1176 1985 Aristarcho
1186 1927 1321 2003 principe
1331 1927 1444 1986 militia
1455 1930 1485 1986 et
1495 1925 1608 1986 tributo
1615 1923 1863 1997 subjectionis·

150 2013 284 2086 ubisque
298 2013 445 2087 praedictis
458 2013 654 2088 principibus.
667 2017 780 2072 Hortno
793 2018 895 2070 autem
910 2015 1053 2073 Sunnme
1068 2015 1200 2090 (bilibio
1215 2016 1383 2086 Antermris,
1397 2019 1427 2074 et
1448 2015 1643 2075 Herebomire
1656 2013 1719 2074 tillo
1744 2013 1863 2084 Priami,

147 2099 201 2173 qui
216 2115 311 2174 super.
322 2103 452 2158 Francos
462 2102 609 2160 detunctis
624 2101 760 2176 patribus
771 2107 983 2174 regnaverunt,
996 2103 1152 2176 elegerunt
1164 2105 1392 2164 Taramundum
1407 2103 1590 2164 numinis
1601 2103 1708 2172 ibam,
1724 2107 1755 2160 et
1764 2102 1863 2164 clera·

146 2192 256 2244 rerunt
269 2205 340 2246 eum
353 2205 443 2264 super
456 2207 488 2247 ss
497 2206 600 2262 regem
608 2190 757 2247 crinitum.
770 2192 883 2248 beinc
897 2191 1001 2249 Franci
1010 2192 1133 2251 crinitos
1146 2193 1351 2266 regnababerc
1360 2197 1516 2268 caeperunt
1524 2208 1621 2267 usque
1631 2190 1673 2250 ad
1684 2189 1865 2250 Hildericunr

146 2293 258 2348 regem,
275 2278 364 2349 cujus
377 2278 531 2353 Pippinus,
547 2279 651 2351 magni
666 2278 839 2353 Caroli,qu
854 2280 1076 2352 majordomus
1090 2281 1268 2356 vocabatur,
1283 2286 1380 2355 pater,
1394 2295 1523 2354 regnam
1537 2279 1628 2338 simul
1642 2295 1713 2338 eum
1740 2280 1864 2339 nomine

147 2365 257 2438 rapuit.
273 2369 387 2423 Hortuo
398 2365 600 2439 Faramundo,
610 2367 748 2440 regnavit
759 2367 894 2425 chlodio.
916 2372 985 2426 Post
1010 2369 1186 2428 Clodianam
1200 2370 1367 2442 Heroingus
1393 2369 1461 2442 (bil,
1487 2384 1582 2442 aquo
1593 2367 1699 2426 Franci
1724 2369 1865 2441 Heroinffl

147 2455 246 2512 vocati
260 2459 339 2512 sunt.
355 2457 425 2514 Post
435 2455 620 2528 Heroingum
634 2455 714 2513 tilius
728 2473 803 2513 suus
818 2456 1000 2526 baldericus,
1014 2463 1100 2533 pater
1118 2457 1281 2517 Gblodorei
1294 2458 1373 2529 regis
1381 2456 1485 2525 incliti,
1498 2456 1645 2528 regnavit
1659 2455 1712 2513 Hic
1734 2456 1864 2516 Hblodo·

147 2557 224 2600 rens
248 2545 368 2602 abesto
381 2545 515 2618 Remigio
539 2545 658 2619 primus
686 2548 870 2603 Francorum
897 2560 1004 2617 regum
1036 2562 1107 2604 cum
1134 2545 1219 2604 omni
1246 2544 1378 2604 exercitu
1390 2544 1573 2619 baptisatus,
1584 2541 1700 2616 exptrlil
1725 2543 1865 2614 Hgidium

148 2631 305 2690 conadam
320 2635 501 2705 Romanum,
515 2632 673 2708 librumque
684 2633 751 2705 ejus
765 2632 915 2704 siagrium
929 2632 1048 2702 ooddit,
1077 2633 1203 2708 bilitpne
1227 2633 1371 2692 Hartiano
1397 2630 1572 2706 imperatori
1589 2628 1718 2704 quiquid
1740 2632 1867 2703 Romam

146 2721 227 2780 intra
239 2722 377 2780 libanum
397 2727 428 2780 et
435 2722 570 2794 Ligerem
584 2723 693 2780 Hunos
704 2721 910 2796 possidebant.
926 2725 995 2780 Post
1009 2727 1139 2781 mortem
1151 2722 1314 2782 Ghlcdosei
1326 2725 1458 2797 quaeror
1470 2719 1524 2780 lilii
1551 2719 1617 2793 eins
1641 2733 1772 2790 mum
1798 2718 1865 2792 ejus

146 2807 225 2867 inter
237 2825 269 2867 se
280 2809 449 2868 diuserunt
473 2809 638 2884 equaliter,
663 2809 696 2866 id
720 2813 767 2866 est
787 2809 1008 2880 chlodomirus,
1034 2811 1226 2881 hildibertus,
1240 2809 1411 2876 lotharius,
1438 2812 1467 2868 et
1479 2811 1567 2880 Hugo
1590 2805 1806 2880 Theodericus,
1827 2807 1865 2866 de

147 2897 321 2956 concubina
344 2899 473 2970 genitus,
497 2899 560 2972 qui,
591 2898 664 2956 deta
687 2901 766 2954 terra
790 2897 1012 2969 thuringorum
1039 2899 1174 2958 maxima
1199 2915 1236 2956 ex
1263 2903 1347 2974 parte
1375 2896 1558 2968 saxonibus,
1583 2896 1635 2972 qui
1655 2902 1866 2956 remanserant

148 2985 321 3058 'Thuringos
346 2986 436 3059 regiis
462 2986 617 3044 territoriis
629 2985 699 3043 iecit
724 2985 897 3044 tributarios
913 2987 944 3044 in
967 2987 1077 3062 porcis.
1090 2991 1204 3047 Hortuo
1218 2987 1415 3057 Theodorico,
1430 2985 1568 3057 regnaut
1576 2985 1769 3046 Theobertus.
1796 2989 1866 3047 Posi

146 3074 235 3134 illum
246 3075 448 3134 theobaldus.
462 3079 576 3134 Hortuo
589 3075 773 3143 Theobaldo,
788 3076 927 3146 regnavit
938 3076 1103 3134 lotharius.
1117 3080 1188 3134 Post
1200 3077 1282 3134 bunc
1306 3073 1490 3150 Helpericus.
1518 3077 1588 3132 Post
1606 3075 1688 3132 barne
1704 3075 1860 3134 isthmius

144 3169 234 3237 pater
242 3164 403 3236 Dagoberti
415 3165 506 3236 regis.
522 3164 572 3221 Hic
587 3163 755 3237 lotharius,
766 3163 868 3221 occiso
884 3163 1043 3222 Hertboldo
1052 3165 1132 3222 duce
1142 3166 1308 3234 snorum,
1323 3166 1352 3220 et
1365 3163 1529 3236 pervagata
1541 3160 1627 3219 omni
1653 3165 1735 3220 terra
1745 3178 1863 3234 aarum,

144 3253 267 3311 nubum
281 3253 438 3311 bominem
455 3253 624 3324 longiorem
638 3253 670 3309 in
684 3269 732 3326 ea,
744 3252 896 3310 drentem
909 3253 1039 3327 reliquit,
1052 3269 1148 3328 quam
1162 3252 1282 3326 gladius
1295 3268 1367 3310 suus
1381 3251 1488 3320 linerat,
1504 3265 1598 3324 quiem
1611 3252 1731 3324 spatam
1740 3253 1863 3310 vocant.

145 3345 261 3401 Hortus
273 3343 453 3414 Dagoberto,
465 3343 602 3414 regnarit
616 3346 687 3415 post
700 3358 770 3399 eum
787 3341 868 3398 filius
896 3342 961 3416 ejus
976 3341 1150 3414 sigobertus
1172 3345 1201 3399 et
1215 3340 1392 3400 clodovens.
1412 3342 1483 3398 Post
1495 3337 1681 3398 Glndoreum
1695 3337 1862 3398 iohanne.

145 3433 217 3489 Post
230 3447 300 3488 eum
312 3433 418 3490 iratres
431 3432 496 3503 eius
509 3431 710 3488 Theodericus
722 3436 751 3488 et
762 3430 936 3489 Hildericus.
950 3434 1019 3488 Erat
1037 3432 1119 3489 enim
1132 3431 1196 3504 ipse
1212 3429 1378 3488 Hildericus
1391 3428 1467 3486 levis
1481 3427 1582 3498 nimis,
1606 3427 1665 3486 sub
1686 3427 1775 3500 cujna
1788 3431 1863 3488 tarn

143 3535 221 3594 pore
233 3521 366 3593 Pipinus,
377 3521 458 3578 iilius
469 3520 601 3592 ansgisi,
616 3521 836 3593 majordomus
850 3525 923 3578 erat.
939 3524 1009 3578 Post
1020 3522 1101 3580 bunc
1114 3520 1408 3578 administrationem
1422 3517 1499 3578 sun
1513 3516 1647 3583 carolem
1672 3515 1754 3576 iilius
1781 3517 1857 3590 clus,

145 3609 342 3682 procurabat.
359 3612 425 3676 Quo
435 3614 566 3678 mortno,
579 3609 684 3667 tdtimo
698 3609 918 3681 Heroingorum
931 3609 1076 3667 Hilderico
1087 3625 1181 3682 regno
1195 3609 1326 3680 sublato,
1340 3607 1495 3682 Pippinus,
1511 3606 1609 3668 caroli
1621 3604 1715 3677 iabus,
1741 3605 1862 3666 decreto

143 3699 296 3756 Zachariae
309 3714 398 3774 papae
413 3715 451 3756 ex
463 3698 599 3774 palatino
611 3698 719 3757 comite
731 3699 763 3756 in
777 3714 880 3770 regem
890 3699 1029 3772 ungilur;
1044 3701 1097 3773 qui
1110 3699 1213 3771 genuit
1224 3697 1365 3757 Garolum
1378 3699 1531 3768 linguans

182 3790 253 3844 Post
265 3787 507 3846 Valentinianum
521 3787 679 3847 Gratianus
691 3787 856 3863 imperator
869 3787 984 3846 anniso
996 3788 1144 3860 regnarit,
1160 3803 1231 3846 cum
1244 3785 1454 3844 Valentiniano
1465 3784 1566 3843 fratrs.

183 3875 409 3934 vslmtinianm
424 3893 494 3934 cum
509 3875 677 3936 Theodosio
688 3877 776 3934 annis
791 3883 818 3936 9.

182 3965 369 4022 Tbeodosius
381 3981 451 4022 cum
462 3965 592 4024 Arcadio
601 3965 665 4022 tilio
678 3964 767 4024 anub
783 3970 826 4024 ll.
840 3965 1040 4039 Hieronymus
1052 3961 1200 4038 presbiter
1211 3959 1296 4035 apud
1307 3958 1480 4018 Bethlehem
1493 3970 1585 4030 super
1596 3967 1705 4018 omma
1721 3949 1862 4018 baaru

292 4054 407 4112 enitrut.

144 4053 340 4215 Ἢοε,
353 4143 432 4200 fliius
446 4142 618 4212 Theodosii,
633 4141 805 4201 cumfratre
823 4141 959 4199 Honorio
969 4140 1059 4198 annis
1073 4142 1117 4197 ts.
1132 4136 1280 4198 Honorius
1290 4151 1361 4194 curn
1375 4132 1546 4193 Theodosio
1555 4132 1685 4202 minore,
1702 4129 1802 4194 narb
1814 4130 1861 4196 aii

142 4231 267 4290 Arcadii
279 4231 352 4302 illio,
368 4232 456 4290 annis
469 4237 511 4290 ti.
526 4231 664 4290 Alaricus
676 4247 729 4289 rex
743 4231 911 4290 Gothorum
921 4233 1050 4288 Romam
1063 4228 1189 4297 invasit3
1203 4231 1233 4285 et
1245 4225 1372 4300 sepb'mo
1382 4223 1505 4283 Honorii
1517 4221 1672 4298 regnantis
1684 4237 1767 4284 mna
1779 4237 1860 4286 rarae

141 4321 219 4378 lavit
231 4323 310 4378 Deus
324 4321 456 4378 ladano
467 4320 633 4395 presbitero
646 4319 813 4378 venerabili
824 4334 953 4392 corpora
967 4322 1152 4386 sanctorum,
1168 4314 1263 4374 sancti
1291 4313 1433 4388 Stephani
1444 4311 1685 4387 protomartyris,
1705 4316 1736 4374 et
1750 4313 1860 4372 ΒΜ·

140 4410 221 4468 lielis
235 4409 289 4484 qui
299 4409 404 4467 doctor
415 4409 542 4484 apostoli
555 4409 638 4467 Pauli
648 4414 721 4479 erat,
735 4413 765 4466 et
777 4409 831 4466 lilii
845 4409 912 4480 eius
926 4406 1056 4475 Abihon,
1071 4410 1101 4464 et
1113 4403 1277 4476 Nicodemi,
1292 4401 1482 4478 quieuitad
1494 4403 1596 4462 iesum
1605 4405 1693 4464 necte
1699 4399 1856 4476 primum:

141 4515 215 4572 quas
228 4499 380 4556 iohannes
396 4496 686 4571 Hierosolymitanns
705 4498 866 4573 episcopus
880 4496 912 4552 in
927 4499 1065 4554 sanctam
1079 4511 1150 4553 cumn
1161 4493 1297 4552 maximo
1308 4493 1423 4550 bonore
1437 4490 1590 4550 transtulit
1607 4488 1767 4548 eeclesiam
1776 4485 1856 4546 sau

141 4587 337 4646 Hieronimns
352 4588 499 4661 presbiter
516 4591 559 4644 ta.
574 4587 695 4644 Honorii
710 4602 793 4645 anno
805 4585 889 4659 apud
903 4584 1074 4644 Bethlehem
1089 4583 1172 4653 obiit,
1184 4582 1278 4640 anno·
1289 4580 1381 4640 atatis
1396 4596 1457 4638 sues
1466 4585 1514 4638 al.
1823 4658 1830 4671 .

178 4675 366 4734 Theodosius
379 4676 489 4744 minor,
501 4675 621 4733 Arcadii
631 4674 722 4748 lilius,
736 4675 825 4733 annis
839 4677 886 4733 ad.
910 4673 1106 4746 sumanus,
1125 4669 1340 4747 Hypponensis
1357 4669 1519 4744 episeopus
1533 4669 1563 4724 et
1587 4666 1700 4722 saneta
1725 4659 1859 4760 eodem

140 4764 251 4822 doctor
264 4764 401 4836 eximiam,
417 4764 499 4821 obiit.
512 4765 606 4836 Hujus
620 4764 782 4824 Theodosii
793 4768 927 4839 tempore
940 4763 1030 4822 Hleda
1041 4766 1070 4820 et
1080 4761 1169 4820 Attila
1183 4759 1331 4820 batresin
1345 4757 1439 4816 Hunis
1453 4755 1656 4826 regnaverunt
1675 4754 1704 4807 et
1717 4747 1858 4806 lecnm

139 4853 362 4926 Thraciamque
377 4852 552 4927 depopulati
568 4855 647 4910 sunt.

177 4943 340 5000 Hartianus
355 4959 425 4999 cum
436 4941 653 5011 Valentiniano,
669 4940 805 4999 Placidies
814 4941 887 5011 lilio,
904 4956 1001 4999 annos
1014 4947 1041 4997 7.
1057 4939 1145 5011 Angli
1163 4941 1274 4996 terram
1296 4947 1392 5010 quam
1408 4947 1489 4990 nnnc
1503 4928 1578 4986 Dani
1589 4924 1748 5001 possidat
1767 4921 1856 4984 relin-
1917 4933 1922 4938 '

138 5035 284 5104 mentes,
299 5047 370 5088 cum
382 5047 451 5102 rege
466 5048 521 5088 suo
531 5029 690 5103 Anglingo,
706 5030 850 5089 invitante
865 5035 894 5089 et
908 5029 1093 5089 conducente
1108 5043 1160 5087 eoa
1175 5042 1246 5098 rege
1259 5024 1441 5094 Vertigernq
1464 5021 1568 5078 eonha
1583 5017 1688 5075 scotos
1702 5019 1732 5072 et
1760 5013 1857 5073 Pictos

138 5119 454 5195 Haitanniampetrmt
471 5119 939 5182 Cdcedonenseccneiliumsub
962 5123 1059 5182 Leone
1084 5132 1167 5192 papa
1180 5112 1377 5176 eoHocutione
1397 5113 1450 5170 oti
1473 5109 1597 5184 patrum
1619 5103 1727 5180 span
1742 5107 1857 5168 numo

176 5479 237 5552 (53)
258 5479 327 5545 Qua
341 5483 516 5553 sequuntur,
528 5495 566 5535 ex
576 5478 670 5536 Gestis
685 5491 792 5550 regum
806 5479 990 5538 mancorum
1003 5473 1164 5536 tinxerunt

176 5554 227 5620 (bi
257 5553 302 5608 tto
316 5552 444 5622 corrasi,
466 5551 612 5610 surmone
627 5565 653 5608 c.

175 5621 225 5694 (aa
256 5623 301 5680 ito
314 5624 434 5680 corrui
448 5621 496 5680 hic
509 5627 537 5679 et
548 5623 581 5678 in
596 5620 794 5694 sequentibus
806 5621 966 5692 Herongns
975 5635 1013 5680 e.-
