3996 6186
107 179 159 233 aaa
463 165 696 236 messanae
715 177 1006 238 esomruaauna.
1026 185 1114 242 raas
1134 185 1273 242 sarnai
1292 184 1456 240 assuras.
1761 189 1812 242 aar

632 305 795 360 ANNALES
808 305 1138 366 lllbDESllElllENSES.
1154 313 1187 364 A.
1207 312 1285 366 libb.

103 388 206 462 vigilia
219 387 326 448 natalis
341 389 458 446 Domini
470 390 601 464 Spirensi
617 391 760 466 episcopo
774 391 931 463 diligenter
949 393 973 448 Α
987 393 1128 454 bernator
1140 397 1282 454 extitisset
1297 401 1325 452 et
1341 396 1544 454 aecclesiarum
1570 397 1619 452 Dei
1634 397 1811 464 defensator,

104 478 339 537 custodiendum
354 478 511 536 commisit.
533 484 597 537 Non
610 481 779 550 balneatus,
796 481 932 538 etinton-
987 487 1019 539 ut
1033 484 1059 540 ei
1072 486 1149 544 sicut
1161 487 1237 560 patri
1253 503 1308 542 suo
1323 485 1479 542 evenisset.
1499 509 1512 534 a
1525 485 1689 559 Imperator
1702 491 1811 558 autem,

104 587 167 639 sus,
181 573 210 626 et
224 568 264 626 ab
278 568 360 625 omni
374 567 424 625 Dei
439 570 560 628 servitio
577 571 723 645 privatus,
743 571 785 628 ibi
799 587 852 645 per
866 587 932 628 om-
986 577 1020 630 ut
1035 573 1105 630 vidit
1120 575 1174 632 sibi
1187 576 1367 644 denegatam
1392 591 1458 630 esse
1473 575 1604 642 veniam,
1620 575 1754 644 cogitans
1769 592 1812 630 se-

103 675 159 716 nes
175 673 277 716 saeros
292 657 356 714 dies
379 659 553 731 permansit.
579 659 685 733 Sicque
707 659 786 716 filius
800 661 933 718 natalem
987 680 1067 732 cum,
1084 665 1238 737 quomodo
1260 665 1398 720 excitaret
1413 663 1577 720 vindictam
1597 679 1669 733 erga
1683 680 1745 719 rem
1762 681 1815 736 pu-

104 747 225 804 Dcmini
239 745 442 804 celebraturus
464 749 933 819 llogontiamrevertitur.l1ein-
987 751 1110 823 blicam,
1139 754 1292 810 Coloniam
1318 753 1398 809 venit
1420 769 1489 808 cum
1514 752 1620 826 paucis
1645 753 1697 825 qui
1713 769 1815 808 secum

103 839 186 894 ricus
202 835 272 908 (406)
287 836 451 905 imperator
463 837 567 894 Leodii
577 843 711 894 moratus
725 838 872 894 somnium
888 851 933 893 re·
988 848 1209 909 remanserant;
1235 843 1348 898 civibus
1362 841 1418 898 illis
1443 843 1546 898 omnia
1561 859 1628 914 quae
1645 840 1686 897 eis
1700 841 1816 897 accide-

104 927 172 983 tatu
186 925 309 998 dignum
338 925 422 981 uidit.
437 926 570 984 Putabat
589 928 721 998 aequasi
741 927 773 982 in
789 925 934 982 viridaria
988 935 1056 988 rant
1080 931 1216 986 flebiliter
1242 931 1400 986 enarravit.
1436 931 1545 987 Deinde
1579 931 1660 987 venit
1697 931 1815 998 leodic,

100 1015 237 1085 proeems
258 1013 415 1072 arboribus
443 1017 556 1072 consito
579 1015 782 1082 deambulare,
805 1030 933 1086 quaram
987 1018 1089 1092 ibique
1111 1018 1274 1076 bonoritice
1296 1018 1497 1091 abepiscopo
1520 1025 1548 1074 et
1570 1019 1682 1074 civibus
1703 1024 1746 1074 est
1770 1035 1813 1074 su·

102 1120 172 1176 qua
195 1104 372 1161 eminentior
397 1104 564 1172 uidebatur,
592 1105 633 1162 ad
657 1109 769 1160 terram
792 1118 933 1160 corruens
988 1113 1107 1182 sceptus
1129 1114 1156 1164 el
1181 1108 1362 1164 consolatus.
1389 1108 1567 1164 Convocavit
1592 1109 1631 1164 ad
1652 1125 1684 1164 se
1707 1109 1814 1164 ducem

102 1209 197 1251 unam
211 1193 353 1250 arborum
366 1195 512 1264 oppressit
527 1200 555 1250 et
582 1198 670 1251 terre
683 1209 782 1250 secum
795 1200 933 1264 prostra-
988 1197 1158 1255 Heinricum
1172 1201 1200 1254 at
1212 1196 1287 1252 alios
1302 1197 1403 1269 plures
1418 1195 1575 1267 optimates
1588 1215 1594 1259 ;
1615 1213 1719 1252 corum
1732 1197 1815 1268 pedi-

104 1285 158 1341 uit.
176 1284 289 1340 Deinde
310 1288 414 1340 cetera
426 1284 548 1340 arbores
570 1285 720 1354 paulatim
743 1284 834 1353 lapsa
852 1289 932 1340 sunt.
987 1287 1045 1344 bns
1060 1303 1092 1343 se
1105 1286 1247 1354 advolvit,
1262 1284 1423 1359 petivitque
1444 1284 1541 1340 abeis
1563 1283 1717 1353 auxilium,
1730 1301 1817 1341 even-

104 1373 192 1440 Quad
211 1377 316 1442 postea
341 1373 387 1428 rei
413 1373 510 1429 caitus
530 1373 743 1443 comprobavit.
763 1373 934 1442 Imperator
989 1381 1113 1450 tumque
1136 1393 1226 1431 suum
1244 1376 1286 1430 eis
1311 1373 1482 1447 peremnia
1506 1373 1664 1428 enarravit.
1690 1373 1733 1428 llti
1748 1390 1817 1428 vcro

103 1463 256 1519 mennon
280 1463 447 1532 longepost
471 1465 536 1518 octo
557 1461 659 1518 diebus
679 1465 828 1531 egrotans,
855 1475 933 1518 nono
989 1471 1022 1522 ut
1047 1465 1208 1522 audierunt
1244 1465 1309 1535 ejus
1347 1462 1578 1536 querimoniam,
1616 1461 1820 1518 misericordia

102 1553 243 1622 moritur,
258 1559 285 1608 et
299 1552 329 1606 in
345 1550 479 1607 ecclesia
493 1550 592 1608 saneti
605 1549 758 1607 Lamberti
771 1564 871 1606 caram
887 1550 933 1606 at·
988 1555 1062 1611 moti
1073 1570 1163 1627 super
1177 1570 1257 1620 earm,
1281 1551 1368 1608 tidele
1384 1551 1440 1607 sibi
1464 1551 1649 1622 adjutorium
1674 1551 1820 1622 promisc-

101 1642 167 1698 tari
177 1645 289 1698 sanetae
302 1640 409 1696 Mariae
423 1641 602 1697 taurulatur.
630 1640 738 1708 Quinto
753 1639 791 1696 ab
803 1639 873 1696 binc
887 1639 935 1696 die
988 1647 1068 1710 runt,
1096 1642 1305 1715 optimumque
1328 1639 1489 1704 duxerunt,
1513 1643 1544 1695 ut
1569 1639 1684 1712 pascha
1704 1637 1821 1694 Domini

103 1745 200 1788 eomes
212 1730 409 1786 Theodericus
421 1729 458 1786 de
468 1729 783 1802 EmbikeAquispraai
792 1730 932 1787 moritur.
953 1747 1057 1801 gcum
1073 1732 1114 1787 eis
1129 1730 1242 1788 ibidem
1262 1729 1425 1786 celebraret
1448 1729 1533 1800 (lot).
1560 1727 1647 1783 Filius
1673 1732 1774 1784 autom
1790 1729 1822 1781 ut

102 1821 176 1876 naa
190 1820 320 1890 Magnus
335 1819 491 1876 Saxonum
515 1819 652 1888 moritur,
668 1823 695 1875 et
710 1818 837 1875 duratus
849 1819 934 1874 Liut·
988 1823 1045 1879 boc
1069 1820 1193 1887 audivit,
1215 1817 1369 1876 nunciavit
1388 1818 1471 1888 regni
1496 1817 1682 1890 principibus
1708 1815 1821 1872 ibidem

100 1921 174 1976 dero
189 1906 474 1978 desupelinaebutu
489 1906 723 1964 commendatur·
988 1909 1147 1968 convenire
1177 1913 1205 1965 et
1230 1907 1373 1980 placitum
1402 1922 1471 1962 cum
1503 1909 1587 1977 patre
1623 1904 1816 1970 habiturum;

139 1998 346 2052 Romanorum
369 1999 415 2051 96⁶
428 1995 568 2052 demicus
596 2011 659 2066 rex,
686 1999 770 2068 patre
795 1993 931 2068 expulso.
987 2001 1080 2058 movit
1094 1999 1256 2056 exercitum
1275 2012 1433 2066 magnum,
1457 1994 1537 2050 venit
1551 1994 1589 2050 ad
1616 1993 1816 2066 Aquasgrant

104 2083 187 2154 cepit
200 2097 325 2153 regnare
349 2097 429 2140 anno
444 2086 520 2140 tros.
544 2082 605 2139 ind.
625 2087 667 2140 ¹3.
684 2084 849 2158 imperator
864 2098 933 2138 vero
987 2087 1192 2162 praemisitque
1219 2084 1370 2158 quosdam
1407 2082 1445 2138 de
1474 2082 1604 2138 exercitu
1639 2081 1678 2136 ad
1706 2080 1819 2136 tlumen

102 2170 198 2226 nimis
209 2172 287 2246 cepit
297 2171 465 2243 lacrimare,
485 2176 514 2229 et
532 2176 646 2229 mestus
669 2189 747 2244 esse,
763 2177 792 2230 et
812 2172 849 2229 de
862 2188 932 2246 pec·
987 2177 1041 2250 qui
1055 2179 1177 2234 vocatur
1192 2176 1283 2241 Mosa,
1297 2174 1426 2245 pontum
1440 2169 1497 2226 sibi
1511 2169 1655 2243 optinere.
1673 2172 1733 2226 lloc
1747 2184 1819 2225 vero

103 2259 178 2316 catis
191 2261 252 2316 suis
267 2259 323 2317 sibi
336 2260 406 2318 talia
418 2261 687 2330 eveniss03timens
702 2262 758 2319 sibi
769 2262 865 2319 multo
880 2277 933 2335 pe·
988 2264 1144 2324 audientes
1159 2260 1211 2335 qui
1226 2260 1303 2334 patri
1318 2259 1464 2316 auxilium
1483 2259 1695 2331 promiserunt,
1713 2255 1836 2313 scilicet'

100 2350 169 2421 jora
183 2364 202 2406 u
215 2348 402 2423 principibus
414 2349 611 2420 tuturanogat
625 2351 802 2425 episcopum
817 2351 933 2424 Spiren—
987 2355 1067 2412 filius
1079 2352 1174 2418 ducis,
1191 2367 1228 2406 ex
1253 2349 1345 2405 altera
1359 2353 1443 2421 parte
1455 2347 1586 2403 fluminis
1606 2349 1820 2403 convenerunt.

105 2454 171 2495 sem
182 2453 214 2494 se
224 2438 536 2512 praesentariseseque
551 2439 675 2497 consilio
690 2441 755 2512 ejus
768 2444 797 2497 et
810 2456 935 2510 magna·
990 2441 1150 2511 instigante
1191 2435 1323 2504 diabolo,
1357 2437 1389 2491 in
1429 2451 1515 2490 cona
1553 2433 1670 2490 Domini
1709 2447 1822 2508 magna

105 2531 169 2584 tum
184 2527 269 2599 regni
292 2532 400 2585 cuncta
414 2527 563 2586 lecturum
586 2529 750 2603 promittit:
773 2529 886 2600 regalia
908 2533 936 2586 et
989 2531 1085 2587 cades
1097 2528 1176 2584 iacta
1190 2531 1234 2582 est
1254 2526 1331 2582 inter
1343 2541 1413 2594 eos;
1439 2523 1524 2579 multi
1549 2523 1638 2578 etiam
1659 2537 1713 2594 per
1725 2535 1821 2575 emer-

104 2615 238 2684 castella,
259 2632 319 2689 que
333 2616 447 2688 optima
460 2621 488 2674 et
501 2616 704 2674 munitissima
716 2616 858 2685 habebat,
874 2616 935 2674 tilio
991 2621 1108 2676 sionem
1131 2614 1264 2671 lluminis
1277 2613 1437 2686 perierunt.
1458 2615 1515 2667 Rex
1536 2627 1615 2676 vero,
1632 2615 1665 2664 ut
1677 2601 1827 2680 comperit

104 2705 275 2770 traderent
289 2704 393 2761 saltem
408 2705 465 2762 sibi
488 2706 602 2778 praedia
624 2705 664 2762 ad
678 2722 751 2762 usus
766 2705 937 2762 neccssaria
989 2709 1047 2765 boc
1074 2707 1198 2774 sactum,
1226 2703 1324 2760 timuit
1348 2719 1396 2759 me
1422 2701 1534 2758 inimici
1561 2700 1706 2756 irruerent
1734 2713 1824 2769 snper

104 2791 301 2867 impenderet.
329 2794 496 2868 Episcopus
522 2811 593 2852 vero
616 2795 647 2851 in
667 2794 820 2852 nativitate
842 2794 937 2852 sancti
989 2814 1068 2856 eum.
1082 2792 1245 2852 Declinavit
1258 2792 1338 2861 inde,
1355 2795 1382 2848 et
1402 2791 1440 2847 ad
1457 2789 1613 2846 castellum
1628 2791 1711 2844 Buna
1726 2786 1819 2854 venit,

103 2883 249 2940 iohannis
271 2883 458 2955 evangelistae
470 2885 682 2955 'Mangontiam
702 2885 801 2952 venit;
825 2885 889 2959 ipse
909 2889 938 2942 et
990 2885 1091 2959 ibique
1105 2887 1243 2941 sanctum
1259 2883 1383 2956 pascha,
1407 2884 1496 2954 prout
1519 2878 1624 2952 potnit,
1641 2873 1820 2932 celebrarit.

105 2973 361 3044 wirzeburgensis
385 2973 545 3047 episcopus
569 2990 662 3030 sacrae
684 2974 832 3031 unctionis
857 2975 937 3030 ordi·
992 2975 1102 3032 Deinde
1115 2989 1186 3029 vcro
1200 2973 1300 3027 visum
1315 2975 1358 3026 est
1373 2971 1399 3026 ei
1414 2970 1496 3042 apud
1511 2968 1703 3037 tt'angioncm
1724 2963 1824 3021 civita-
1933 3005 1940 3016 .

106 3079 212 3120 neme
235 3062 408 3120 lluothardo
436 3062 663 3136 archiepiscopo
692 3067 882 3137 acceperunt,
911 3067 939 3120 et
957 3101 977 3158 C
992 3070 1052 3123 tem
1067 3063 1209 3137 placitum
1224 3061 1335 3116 habere
1357 3062 1569 3134 pentecosten;
1595 3056 1696 3129 ibique
1709 3053 1823 3110 Heinri-

103 3157 174 3228 post
199 3152 362 3209 missarum
385 3151 563 3226 sollempnia
582 3157 700 3226 cuncta,
724 3169 792 3228 quae
814 3157 938 3228 epatre
994 3151 1185 3210 cumducem
1208 3148 1299 3206 rebus
1313 3147 1441 3221 publicis
1462 3145 1599 3220 privavit.
1625 3147 1708 3200 Pater
1723 3147 1823 3200 autem

103 3241 253 3309 audierat,
281 3239 344 3298 lilio
369 3245 398 3298 et
425 3242 539 3300 cuncus
564 3241 750 3316 principibus
776 3242 937 3300 enamavit.
994 3258 1063 3298 oum
1077 3239 1188 3310 gaudio
1208 3253 1320 3308 magno
1346 3235 1454 3292 leodio
1478 3234 1592 3307 pascha
1616 3231 1734 3288 Domini
1754 3246 1825 3286 cum

104 3330 563 3405 Dumqueregniprincipeshoc
577 3331 940 3400 audissent,oondixerant
994 3331 1055 3388 suis
1083 3327 1251 3397 celebravit,
1281 3329 1390 3399 etpost
1415 3327 1552 3380 sanctum
1580 3321 1695 3394 pascha
1717 3319 1825 3376 iterum

105 3421 268 3478 convenire
283 3419 323 3476 ad
344 3419 555 3491 ingeleheimn
578 3420 784 3478 Kalendarum
798 3424 863 3477 tan.
880 3421 937 3478 lbi·
994 3419 1148 3480 Coloniam
1182 3416 1356 3483 roveretum
1395 3413 1536 3486 civesque
1570 3409 1611 3467 illi
1648 3425 1718 3464 cum
1744 3408 1826 3478 jura·

104 3527 165 3585 qua
179 3510 343 3585 imperator
357 3514 402 3566 est
424 3513 629 3582 presentatus.
653 3513 788 3580 Regnum
804 3510 865 3568 tilio
882 3515 939 3566 tra·
993 3513 1094 3568 mento
1127 3507 1233 3563 urbem
1269 3505 1325 3562 sibi
1358 3502 1508 3560 custodire
1543 3499 1755 3574 promiserunt,
1790 3512 1825 3553 ac

104 3599 192 3670 didit,
208 3603 297 3674 atque
321 3597 459 3654 omnium
479 3598 608 3670 pedibus
622 3598 809 3671 provolutus,
832 3598 938 3671 praeei-
992 3598 1110 3666 deinde,
1134 3597 1209 3652 sicut
1231 3595 1310 3651 docti
1332 3592 1449 3650 inerant
1478 3591 1517 3648 ab
1537 3607 1582 3658 eo,
1608 3589 1688 3644 intus
1710 3590 1739 3642 et
1753 3585 1824 3642 ioris

104 3703 166 3760 pue
182 3685 328 3744 cardinali
340 3685 438 3757 legato
453 3685 624 3757 apostolicae
636 3686 848 3755 sedis,veniam
861 3687 936 3757 (tort
992 3704 1023 3744 se
1050 3687 1162 3760 optime
1186 3685 1303 3741 munire
1327 3687 1479 3756 ceperunt.
1508 3683 1566 3736 Rex
1587 3695 1668 3744 vero,
1696 3681 1727 3731 ut
1750 3673 1825 3730 vidit

105 3781 134 3833 et
158 3774 380 3832 absolutionem
403 3773 497 3831 banni
523 3774 713 3849 precabatur,
737 3775 883 3832 confitens
906 3791 937 3832 se
992 3776 1155 3834 versutiam
1181 3773 1273 3846 patris
1298 3776 1325 3829 et
1339 3771 1494 3843 antiquam
1516 3784 1653 3824 exercere
1677 3763 1824 3820 malitiam

104 3865 203 3922 multo
217 3868 351 3936 tempore
366 3863 650 3921 anamematizatum
669 3880 767 3921 essea
788 3880 868 3937 papa
881 3864 938 3920 llil·
992 3867 1136 3923 adversus
1169 3879 1232 3918 rem
1271 3860 1425 3933 publicam
1459 3858 1544 3927 (409),
1576 3869 1723 3924 magnum
1754 3864 1824 3905 con-

104 3952 269 4022 dibrando,
284 3955 314 4008 et
337 3951 446 4024 injuste
461 3968 551 4026 super
575 3968 644 4009 eum
664 3953 852 4009 constituisse
867 3954 938 4008 Wic-
993 3951 1127 4025 gregavit
1150 3949 1314 4005 exercitum
1332 3946 1370 4002 de
1391 3943 1474 4000 omni
1487 3956 1592 4009 regno,
1608 3945 1637 3994 et
1659 3942 1727 4010 post
1747 3935 1824 3992 iesti-

103 4043 225 4099 bertum
237 4055 362 4114 papam,
378 4045 408 4096 et
420 4041 482 4097 suis
500 4041 686 4114 temporibus
701 4057 766 4097 rem
784 4041 938 4115 publicam
992 4043 1115 4100 vitatem
1138 4041 1313 4094 sanctorum
1337 4032 1412 4088 Petri
1428 4036 1456 4086 et
1476 4028 1557 4084 Pauli
1578 4028 1617 4082 ad
1636 4030 1735 4099 partes
1750 4023 1825 4121 Con-

105 4131 197 4198 nimis
213 4145 278 4186 esse
290 4128 460 4199 bubatam3
477 4133 505 4185 et
530 4135 647 4197 cuncta,
664 4146 733 4202 quae
755 4129 811 4186 sibi
824 4129 939 4201 objece-
992 4129 1120 4186 fluentia
1133 4126 1232 4182 venit:
1256 4121 1358 4192 ibique
1374 4118 1497 4174 collecto
1512 4114 1650 4182 exercitu,
1670 4110 1824 4211 Coloniam

103 4222 185 4290 rant,
200 4217 357 4275 contessus
380 4224 434 4288 est,
450 4223 573 4292 excepto
586 4218 670 4291 quod
693 4218 775 4276 idola
789 4235 849 4275 non
864 4219 938 4274 ado·
992 4219 1084 4281 venit,
1109 4229 1237 4286 eamque
1250 4209 1378 4267 obsedit.
1403 4205 1593 4264 Colonienses
1615 4217 1685 4258 vero
1704 4200 1824 4257 utboni

105 4311 195 4366 rarat.
219 4307 383 4365 cardinalis
411 4311 523 4376 autem,
553 4307 607 4380 qui
631 4307 785 4382 inopinate
811 4307 851 4364 ad
875 4307 938 4363 baec
994 4306 1101 4364 milites
1116 4303 1236 4360 stabant
1256 4295 1438 4372 impeterriti,
1469 4294 1580 4350 fortiter
1598 4290 1624 4348 ei
1643 4290 1822 4358 resistentes,

106 4397 187 4454 iacta
209 4402 397 4458 convenerat.
421 4395 523 4452 dicens
547 4411 579 4452 so
593 4396 676 4454 nullo
696 4397 787 4453 modo
800 4401 862 4452 tam
875 4413 938 4452 ma·
994 4403 1022 4455 ct
1043 4393 1256 4462 strenuissime,
1280 4389 1407 4463 qualiter
1430 4400 1587 4460 nunquam
1611 4387 1700 4439 antea
1719 4384 1763 4438 est
1780 4379 1824 4435 vi-

106 4501 202 4558 gnam
225 4499 387 4556 personam
413 4484 576 4558 suscipere,
605 4489 833 4558 propterquam
855 4486 937 4540 muta
955 4453 976 4504 υ
993 4503 1070 4555 sum,
1086 4485 1282 4548 decertantes,
1297 4477 1462 4551 etquidem
1477 4491 1571 4546 genus
1585 4472 1753 4567 hominum,
1770 4468 1824 4564 qui

105 4572 191 4629 mala
213 4572 318 4628 intoto
340 4587 435 4642 regno
450 4575 519 4628 sunt
533 4577 714 4646 perpetrata,
739 4572 939 4646 uisiipsemet
991 4578 1136 4632 vocantur
1164 4569 1301 4638 Gelduni,
1333 4582 1412 4640 quos
1437 4565 1499 4621 dux
1535 4561 1690 4618 Heinricus
1725 4573 1769 4652 ers
1792 4568 1823 4610 m

106 4661 293 4735 apostolicus
309 4663 472 4720 adveniret.
484 4663 623 4739 Deposito
645 4679 716 4720 vero
738 4667 835 4740 patre,
859 4661 938 4718 filius
992 4663 1136 4722 auxilium
1161 4660 1292 4727 miserat,
1318 4655 1374 4714 viri
1401 4653 1559 4711 bebatores
1585 4653 1613 4704 et
1638 4652 1771 4701 strennur
1795 4643 1824 4740 et

106 4751 291 4820 ttogontiam
312 4767 382 4808 cum
404 4751 489 4822 regni
516 4751 701 4824 principibus
723 4752 887 4818 revertitur,
911 4753 939 4806 et
991 4753 1081 4811 nimis
1106 4751 1187 4809 docti
1210 4749 1249 4806 ad
1271 4746 1385 4822 praelia.
1410 4741 1523 4799 Idcirco
1547 4735 1719 4794 ceciderunt
1738 4729 1824 4786 multr

106 4839 359 4914 Pf⁰l>i0l1¹0ssflll³
382 4839 588 4896 werinherum
603 4841 742 4896 comitem
765 4841 939 4895 flamerslen
992 4841 1149 4910 vulnerati,
1175 4845 1204 4897 et
1217 4839 1296 4910 regis
1311 4833 1476 4892 excercitus
1496 4827 1620 4884 minime
1644 4823 1823 4922 eispeterat

106 4927 191 4984 misit
204 4933 233 4984 ct
246 4928 466 5001 nequissimum
481 4927 685 4998 Volcmarum,
701 4927 753 5000 qui
775 4926 829 4982 tuit
843 4926 940 4983 consi·
992 4931 1164 5008 prfflvalgrg,
1180 4933 1315 5001 Cumque
1339 4939 1393 4997 pel-
1408 4925 1465 4978 pes
1487 4911 1675 4974 ebdomadas
1693 4909 1735 4964 1121
1753 4923 1823 5007 resq.

106 5015 213 5073 flarius
232 5016 326 5091 Dafflss
351 5022 380 5074 θῐ
401 5017 538 5074 Omnium
562 5015 706 5073 Ssselflfflffl
731 5016 888 5084 0⁰11³0iust
911 5018 940 5072 ei
993 5024 1086 5094 deret,
1101 5027 1130 5078 et
1152 5019 1235 5076 nulla
1251 5031 1321 5089 spes
1338 5011 1395 5068 sibi
1409 5003 1583 5082 acquirendi
1602 5004 1689 5068 esset,
1712 4999 1825 5054 amovit

106 5107 140 5164 in
166 5106 268 5177 vigilia
293 5106 460 5180 epiphaniae
489 5122 525 5163 ea
543 5105 648 5174 attulit,
672 5109 701 5162 et
724 5123 743 5163 a
768 5105 939 5162 Ruothardo
994 5109 1157 5169 exereitum
1173 5107 1212 5162 ad
1228 5097 1428 5178 Aquasgrani.
1438 5098 1505 5151 Erat
1515 5092 1595 5148 enim
1609 5092 1688 5145 estas
1700 5099 1823 5180 magna,

109 5195 338 5270 achiepiscope
366 5201 395 5252 et
430 5196 514 5253 omni
542 5194 620 5252 clero
649 5199 678 5252 et
706 5194 820 5270 populo
845 5195 939 5250 hono·
995 5200 1024 5252 et
1064 5209 1127 5266 prae
1167 5189 1260 5247 nimio
1302 5185 1394 5242 fetore
1431 5195 1493 5236 non
1527 5176 1643 5274 poterat
1679 5172 1824 5269 exercitus

109 5285 194 5343 ritice
219 5284 442 5360 suscipiuntur;
467 5288 496 5341 et
509 5301 545 5342 ea
558 5299 660 5340 coram
682 5283 867 5357 principibus
877 5281 939 5338 filio
996 5279 1127 5353 amplius
1152 5275 1296 5332 sustinere
1319 5271 1466 5328 laborem.
1486 5266 1612 5335 Contrgrt
1632 5265 1734 5318 etitem
1753 5261 1826 5315 mte-

111 5375 242 5442 tradidit,
270 5375 312 5431 ita
335 5375 460 5432 dicens:
492 5374 558 5432 «Si
584 5389 645 5430 non
671 5374 767 5444 justus
780 5371 864 5442 regni
887 5385 940 5441 gu·
995 5370 1054 5427 rim
1075 5367 1288 5440 imperatorem
1303 5357 1413 5417 Laodio
1433 5359 1586 5426 egrotasse
1599 5372 1606 5422 ;
1620 5356 1648 5409 et
1662 5350 1825 5425 perductus

148 5501 221 5574 (toa)
236 5499 390 5556 Heinricus
401 5515 494 5573 usque
500 5497 677 5556 eminentior
686 5499 867 5566 suppteutea
880 5497 944 5552 An-
1035 5493 1107 5548 taust
1124 5493 1170 5548 ita
1185 5502 1292 5546 manus
1317 5485 1410 5570 riom·
1423 5483 1522 5565 attera
1536 5478 1729 5536 celebrarent.

111 5573 228 5630 natata
241 5571 383 5643 Sauone;
395 5572 427 5627 tn
442 5571 615 5642 eodicejam
630 5569 728 5625 deleta
740 5572 820 5627 sunt.
1036 5587 1058 5638 ,gt
1086 5581 1110 5638 „q
1126 5567 1174 5622 lta
1184 5560 1277 5620 codex
1310 5559 1457 5628 utanpud.

151 5642 227 5716 (407)
242 5643 291 5700 Ita
304 5643 398 5700 eadee
411 5643 579 5714 dr'stinputt.
