3996 6178
44 143 111 198 1269
509 175 511 178 -
630 135 829 211 canoaldus
850 131 1164 212 drupesdetllltdse.
1684 131 1754 186 teto

42 264 256 334 magnanimus
279 263 310 319 in
336 263 468 323 adversis
492 263 651 336 desperare
676 263 728 315 aut
742 255 868 329 deprimi
888 261 1059 319 Asterhove
1076 255 1622 336 (199100111111011110110111101110
1638 268 1694 336 suo
1707 267 1753 307 co·

42 369 102 409 non
118 339 291 424 consuetus,
320 357 364 410 set
390 353 419 408 in
443 352 567 408 domino
584 353 642 406 lico
657 365 712 405 suo
727 342 869 416 confisae,
925 347 1027 407 mitatu
1044 353 1124 410 mille
1137 359 1164 410 el
1181 351 1286 417 vigenti
1301 347 1410 406 marcis
1427 345 1494 424 puri
1520 344 1633 413 argenti
1653 341 1754 398 sibiet

41 442 196 497 conductis
211 439 365 512 armigeris
379 445 407 498 ct
422 435 796 514 stipendiariisinnumeris
811 435 870 490 vim
926 439 988 493 suis
1016 441 1238 498 successorihus
1268 435 1462 514 comparavit.
1490 431 1689 488 devorantem
1722 430 1752 485 in

39 530 68 585 vi
89 533 152 586 tum
168 545 237 586 cum
254 527 459 585 moderamine
487 532 550 585 tum
575 528 637 583 sine
665 524 870 581 moderamine
924 523 1342 584 1111111110101100010010110
1358 521 1495 581 absolvit.
1508 517 1707 578 advocaciam
1722 517 1752 573 in

38 619 210 692 repellebat.
227 622 301 675 Nam
316 619 422 675 eadem
437 617 563 676 durante
578 631 696 688 guerra,
719 613 870 688 quasdam
925 614 1150 676 hasikenhusen
1168 622 1238 690 1191)
1263 613 1441 690 alippoldo
1470 611 1507 668 de
1532 608 1634 665 Dalem
1662 606 1753 664 milite

40 707 221 764 munitiones
243 707 366 776 ducum,
389 706 526 764 videlicet
550 707 658 771 Uslere,
690 701 868 772 Everborch,
924 705 1090 778 acquisivit.
1107 708 1249 766 Palatium
1272 701 1441 780 episcopale
1465 701 1495 757 in
1520 697 1620 757 multis
1634 693 1753 752 edifitiis

41 793 262 854 Gereldebusen
277 801 306 853 et
320 797 495 866 11111ῐο11911)
510 797 587 870 cepit
601 799 630 852 et
650 793 803 860 destruxit,
834 809 869 848 ac
923 794 1105 858 emendavit,
1129 796 1356 870 cappellamque
1380 791 1493 849 ibidem
1522 787 1560 844 de
1578 803 1658 843 novo
1683 800 1753 840 con·

39 886 68 941 in
85 885 221 960 pluribus
236 883 435 954 conflictibus,
452 886 633 942 concedente
652 882 777 939 domino
797 885 867 951 Deo,
924 883 1040 956 struxit,
1053 883 1104 941 nbi
1116 890 1145 942 et
1156 891 1285 959 quatuor
1304 883 1465 942 canonicos
1485 877 1619 944 instituit,
1640 872 1751 948 quibus

37 991 132 1048 aquo
147 979 190 1031 est
205 973 302 1031 omnis
312 975 444 1046 victoria,
466 974 667 1048 triumphavit,
695 971 810 1046 sibique
837 969 868 1027 in
922 971 962 1028 ad
987 973 1096 1031 victum
1117 973 1319 1048 quadraginta
1342 970 1434 1030 libras
1461 964 1750 1028 hildensemensium

37 1063 93 1120 hac
109 1063 215 1120 eadem
230 1079 340 1135 guerra
352 1069 469 1121 tantum
479 1063 671 1137 supercrevit,
682 1061 765 1138 quod
780 1059 868 1134 plura
921 1061 1114 1120 denariorum
1127 1063 1163 1120 de
1178 1061 1381 1120 oblationibus
1402 1064 1430 1117 et
1443 1055 1676 1116 obventionibus
1703 1070 1750 1110 ec-

36 1150 138 1207 debita
152 1151 304 1224 persolvit,
319 1151 350 1207 in
368 1149 480 1225 quibus
505 1156 593 1209 antea
621 1149 785 1208 tenebatur.
812 1151 866 1205 lle·
921 1151 1009 1209 clesic
1031 1154 1125 1210 sancti
1148 1153 1264 1212 andree
1292 1168 1346 1209 nec
1372 1166 1433 1208 nou
1448 1147 1599 1222 preposito
1613 1145 1747 1217 eiusdem

36 1256 120 1297 mum
134 1245 292 1298 verointer
308 1241 485 1315 episcopum
509 1258 545 1298 ex
569 1258 640 1308 una,
665 1242 802 1296 0tt0ncm
828 1237 865 1293 de
920 1241 1042 1298 ecclesie
1056 1243 1116 1299 sive
1131 1225 1344 1300 archidiacono
1359 1237 1483 1297 civitatis
1511 1235 1542 1292 tu
1565 1233 1658 1292 libras
1684 1231 1749 1290 dari

38 1329 212 1387 luneborch
225 1334 253 1387 et
268 1330 423 1388 elbertum
437 1330 474 1388 de
490 1329 665 1387 brunswich
678 1329 770 1386 duces
782 1333 865 1401 parte
920 1331 1007 1386 aunis
1033 1331 1157 1402 singulis
1183 1330 1342 1390 ordinavit.
1370 1332 1439 1386 Tres
1464 1325 1554 1382 etiam
1575 1339 1699 1380 mansos
1717 1321 1749 1380 in

36 1434 70 1474 ex
95 1419 197 1488 altere,
230 1422 356 1478 ilenrico
381 1422 457 1477 duce
486 1421 618 1491 excluso,
647 1420 752 1476 castris
776 1419 865 1475 etiam
920 1418 1020 1476 lieden
1044 1419 1099 1476 sibi
1121 1426 1264 1478 vacantes
1285 1418 1395 1490 adjecit
1410 1413 1563 1474 canonicis
1583 1411 1747 1470 antedictis.

35 1507 150 1578 oberge
163 1515 191 1566 et
206 1509 402 1584 stedemdorp
414 1510 541 1584 primitis
554 1509 670 1576 dirutis,
686 1506 864 1582 compositio
920 1508 1093 1565 Novissimis
1108 1513 1209 1566 autem
1222 1509 1329 1565 diebus
1345 1504 1407 1563 suis
1431 1520 1501 1564 cum
1518 1500 1642 1576 aliquali
1661 1515 1747 1574 pace,

34 1597 199 1654 ordinatur.
216 1601 248 1656 Et
266 1615 335 1655 cum
359 1598 421 1655 dux
443 1601 508 1657 Otto
522 1604 655 1656 castrum
671 1595 864 1656 calemberch
921 1599 952 1652 ut
967 1595 1135 1654 dictumest
1150 1597 1297 1671 superius,
1313 1596 1469 1662 frueretur,
1486 1595 1617 1649 castrum
1633 1589 1750 1646 llunde·

34 1700 116 1742 sones
133 1691 207 1754 (199)
222 1685 397 1759 includeret,
412 1693 536 1762 pontem
547 1691 615 1745 ante
629 1692 760 1745 castrum
773 1703 864 1760 super
919 1692 1019 1758 strage
1033 1687 1196 1762 etopidum
1212 1687 1296 1745 [tasle
1314 1687 1385 1759 (205)
1401 1699 1470 1741 cum
1486 1681 1642 1756 adjacente
1655 1679 1746 1737 comi·

34 1775 169 1846 laynam
182 1793 200 1832 1
215 1777 406 1834 sonaeadcm
421 1778 580 1851 episcopus
595 1776 781 1834 excludebat.
799 1777 862 1833 ltux
918 1781 981 1834 tatu
1007 1777 1087 1834 mille
1115 1781 1144 1835 et
1170 1776 1327 1848 nongentis
1345 1774 1455 1832 marcis
1478 1770 1639 1848 emptionis
1662 1769 1747 1827 titulo

31 1865 135 1918 autem
150 1863 291 1920 llenricus
307 1866 464 1923 ecclesiam
489 1865 588 1922 adhuc
611 1857 803 1940 impugnans,
815 1882 863 1922 ca·
918 1868 1113 1940 comparavit,
1127 1867 1299 1940 relinquens
1313 1881 1350 1922 ea
1368 1880 1425 1939 pro
1446 1861 1554 1935 majori
1573 1864 1658 1934 parte
1684 1859 1746 1916 suis

31 1957 129 2008 strum
144 1953 298 2028 quoddam
311 1951 481 2012 ldor'sborch
497 1959 705 2030 nuncupatum
717 1956 746 2011 in
766 1953 864 2011 termi-
917 1953 1140 2011 successoribus
1150 1953 1334 2010 exsolvenda
1349 1953 1410 2024 (aa.
1429 1953 1516 2021 1319).
1541 1948 1619 2005 Licet
1644 1945 1745 2024 itaque

28 2040 79 2095 nis
95 2043 228 2098 cometiae
244 2043 332 2100 Bocla
345 2045 518 2112 construxit,
532 2043 615 2116 quod
635 2045 734 2100 statim
749 2044 862 2116 episco
916 2042 1014 2098 dictus
1029 2043 1190 2117 episcopus
1205 2043 1320 2098 cunctis
1333 2055 1409 2115 pene
1433 2037 1620 2112 temporibus
1633 2037 1745 2110 quibus

28 2145 89 2199 pus
102 2133 130 2185 et
144 2129 203 2200 alii,
219 2131 329 2204 quibus
344 2132 525 2188 constructio
539 2131 716 2204 hujusmodi
740 2131 862 2190 videbe·
916 2135 1050 2188 nostram
1067 2131 1141 2189 rexit
1159 2132 1317 2188 ecclesiam
1339 2133 1496 2204 potentum
1520 2127 1691 2202 principum
1717 2130 1746 2183 et

28 2223 78 2274 tur
93 2219 267 2290 incongrua,
282 2221 512 2292 circumdantes,
541 2221 659 2296 penitus
682 2227 859 2282 everterunt.
915 2221 1042 2278 eliorum
1057 2221 1140 2278 duris
1155 2219 1413 2294 persecutionibus
1432 2217 1659 2284 eitssssmellleuss
1680 2230 1746 2288 818·

27 2307 98 2378 lpso
110 2306 322 2364 nichilominus
347 2309 423 2366 duce
449 2309 480 2365 in
506 2311 711 2383 persecutione
737 2311 860 2368 ecclesie
916 2309 1057 2384 viamque
1073 2326 1249 2380 guerrarum
1262 2307 1440 2366 tumultibus
1459 2306 1546 2364 fuerit
1568 2309 1744 2381 occupatus,

26 2386 221 2466 perdurante,
247 2413 282 2452 ac
306 2397 457 2454 nobilibus
482 2398 551 2455 viris
565 2397 602 2454 de
616 2398 764 2466 werdere,
780 2404 809 2456 et
823 2399 860 2457 de
916 2402 944 2453 et
958 2414 976 2454 a
989 2396 1179 2454 tribulatione
1204 2397 1353 2454 malorum
1370 2398 1399 2452 et
1412 2393 1515 2450 dolore
1527 2396 1649 2450 vexatus
1671 2390 1747 2448 utili-

27 2481 137 2538 Sladen
152 2481 312 2564 comitibus
327 2484 382 2541 sibi
397 2485 676 2560 assistentibus,pe1·
690 2487 789 2560 ipsum
798 2489 860 2562 epi·
915 2489 1006 2542 tatem
1022 2491 1122 2542 11111111
1138 2485 1259 2542 ecclesie
1281 2487 1381 2540 nostre
1410 2487 1471 2539 tam
1495 2481 1526 2538 in
1541 2479 1746 2555 spiritualibus

25 2587 155 2646 scopum
172 2560 303 2629 castrum
318 2571 456 2630 Werdere
471 2571 546 2644 (200)
561 2571 714 2648 aliquanto
728 2579 860 2654 tempore
915 2589 1008 2648 quam
1036 2573 1068 2629 in
1094 2571 1307 2646 temporalibus
1325 2571 1496 2646 prospicere
1520 2584 1582 2628 uon
1605 2569 1743 2640 neglexit,

24 2659 190 2716 obsessum
207 2659 360 2736 capituret
382 2661 544 2717 destruitur
578 2664 714 2719 Castrum
733 2661 860 2722 Walmo·
914 2663 1009 2719 immo
1036 2679 1103 2718 eam
1129 2661 1298 2738 utrobique,
1323 2665 1356 2718 ut
1380 2661 1421 2718 ita
1448 2659 1595 2728 dicamus,
1620 2663 1648 2716 et
1668 2659 1745 2716 iuter

24 2747 88 2805 den
103 2750 143 2806 ad
156 2751 363 2824 reprimendos
378 2749 462 2807 ducis
482 2750 596 2808 11101101
624 2750 748 2824 predicti
771 2753 860 2810 insul·
915 2768 1071 2825 pressuras
1087 2751 1227 2810 exaltavit
1242 2755 1270 2808 et
1288 2751 1364 2808 iuter
1377 2748 1533 2821 angustias
1545 2749 1689 2806 dilatavit.
1713 2751 1746 2806 lit

24 2843 87 2900 tus,
103 2839 156 2911 qui
168 2837 205 2894 de
218 2844 316 2896 castro
332 2842 446 2895 luttere
465 2834 685 2912 irrogabantur,
702 2844 860 2914 nongentis
914 2846 947 2898 ut
973 2843 1010 2899 de
1034 2841 1251 2918 temporalibus
1275 2840 1413 2915 superius
1438 2840 1518 2898 dicta
1539 2838 1699 2910 sufficiant,
1713 2839 1745 2895 in

24 2933 54 2983 et
68 2927 290 3002 quinquaginta
304 2927 371 3001 puri
397 2927 513 2998 argenti
527 2929 636 2985 marcis
651 2930 773 2987 ecclesie
788 2947 859 2989 con·
879 2931 1119 3018 espiritualibus
1148 2931 1225 2988 sicut
1259 2930 1337 2988 intra
1371 2929 1509 2988 scribitur
1538 2946 1569 2986 se
1601 2929 1743 2987 habebat.

24 3017 160 3089 paraturi
179 3019 317 3076 Castrum
328 3033 398 3072 vero
415 3015 533 3074 Sladem
545 3019 674 3089 graviter
693 3017 858 3079 obsidetur.
916 3023 1060 3088 Quamvis
1075 3021 1154 3080 enim
1170 3019 1386 3094 temporalibus
1400 3019 1541 3091 intentus,
1562 3017 1747 3076 adversario-

23 3105 160 3162 l'andem
173 3106 389 3179 compositione
403 3107 480 3162 inter
498 3105 607 3164 ducem
634 3113 662 3166 et
685 3109 860 3186 episcopum
914 3127 984 3166 rum
997 3127 1032 3167 ac
1047 3109 1218 3189 principum
1230 3126 1290 3167 non
1303 3109 1434 3167 timuerit
1445 3109 1647 3184 principatum
1659 3127 1667 3178 ς
1677 3108 1746 3166 totis

23 3192 176 3264 ordinata,
193 3194 355 3270 episcopus
369 3211 476 3266 graves
491 3196 762 3270 inpugnationeset
775 3216 861 3270 guer-
916 3205 1017 3258 tamen
1029 3191 1195 3258 'visceribus
1213 3198 1358 3269 diligebat
1372 3199 1520 3256 Christum
1535 3213 1647 3268 regem.
1670 3200 1746 3254 Nam

23 3299 76 3338 ras
90 3287 270 3355 posteanon
287 3283 444 3354 sustinuit;
473 3273 517 3340 set
540 3300 614 3358 pace
641 3287 764 3361 aliquali
792 3293 860 3347 ante
915 3285 1051 3360 divinum
1067 3288 1195 3346 offitium
1210 3287 1337 3346 libenter
1350 3286 1501 3358 audiebat,
1527 3286 1633 3343 fatiens
1662 3284 1746 3342 omni

23 3371 120 3428 tinem
139 3371 195 3428 vite
209 3387 273 3440 sue,
290 3371 410 3428 modico
423 3376 522 3429 tamen
537 3378 681 3447 tempore,
695 3375 858 3436 fruebatur.
914 3377 963 3436 die
976 3378 1102 3436 missam
1115 3395 1218 3435 coram
1239 3393 1270 3434 se
1291 3393 1345 3450 per
1368 3379 1471 3438 notam
1497 3375 1662 3448 decantari,
1688 3373 1747 3431 nisi

25 3463 104 3515 luter
115 3457 170 3516 bec
185 3465 356 3534 cutemque
372 3447 603 3534 superius'dicta
619 3469 698 3534 suut,
727 3470 859 3526 castrum
914 3484 1112 3540 magnacum
1127 3467 1157 3524 iu
1172 3467 1230 3524 hoc
1245 3466 1407 3524 necessitas
1421 3465 1587 3540 impediret.
1605 3467 1747 3538 11100111-

24 3553 135 3606 ltutam
151 3549 225 3622 (191)
241 3549 352 3608 111000
372 3546 423 3607 ubi
447 3551 548 3622 layna
574 3556 602 3608 et
626 3553 764 3612 lndistria
791 3574 860 3614 con·
913 3556 1076 3629 docunque
1092 3572 1203 3613 novem
1219 3555 1377 3612 lectionem
1401 3555 1509 3612 testum
1533 3552 1657 3626 aliquod
1679 3567 1747 3626 131·

21 3639 124 3695 llunnt
150 3643 326 3713 sumptuose
353 3639 528 3710 construxit,
558 3644 681 3716 propter
708 3644 792 3716 quod
819 3645 858 3704 ab
912 3646 1011 3717 batur,
1028 3661 1089 3703 non
1105 3646 1203 3703 solum
1218 3646 1344 3726 missam
1360 3633 1444 3704 s'etet
1458 3644 1640 3702 matutinum
1653 3659 1746 3702 1011-

22 3729 131 3783 Ottone
144 3727 220 3785 duce
246 3729 493 3798 lunenburgensi
520 3744 627 3798 graves
656 3731 858 3805 impugnatio·
913 3736 1078 3811 spertiuum
1094 3735 1228 3794 officium
1254 3735 1380 3794 tonatim
1403 3751 1474 3793 cum
1496 3749 1595 3808 pausa
1608 3734 1745 3796 etinten-

19 3831 78 3870 ues
91 3821 119 3873 et
132 3833 255 3888 guerras
267 3817 358 3888 longo
371 3823 505 3891 tempore
524 3822 568 3874 est
585 3835 755 3894 perpessus.
784 3825 857 3880 Pace
912 3825 992 3882 tione
1007 3825 1102 3881 multa
1115 3841 1184 3881 cum
1199 3826 1261 3882 suis
1273 3824 1387 3881 clericis
1401 3823 1581 3880 decantavit.
1603 3827 1635 3880 lu
1650 3823 1745 3893 majo·

19 3909 126 3962 tamen
139 3907 280 3963 intereos
299 3897 449 3977 11011110.
466 3910 544 3978 1183,
569 3909 638 3964 Dec.
664 3913 719 3981 16),
744 3911 858 3984 episco
912 3913 995 3968 ribus
1008 3912 1098 3969 etiam
1122 3912 1330 3970 festivitatibus
1351 3914 1380 3968 ct
1402 3907 1643 3966 ordinationibus
1662 3908 1745 3964 cleri·

19 4011 81 4067 pus
96 3995 127 4050 iu
141 3993 256 4068 placitis
269 3994 398 4052 obtinuit
409 3995 515 4052 donari
528 3996 585 4052 sibi
597 4001 626 4053 et
641 3997 763 4056 ecclesie
775 4015 794 4056 a
805 3999 858 4057 du·
912 4017 1017 4058 corum
1042 4016 1077 4056 ac
1105 3999 1253 4056 velatione
1275 4013 1431 4056 sacrarum
1449 3995 1602 4070 virginum
1617 3995 1742 4069 aliisque

18 4103 53 4140 ce
72 4085 214 4158 praedicto
230 4086 443 4160 proprietatem
457 4085 545 4142 castri
561 4087 743 4145 lowenrode
756 4089 857 4165 ctopi-
910 4088 1133 4163 pontificalibus
1147 4085 1253 4145 officiis
1268 4101 1405 4159 comper
1425 4101 1456 4142 se
1471 4100 1557 4166 sacra
1578 4084 1742 4144 missarum

17 4175 49 4232 di
68 4173 240 4244 Honovere;
256 4174 339 4250 quod
355 4179 455 4231 tamen
469 4175 550 4231 idem
565 4175 626 4232 dux
647 4175 687 4232 ab
713 4178 855 4256 episcopo
910 4177 1079 4251 solempnia
1092 4176 1263 4246 celebraret,
1278 4179 1360 4254 111111
1374 4174 1431 4232 sibi
1445 4175 1538 4233 virtus
1553 4179 1582 4236 et
1593 4174 1742 4235 devotioa

17 4261 133 4336 recepit
147 4259 178 4320 in
193 4259 327 4336 laudum,
337 4263 634 4322 datistantummodo
644 4271 765 4323 centum
777 4285 854 4326 mar·
872 4311 896 4368 n
912 4268 1037 4327 nomino
1053 4271 1099 4350 est
1110 4282 1265 4338 concessa,
1280 4270 1312 4323 ut
1324 4266 1356 4322 in
1369 4266 1510 4324 lacrimas
1520 4271 1739 4342 prorumperet,

15 4369 72 4409 crs.
89 4356 147 4408 llor.
158 4357 258 4410 autem
271 4352 385 4410 factum
400 4357 444 4409 est
458 4353 600 4428 episcopo
623 4359 653 4411 et
674 4356 796 4414 ecclesie
821 4358 852 4415 in
907 4363 936 4415 et
949 4357 1045 4414 imbre
1060 4355 1254 4414 lacrimarum
1269 4372 1355 4414 suam
1369 4356 1478 4422 taciem
1492 4355 1637 4431 irrigaret,
1649 4357 1740 4416 deve·

15 4458 250 4515 recompensam
265 4434 361 4499 castri
370 4441 573 4518 Huden,quod
585 4443 648 4500 dux
662 4444 855 4505 destruxerat
910 4447 1042 4523 lienique
1056 4447 1132 4504 adeo
1151 4446 1269 4524 deditus
1285 4447 1432 4522 existeret,
1448 4452 1481 4506 ut
1494 4464 1530 4522 11
1544 4463 1603 4523 que
1620 4451 1753 4518 cautam,

15 4529 197 4588 antedictus.
215 4529 386 4600 Quamdam
401 4531 491 4588 etiam
506 4535 624 4605 partem
638 4533 726 4590 castri
739 4537 855 4610 Popen-
909 4537 950 4594 da
962 4541 1013 4594 aut
1025 4536 1153 4594 dicenda
1167 4540 1261 4616 eraut,
1287 4536 1338 4612 vix
1360 4540 1463 4612 posset
1487 4537 1585 4594 dicere
1604 4540 1657 4594 aut
1669 4551 1737 4607 pro·

14 4621 114 4676 borch
130 4619 169 4677 ab
184 4619 369 4694 impetitione
385 4620 529 4677 Cherardi
540 4621 658 4678 comitis
668 4619 705 4679 de
720 4623 856 4682 Scovven-
910 4626 995 4698 terre,
1012 4630 1055 4684 set
1069 4624 1158 4684 verba
1173 4625 1354 4696 singultibus
1366 4625 1583 4698 interrumpere
1597 4624 1633 4658 ¹¹⁷
1646 4638 1737 4696 opor-

11 4709 113 4766 borch
129 4707 199 4766 data
211 4707 340 4782 pecunia
352 4695 658 4786 ex'pediditCastrum
667 4710 766 4770 llerste
779 4711 855 4787 1192)
910 4712 998 4772 tebet.
1016 4717 1105 4774 Sacra
1120 4715 1210 4774 etiam
1225 4713 1401 4772 visitationis
1416 4711 1549 4771 officium
1567 4711 1669 4772 multis
1681 4729 1736 4772 an-

12 4815 115 4872 prope
125 4799 248 4870 Gotinge
262 4800 460 4872 comparavit,
476 4801 559 4874 quod
575 4807 680 4874 postea
692 4820 746 4877 per
765 4805 855 4862 tradi-
909 4803 956 4864 uis
971 4804 1060 4862 esuis
1075 4803 1337 4882 predecessoribus
1357 4800 1561 4878 intermissum
1583 4817 1653 4860 cum
1673 4819 1737 4870 1111-

11 4891 133 4945 tionem
145 4892 269 4966 captum
283 4887 455 4946 destruitur.
482 4881 618 4949 Castrum
642 4909 765 4968 quoque
789 4897 853 4951 We·
909 4911 970 4968 gna
992 4895 1147 4976 sedulitate
1170 4892 1312 4966 exercuit,
1332 4890 1487 4951 evellendo
1511 4894 1540 4962 et
1559 4891 1735 4965 dissipando

706 5020 820 5079 vaula*
838 5021 1043 5081 unctiones

52 5123 90 5158 ¹¹⁷
107 5136 303 5195 prorumpere
318 5137 397 5178 0001.
413 5122 630 5196 interrumpere
645 5141 672 5182 0.
723 5191 727 5200 ,

819 5231 931 5304 uorsa.

8 5403 15 5414 .
49 5327 667 5400 (1981111111,91110111111111,1101111;
696 5333 848 5404 liverburg
966 5339 1001 5391 01
1031 5335 1143 5392 llarstc.

7 5405 137 5542 1811311
138 5415 213 5528 lfa.
233 5472 476 5530 reconciliationi.
935 5336 999 5620 {d}
1029 5404 1239 5535 ddebtterrrrliddl.
1253 5493 1280 5534 c.
1293 5491 1323 5550 p.
1337 5479 1402 5561 210.Ι
1505 5547 1510 5560 .
1605 5549 1611 5562 ·

61 5546 130 5690 ἓξὲξ
146 5545 477 5676 Ι1ὶ1ῗιιῐ13ο1111911310.
946 5549 1008 5622 195)
1028 5547 1426 5608 lluuncsruclxetliassclm
1442 5546 1573 5621 Sollruga
1588 5549 1672 5606 silva.
