3996 6186
132 238 183 290 753
485 233 532 287 DE
551 231 672 290 ersus
692 229 910 289 nebularia*
930 227 1059 288 nucea.
1076 262 1111 272 -
1130 233 1196 290 LIB.
1214 237 1259 290 lll.
1280 233 1492 292 alerannus.
1791 237 1844 292 754

129 358 272 415 1111111111
285 358 344 415 boc
363 357 480 432 plenius
501 357 677 426 exercebat;
699 355 825 413 rebelles
847 368 919 409 vero
932 356 962 408 11
978 357 1002 410 Α
1016 356 1063 410 tur
1079 371 1086 410 :
1102 378 1116 406 «
1129 359 1209 416 Beati
1222 359 1291 416 estis
1306 375 1376 416 cum
1393 359 1604 416 maledixerint
1616 359 1712 427 vobis,
1728 364 1756 418 et
1779 375 1844 434 per-

129 446 284 504 diseordes
299 446 411 503 blande
426 441 961 520 111111111111111111111111111111-
1016 446 1176 502 secutivos
1189 446 1306 516 luerint,
1323 451 1351 505 et
1365 447 1595 505 dixerintornne
1608 448 1722 505 malum
1741 448 1845 506 adver-

129 537 171 593 sis
184 551 285 593 comes
299 535 441 592 arnulfus
455 535 578 592 nomine
594 535 705 608 sprevit
728 531 867 590 lothario
890 528 963 601 Regi
1016 547 1084 588 sum
1097 550 1162 602 vos,
1178 537 1353 594 mentientes
1380 541 1503 610 propter
1526 552 1584 592 me.
1602 537 1731 594 Gaudete
1754 538 1783 593 11
1793 553 1844 593 ex-

127 641 166 682 eo
188 633 320 698 tempore
343 624 470 681 militare
492 629 521 681 et
544 624 664 680 servire.
690 621 846 680 lotharius
872 619 963 690 igitur
1016 620 1132 692 saltate,
1148 626 1294 696 quoniam
1306 641 1421 682 merces
1437 629 1536 682 vestra
1551 625 1675 698 copiosa
1689 624 1774 682 estin
1789 641 1846 681 111-

125 729 182 769 rex
196 713 286 784 hujus
302 711 551 778 retenimositate,
570 712 662 769 ascita
684 710 783 772 hostili
805 707 962 778 Francige-
1014 707 1060 764 lis.
1079 732 1094 760 »
1109 711 1188 776 Quas
1203 716 1231 768 et
1243 719 1371 786 quantas
1385 713 1441 770 iste
1464 713 1525 769 dux
1541 729 1652 787 passus
1673 717 1702 770 et
1724 711 1847 769 maledi-

127 819 239 859 narum
255 802 568 875 Burgundionumqua
581 816 676 857 manu
690 798 866 856 Atrebatum
877 795 963 852 obse-
1015 799 1127 854 ctiones
1150 804 1179 857 et
1205 801 1409 874 blasphemias
1422 818 1477 875 pro
1491 802 1576 874 regni
1603 801 1730 858 coelestis
1755 801 1847 874 adep·

127 891 210 947 ditet
220 890 319 965 coepit,
333 895 514 962 catenasque
528 889 710 946 munitiones
721 887 761 944 ad
775 885 855 942 Leise
866 898 963 956 usque
1015 887 1105 956 tione,
1121 889 1221 946 nullus
1248 895 1419 948 nostrorum
1437 891 1516 948 valet
1541 907 1727 948 enumerare.
1754 890 1845 948 Susti-

27 993 43 1030 ;.:
127 979 258 1036 fluvium
276 979 333 1035 sibi
357 977 541 1050 subiugavit.
567 977 660 1048 liujus
682 973 836 1032 infortunii
860 971 963 1028 dolore
1015 976 1602 1054 11111111111111111111111111111111
1617 977 1844 1050 catholica,pr0

26 1083 38 1120 :³
125 1072 267 1136 maestus,
280 1084 382 1125 comes
398 1066 540 1123 Amulius
554 1067 638 1141 petiit
653 1063 837 1122 Richardum
854 1060 963 1117 ducem
1015 1065 1100 1136 regni
1127 1067 1227 1135 tutela,
1251 1082 1443 1140 paganorum
1471 1068 1617 1124 attritione
1644 1067 1842 1137 severissima,

24 1175 44 1212 a
128 1158 260 1232 supplex
273 1161 302 1214 et
311 1157 448 1228 devotus,
463 1161 494 1212 ul
506 1154 679 1229 pacificaret
697 1169 729 1209 se
755 1167 825 1208 cum
851 1165 921 1221 rege
935 1153 964 1205 et
1015 1170 1071 1228 pro
1087 1155 1317 1212 ‘monachorum
1344 1156 1559 1228 negligentium
1582 1156 1717 1226 regulam
1739 1155 1845 1213 coutri-

21 1265 35 1301 .=.
127 1245 319 1317 Francigenis
331 1244 530 1319 principibus.
547 1243 716 1300 Richardus
729 1256 800 1298 vero
822 1237 962 1297 benivolo
1015 1241 1094 1299 tione
1110 1244 1310 1313 sanctissima,
1325 1259 1381 1317 pro
1395 1244 1610 1300 canonicorum
1623 1244 1700 1300 inter
1714 1259 1745 1299 se
1759 1243 1845 1299 dissi·

126 1339 280 1393 consuete
303 1333 521 1408 pacificationis
535 1332 640 1390 habitu
661 1331 788 1405 pollens,
812 1329 962 1400 hujusque
1015 1331 1150 1388 dentium
1165 1333 1336 1400 concordia,
1353 1332 1564 1405 prolaicorum
1576 1346 1652 1404 paee
1665 1331 1843 1388 intermissa.

17 1446 35 1482 1.
126 1423 234 1480 damni
248 1422 368 1494 negotio
379 1426 484 1478 contra
492 1424 603 1491 Regem
615 1419 655 1476 ad
666 1417 810 1492 placitum
822 1430 961 1489 pergens,
1015 1423 1085 1478 Erat
1097 1420 1179 1477 enim
1192 1421 1277 1478 istius
1289 1419 1375 1477 ducis
1389 1421 1522 1480 Christus
1536 1419 1567 1476 in
1581 1435 1683 1489 eausa,
1699 1419 1767 1476 ideo
1780 1434 1845 1475 ma-

18 1535 26 1572 :¹
125 1507 791 1587 ρ1111111111111111111111111111111111111,
805 1503 961 1577 coegitque
1014 1509 1190 1566 letaniorum
1216 1509 1362 1567 adversus
1387 1527 1457 1568 eum
1482 1525 1544 1566 non
1568 1509 1726 1584 praevaluit
1750 1509 1844 1566 mina,

22 1611 31 1660 ‘2
127 1601 215 1657 reddi
229 1600 270 1656 illi
282 1599 383 1656 nimiae
397 1599 577 1673 precationis
588 1597 696 1654 affeetu
706 1595 891 1652 Atrebatum.
903 1595 962 1648 Nee
1016 1598 1171 1656 (laudabat
1191 1614 1324 1672 namque
1339 1599 1451 1656 coelesti
1472 1597 1610 1654 mercede
1634 1598 1793 1672 promissa,
1817 1599 1847 1654 et

21 1715 31 1753 .·
126 1690 201 1746 illud
222 1688 465 1763 pratereundum
479 1687 573 1760 quod,
599 1686 737 1744 lothario
763 1699 832 1754 rege
857 1681 959 1739 delun·
980 1701 1001 1756 g
1016 1687 1194 1755 exsultabat,
1222 1687 1415 1745 inimicorum
1443 1686 1675 1760 invidorumque
1708 1686 1846 1743 omnium

15 1807 25 1844 -,
128 1783 189 1846 cto,
210 1779 297 1850 blugo
312 1778 375 1834 dux
388 1775 581 1832 intronizatus
596 1775 628 1830 in
643 1789 736 1845 regno
756 1771 850 1828 voluit
871 1786 963 1844 super
1015 1780 1163 1851 prostrata
1177 1776 1321 1850 nequitia.

128 1868 287 1924 Alhertum
302 1865 441 1922 comitem
456 1865 600 1938 equitare,
615 1861 714 1920 hostili
738 1861 869 1918 exercitu
892 1875 963 1916 con-

1330 1880 1523 1922 arosruornl.

14 2015 26 2023 ,.
128 1957 263 2026 globato.
280 1955 416 2012 ilbertus
435 1955 524 2025 igitur
548 1957 684 2009 metuens
709 1954 870 2008 venturum
892 1948 962 2004 luri·

128 2043 230 2100 bundi
243 2043 322 2114 regis
341 2043 514 2108 adventum,
528 2040 608 2097 misit
630 2039 794 2113 quemdam
822 2037 963 2094 clericum

12 2107 21 2200 ’,
129 2131 255 2204 pretiosi
270 2131 409 2203 martyris
425 2130 530 2188 caasa
557 2129 689 2196 canini
712 2127 892 2184 canonicum
911 2142 964 2182 nc

13 2285 18 2292 ,
126 2219 212 2276 mine
236 2219 402 2286 liudonem,
423 2218 537 2275 dictum
561 2218 601 2274 ad
625 2217 807 2274 Richardum
836 2231 962 2273 summae

126 2307 278 2380 patientiae
292 2307 468 2381 patricium
486 2311 518 2364 nt
532 2323 570 2364 ne
589 2306 689 2363 hostili
711 2306 898 2364 immanitate
909 2305 963 2361 de·

126 2401 298 2453 vastaretur
311 2412 410 2470 pagus
421 2395 714 2463 Viromandensium,
729 2395 898 2452 interventu
908 2410 963 2450 suo

10 2527 13 2560 ;
129 2489 255 2542 1111111
275 2484 471 2541 intercederet
484 2500 539 2558 pro
555 2501 586 2541 se
601 2484 684 2557 apud
700 2499 802 2554 regem
824 2481 965 2556 pestilera

128 2573 320 2629 animositate
350 2572 484 2645 plenum.
516 2575 580 2629 Dux
606 2588 679 2629 vero
704 2571 870 2628 Richardus
893 2586 964 2627 cum

129 2677 254 2718 summo
285 2661 457 2718 reverentie
488 2660 571 2717 cultu
601 2659 733 2734 suscepit
757 2659 908 2729 clericum,
937 2661 966 2715 et

128 2749 269 2821 proiectu
298 2753 344 2805 est
371 2752 476 2805 contra
504 2763 606 2818 regem
641 2748 792 2805 volentem
829 2746 962 2820 equitare

128 2838 226 2895 ascito
239 2837 337 2894 hostili
363 2837 495 2895 exercitu
518 2852 608 2910 super
628 2837 790 2900 Albcrtum.
816 2840 845 2893 et
870 2835 967 2892 multi·

130 2927 295 2983 modarum
310 2925 572 3000 prosecutionibus
585 2925 763 2999 petitionum
772 2939 966 2999 compescens

129 3031 238 3086 regem
253 3016 437 3082 animosum,
454 3014 531 3071 datis
546 3015 702 3071 obsidibus
716 3014 886 3089 pacificavit
897 3030 966 3070 cum
981 3049 1002 3105 C

129 3119 203 3175 rege
234 3102 398 3160 albertum.
428 3103 520 3174 liujus
545 3102 635 3172 igitur
661 3102 831 3160 beatudinis
858 3117 967 3175 praero-

130 3194 237 3264 gativa
250 3192 304 3248 iste
319 3191 379 3248 dux
395 3190 547 3265 profusius
561 3191 671 3260 floruit,
685 3192 757 3264 quia
771 3207 848 3265 quos
863 3190 966 3247 audie-

130 3283 187 3340 bat
202 3281 368 3350 discordes,
388 3285 440 3338 aut
454 3296 508 3354 per
531 3297 562 3338 se
589 3286 641 3340 aut
654 3297 708 3354 per
729 3280 844 3350 legatos
866 3280 968 3354 pacifi-

131 3370 234 3427 cabat.
249 3369 428 3426 racifieabar
446 3369 527 3426 enim
540 3370 742 3440 Francigenas
755 3375 784 3426 et
796 3370 967 3427 botharieu-

131 3476 193 3527 scs,
210 3459 439 3529 Burgundiones
459 3464 488 3515 et
502 3458 710 3527 l'landrcnses,
732 3459 843 3529 anglos
867 3463 896 3515 11
918 3459 967 3514 111-

131 3549 309 3614 beruenses,
326 3549 546 3604 Northmaunos
559 3553 588 3604 et
604 3549 745 3604 britones.
763 3547 967 3605 Sciebatenim

132 3637 254 3694 nullum
268 3635 448 3692 sacrificium
472 3641 500 3693 et
521 3636 732 3694 holocaustum
752 3641 814 3693 tam
833 3641 967 3709 accepta·

133 3726 194 3782 hile
209 3729 279 3789 Deo,
294 3741 385 3798 quam
402 3725 485 3798 pacis
509 3726 737 3782 incrementum.
757 3723 969 3782 Venerabiliter

133 3830 210 3884 crgo
223 3814 277 3870 iste
291 3813 354 3869 dux
368 3813 509 3871 intereos
523 3818 699 3870 numeratur
718 3813 771 3887 qui
784 3813 844 3870 fide
859 3818 888 3869 et
901 3812 968 3868 imi-

134 3903 248 3959 tatione
262 3901 377 3958 liliiDei
392 3907 548 3970 vocantur,
573 3903 644 3974 quia
664 3901 733 3958 totis
757 3901 828 3958 fidei
852 3901 968 3957 nisibus

134 3991 273 4065 implevit
286 3991 369 4065 quod
384 3995 473 4048 tantae
497 3990 634 4062 dignitati
651 4005 816 4061 congruere
841 4005 970 4062 praesen·

136 4082 186 4148 sit,
212 4080 309 4136 sciens
337 4096 399 4136 uon
424 4079 584 4152 prohibere
608 4080 704 4135 Deum
729 4078 970 4151 quamplurimos

134 4169 202 4226 fieri
227 4169 283 4225 dos
297 4169 523 4242 participatione
547 4167 674 4224 deitatis.
694 4167 856 4224 videamus
881 4167 971 4236 igitur

137 4257 291 4329 Evangelii
317 4258 515 4332 sequentiam,
544 4273 607 4330 qua
630 4256 758 4312 dicitur:
788 4279 803 4306 «
818 4257 900 4313 Beati
918 4259 972 4328 qui

1070 1957 1144 2012 Cum
1158 1970 1212 2028 per
1225 1953 1367 2011 mirificos
1381 1951 1629 2026 magnificosque,

1070 2044 1188 2102 Cunctis
1204 2043 1382 2101 christicolis
1396 2043 1642 2117 percelebresque

1070 2132 1208 2190 Richardi
1222 2131 1337 2189 comitis
1350 2131 1537 2205 patriciique,

1070 2223 1257 2297 lusignisque
1271 2223 1367 2290 ducis,
1382 2227 1411 2281 et
1424 2221 1584 2290 recolendi,

1069 2311 1172 2369 Solvor
1184 2312 1368 2368 thematibus
1381 2311 1489 2369 vilibus
1504 2315 1587 2367 actus
1603 2328 1610 2367 ε

1069 2403 1140 2458 Pars
1154 2415 1256 2457 rerum
1267 2399 1373 2456 melior
1386 2403 1463 2456 tecta
1476 2399 1605 2472 videtur,

1071 2493 1105 2548 Et
1118 2493 1215 2562 torpet
1230 2489 1320 2547 series
1333 2504 1414 2544 nuuc
1428 2487 1589 2555 luculenta,

1072 2581 1143 2645 Quae
1155 2579 1220 2650 jam
1235 2577 1399 2651 pernicicm
1411 2577 1542 2633 conteret
1556 2591 1668 2644 acrem,

1073 2666 1176 2735 Stulte,
1193 2666 1233 2722 ha
1247 2667 1253 2722 l
1269 2665 1406 2723 mihimet
1419 2681 1481 2723 non
1495 2667 1627 2721 reserata

1071 2754 1229 2826 permagni
1243 2755 1371 2812 nimium
1385 2769 1510 2811 munere
1522 2753 1646 2820 1111111,

1070 2847 1113 2902 Tu
1127 2843 1282 2900 fraudatus
1297 2843 1365 2911 eris,
1380 2843 1493 2917 optime
1504 2842 1606 2899 lector.

1072 2933 1158 3001 Quod
1173 2949 1328 2990 summum
1341 2932 1425 2989 haud
1440 2932 1532 3002 tetigit
1545 2933 1628 2991 llusa
1641 2929 1786 2988 lahorem.

1072 3023 1153 3079 11111
1168 3023 1246 3078 heu!
1261 3021 1400 3080 funereos
1415 3021 1681 3095 perlugubresque,

1072 3114 1151 3170 ldcns
1165 3125 1303 3184 presaga
1317 3111 1409 3178 necis,
1426 3114 1516 3183 atque
1529 3109 1651 3178 doloris,

1073 3197 1203 3256 llifflnire
1217 3200 1326 3258 modos
1341 3215 1471 3274 expaves
1485 3200 1621 3268 horrens,

1074 3289 1129 3343 lies
1145 3287 1316 3356 moestilera,
1333 3287 1426 3358 digna
1437 3285 1538 3344 taceri

1075 3376 1096 3433 0
1109 3391 1157 3432 res
1169 3375 1343 3444 moestilera,
1358 3376 1449 3449 plena
1461 3373 1573 3431 doloris
1585 3374 1591 3428 l

1075 3465 1256 3537 Quanquam
1271 3464 1369 3521 dicere
1383 3463 1421 3521 sit
1434 3462 1514 3520 triste
1528 3461 1692 3532 minaxque

1075 3553 1193 3608 Cunctis
1207 3556 1236 3608 ct
1250 3552 1420 3626 querulum,
1439 3554 1469 3608 et
1481 3549 1689 3624 prodigiosum

1075 3642 1255 3715 Quanquam
1269 3641 1368 3698 flebile
1393 3641 1430 3698 111
1440 3640 1578 3709 scribere,
1594 3638 1735 3695 scribam.

1075 3729 1209 3786 Scribam
1222 3731 1306 3803 quod
1318 3730 1416 3798 doleo,
1431 3727 1515 3803 quod
1530 3727 1587 3784 ileo
1600 3742 1742 3796 moercns,

1074 3816 1119 3872 ed
1133 3817 1226 3874 vitam
1243 3817 1332 3874 subiit
1343 3817 1471 3890 qualiter
1484 3816 1538 3871 isle

1076 3906 1151 3973 Dux,
1165 3908 1193 3960 et
1206 3905 1359 3979 patricius,
1374 3909 1403 3961 11
1414 3902 1550 3960 marchio
1564 3915 1711 3956 summus.

1075 3993 1157 4051 liorti
1171 3992 1277 4049 limina
1290 4009 1345 4065 per
1356 3992 1458 4048 debita
1472 3988 1565 4056 carni,

1077 4081 1260 4152 eonjmctus
1275 4079 1402 4137 Domino
1416 4080 1537 4151 perpete
1553 4074 1679 4146 Christo,

1079 4173 1112 4225 Et
1123 4169 1191 4242 plus
1205 4173 1238 4225 ut
1252 4172 1373 4240 stupeas
1385 4165 1579 4223 munificatus

1079 4261 1154 4316 Usus
1169 4257 1260 4332 inque
1274 4258 1369 4314 Deum
1384 4259 1490 4329 estque
1504 4259 1632 4310 eerrrlr.
1703 4305 1704 4310 ,

135 4346 375 4420 persecutionem
391 4347 546 4419 patiuntur
570 4350 692 4419 propter
715 4345 871 4416 justitiam,
898 4360 972 4418 quo-
1061 4350 1136 4405 cum
1150 4350 1251 4403 autem
1265 4350 1417 4403 tantarum
1425 4342 1656 4416 beatitudinum,
1668 4345 1852 4416 utcompen·

136 4437 222 4492 niam
235 4435 373 4508 ipsorum
388 4439 432 4492 est
451 4449 580 4505 regnum
604 4434 762 4491 coelorum.
776 4457 791 4484 a
814 4434 843 4491 Si
866 4433 972 4506 queri-
1025 4436 1225 4493 diosehehete
1245 4439 1322 4510 etyto
1342 4435 1548 4492 elucubratum
1562 4437 1619 4498 est,
1634 4432 1772 4491 redolens
1796 4430 1852 4486 lla-

135 4529 185 4581 tur
202 4539 295 4580 causa
307 4523 523 4596 persecutionis
537 4523 629 4594 hujus
644 4523 740 4593 ducis,
756 4539 817 4579 nou
834 4522 893 4579 alia
907 4539 973 4596 pro
1026 4529 1125 4597 graret
1148 4525 1300 4598 lampade,
1322 4523 1411 4597 J'ussit
1430 4522 1488 4580 sihi
1508 4521 1595 4579 excel
1630 4519 1853 4593 sarcophagum

137 4612 186 4668 cul
202 4610 297 4668 dubio
308 4611 454 4683 reperitur
469 4627 562 4683 quam
584 4610 716 4682 justitiae,
741 4610 846 4668 Christi
868 4610 972 4667 videli-
1026 4614 1146 4681 scllicct,
1162 4618 1191 4670 et
1203 4613 1281 4670 infra
1301 4613 1459 4672 ecclesiam
1484 4612 1607 4668 iiscarro
1622 4607 1744 4666 nomine
1767 4602 1852 4660 deili-

138 4704 195 4768 cet,
213 4715 306 4772 quem
326 4703 386 4756 toto
411 4699 511 4770 eorde,
538 4703 600 4756 tota
623 4699 737 4770 anima,
766 4700 833 4756 totis
861 4699 972 4756 viribus
1026 4719 1067 4759 cre
1080 4702 1213 4760 Trinitati
1223 4707 1432 4759 consecratam
1447 4704 1516 4757 ante
1529 4699 1630 4755 locum
1644 4691 1852 4752 sueontssua

138 4789 289 4847 amabat:
317 4804 408 4861 quem
434 4789 549 4859 integra
573 4787 644 4858 lide,
670 4803 790 4846 summa
817 4787 973 4845 devotione
1026 4791 1134 4858 locare,
1148 4796 1176 4848 et
1190 4806 1251 4847 uuo
1270 4806 1393 4865 quoque
1414 4788 1462 4844 die
1477 4791 1566 4843 sextae
1588 4783 1679 4854 lerie,
1704 4782 1854 4854 quantum

138 4876 259 4935 colebat
272 4880 301 4932 et
316 4876 480 4934 adorabat:
496 4892 627 4950 proquo
643 4877 798 4934 monachis
812 4881 840 4933 et
854 4877 974 4934 canoni-
1028 4879 1168 4936 humenti
1182 4895 1279 4953 capax
1302 4882 1366 4936 erat
1390 4880 1420 4934 et
1433 4875 1568 4948 quinque
1591 4869 1702 4928 solidos
1716 4866 1855 4942 pauperi-

138 4968 182 5024 111
192 4965 333 5022 ecclesias
346 4965 549 5033 construebat,
565 4970 594 5021 et
608 4980 674 5036 qum
701 4967 869 5023 necessaria
890 4970 976 5023 erent
1030 4970 1085 5026 bus
1097 4983 1231 5036 erogare.
1249 4967 1380 5039 Denique
1394 4961 1579 5022 multimodis
1590 4954 1855 5014 innumerabilium

138 5053 347 5112 distribuebat.
365 5053 482 5111 Cultum
497 5052 648 5124 religionis
660 5058 759 5110 tenere
773 5055 910 5126 cogebat,
923 5070 975 5127 pa
1028 5073 1156 5113 casuum
1171 5054 1413 5121 adversitatibus,
1425 5047 1701 5123 multiplicibusque
1725 5043 1856 5118 aequani-

139 5159 238 5216 gauos
252 5143 282 5198 ln
298 5142 447 5199 Christum
463 5142 583 5199 credere
600 5142 735 5213 urgebat,
749 5143 905 5200 etillorum
920 5145 975 5200 im·
1028 5145 1115 5202 miter
1128 5142 1283 5200 laboribus
1295 5159 1350 5216 pro
1366 5142 1416 5199 Dei
1430 5154 1533 5198 amore
1546 5134 1688 5204 toleratis,
1712 5133 1856 5192 adminis-

138 5237 247 5307 petum
261 5248 299 5288 ne
324 5231 479 5288 Franciam
501 5231 692 5288 devastarent
718 5232 873 5289 tolerabat.
897 5235 974 5288 llore
1029 5231 1205 5290 ustionibus
1219 5229 1393 5303 temporalis
1407 5229 1474 5286 vite
1486 5228 1563 5284 bene
1576 5225 1743 5294 transactis,
1764 5224 1855 5296 largi·

139 5319 974 5393 11111111111111111111111111111111111181111111111
1028 5320 1096 5377 11111
1111 5318 1342 5392 multiplicisque
1362 5315 1573 5374 misericordie
1597 5314 1739 5388 operibus
1764 5314 1854 5385 datis,

138 5409 261 5478 comite,
275 5408 448 5465 monasticis
461 5408 551 5465 rebus
577 5408 697 5466 inhians
722 5425 782 5466 non
805 5410 933 5466 cessavit
957 5425 976 5466 a
1029 5407 1157 5465 ducibus
1171 5405 1428 5480 imitabilibusque
1443 5405 1508 5462 ritae
1523 5404 1668 5477 exemplis
1694 5403 1854 5470 concessis,

139 5497 249 5553 Christi
265 5497 365 5554 laude.
381 5496 576 5569 ldultipliciter
590 5497 669 5553 enim
686 5501 871 5569 persecutus,
887 5497 975 5552 11111-
1029 5493 1293 5554 innumerabilium
1300 5495 1485 5569 captivorum
1492 5492 1674 5564 agiminibus
1680 5489 1855 5563 redemptis,

137 5602 210 5642 rum
221 5599 358 5654 regnum,
369 5584 453 5657 quod
467 5585 614 5658 quaesivit,
630 5589 663 5640 ut
678 5583 829 5640 credimus
844 5583 973 5641 intravit.
1029 5585 1250 5642 monachorum
1265 5583 1540 5655 canonicorumque
1564 5579 1708 5639 cenobiis
1727 5578 1855 5649 relectis,

140 5673 333 5732 confortatus
345 5674 506 5730 salvatoris
533 5673 627 5730 nostri
646 5672 800 5740 sententia,
826 5687 888 5745 qua
902 5671 974 5732 dici·
1030 5674 1178 5732 immensa
1191 5673 1280 5731 varie
1295 5672 1462 5748 supellectis
1474 5670 1553 5728 mole
1563 5669 1721 5728 distributa
1735 5667 1857 5741 profuse
