3984 6182
114 66 164 122 ets
302 120 310 128 ,
473 110 475 114 .
859 63 1075 124 prunestre.
1771 79 1823 134 950

11 203 16 241 r
112 188 222 248 scilicet
239 191 272 246 ut
283 186 450 246 meandum
465 187 556 246 tidem
572 192 601 246 at
622 206 727 246 eornm
748 186 938 262 proprietatis
962 190 1071 250 Atiam
1083 196 1252 256 secuudum
1268 197 1436 270 regularem
1446 198 1727 259 institutionemalio
1738 201 1825 260 deca-

111 276 324 338 contiaeuliam
337 281 483 350 perpetuo
498 282 528 335 et
548 279 725 336 inconvulsa
746 281 899 348 maneant,
916 281 946 332 et
998 281 1096 340 deute.
1114 288 1193 342 utut
1208 287 1291 344 nullo
1315 303 1451 360 unquam
1465 292 1599 362 tempore
1619 290 1675 346 sub
1699 289 1825 366 alicujus

109 367 253 426 inviolata
267 366 440 440 perdurent.
458 371 588 434 Quorum
603 368 736 440 petitioni
747 367 893 424 benevolo
903 366 945 424 ia·
998 372 1130 446 episcopi
1143 375 1348 434 dominatione
1360 377 1545 450 redigantur,
1562 383 1591 435 et
1603 378 1824 454 nullusepisco-

11 473 14 510 2
109 473 182 514 rore
194 456 603 532 assentientes,maximeque
617 457 657 514 ob
671 457 792 526 gloriosi
802 456 944 513 avunculi
997 475 1055 531 pus
1068 461 1163 534 ipsam
1179 464 1363 522 abhatiama
1377 465 1460 538 regia
1473 466 1648 524 celsitudine
1661 469 1823 541 exquirere,

11 575 14 598 i
108 546 205 604 nostri
217 546 323 604 domui
337 545 454 604 Henrici
470 546 555 604 ducis
569 546 751 617 Burgundira
762 545 942 604 memoriam
998 553 1026 606 et
1037 551 1118 623 ipsos
1128 555 1293 612 monachos
1308 555 1464 614 sollicitare
1473 561 1524 614 aut
1537 557 1703 632 inquietare
1712 573 1824 632 prasu-

109 642 139 694 et
151 635 264 696 Ottouis
279 635 376 694 cetus
396 636 472 706 ejus,
488 636 541 709 qui
557 652 620 693 sese
635 635 855 709 particulariter
869 634 943 692 inibi
997 639 1128 706 mathae
1140 644 1435 704 nostrreuuetoritatis
1445 645 1825 720 praeceptionaomnimodo

11 775 15 782 .
109 725 167 784 sub
191 724 270 782 beati
286 723 425 780 Germani
440 724 607 796 patrocinio
630 723 854 797 manciparunt,
868 728 904 789 ut,
915 727 953 778 et
996 726 1211 786 interdicimus.
1229 732 1257 788 Si
1271 732 1339 806 quis
1353 734 1557 806 autemhujus
1571 739 1681 792 nostrae
1697 737 1824 793 aucteri-

11 851 14 874 ¹.
107 814 269 888 sepulturas
295 813 432 874 mansisti
458 813 538 881 sint;
567 829 623 870 nos
649 828 771 888 quoque
800 812 942 870 eumdem
997 815 1063 874 tatis
1080 820 1252 876 temerarius
1267 820 1391 878 violator
1401 826 1452 880 aut
1473 827 1661 900 contemptor
1675 840 1740 880 esse
1753 827 1826 882 tem-

11 931 15 966 2
106 904 333 964 locumsanctas
352 903 639 976 potiusrererentiaa
660 919 754 976 quam
770 901 943 960 alieuisub-
996 905 1133 976 piaveril,
1148 922 1208 962 non
1224 907 1321 964 valeat
1344 909 1501 986 impetrare
1520 911 1603 984 quod
1617 911 1746 986 expetit:
1771 911 1825 968 sed

103 993 229 1066 jectieui
243 993 467 1063 committimus,
482 991 942 1064 tradunus‚sublimamus.rrre-
995 993 1118 1068 insuper
1141 1011 1197 1068 pro
1217 996 1304 1066 regias
1329 999 1494 1070 majestatis
1516 1004 1688 1074 contemptu
1703 1005 1824 1060 centum

106 1089 196 1158 cepta
208 1098 331 1157 quoque
346 1083 450 1140 omnia
462 1087 492 1138 et
505 1083 697 1140 auctoritates
712 1086 822 1138 nostrae
841 1081 943 1138 denuo
995 1082 1086 1140 libras
1099 1084 1165 1141 auri
1175 1086 1542 1156 coctieogaturexsolvere
1554 1107 1562 1158 ;
1573 1089 1762 1148 medietatem
1777 1107 1824 1149 ca-

11 1233 13 1238 ,
107 1171 327 1245 astipulationis
339 1171 437 1229 edicto
452 1171 669 1228 confirmamus
685 1191 691 1240 ;
706 1171 805 1244 ipsam
819 1186 941 1244 quoque
995 1188 1085 1230 merus
1101 1177 1221 1245 uestrae,
1238 1171 1428 1232 medietatem
1446 1176 1520 1250 ipsis
1535 1177 1692 1236 monachis
1705 1197 1712 1247 ;
1727 1179 1764 1238 de
1779 1195 1824 1238 ce-

106 1261 372 1332 ccngregationem
389 1261 447 1320 sub
459 1261 635 1334 plenissima
647 1260 822 1318 defensione
837 1265 943 1318 nostra
996 1263 1063 1320 teris
1077 1279 1147 1320 vero
1164 1265 1343 1338 supradictis
1364 1266 1614 1341 praeceptionibus
1627 1267 1824 1330 immunitatis

105 1350 242 1424 quietam
262 1367 297 1408 ac
320 1349 446 1408 liberam
461 1366 527 1406 esse
542 1350 692 1422 volumus,
713 1365 782 1406 cum
797 1347 940 1406 omnibus
995 1352 1281 1425 acontemptoribus
1302 1370 1393 1427 poena
1415 1355 1560 1424 exigatur.
1577 1357 1612 1412 Ut
1634 1360 1734 1413 autem
1759 1356 1824 1416 haec

106 1456 176 1512 quse
197 1439 291 1513 ipsius
305 1439 479 1498 monasterii
498 1444 577 1510 sunt,
593 1439 833 1512 uelquocnnque
848 1437 941 1494 modo
994 1439 1157 1498 altitudinis
1170 1445 1279 1496 nostrae
1295 1441 1483 1500 confirmatio
1507 1459 1560 1500 seu
1580 1443 1741 1519 praeceptio
1763 1459 1825 1504 me-

105 1529 412 1603 pertinercvideutur,
427 1529 636 1586 inviolabiliter
648 1529 822 1585 auctoritate
836 1531 939 1586 nostra
956 1545 975 1598 g
993 1526 1098 1586 liorem
1114 1546 1233 1602 semper
1247 1529 1380 1589 obtineat
1396 1531 1579 1602 firmitatem,
1603 1549 1698 1592 manu
1721 1539 1824 1594 nostra

105 1633 284 1690 permanere
307 1617 507 1686 decernimus,
533 1622 562 1674 et
596 1617 654 1674 snb
677 1622 787 1674 nostra
809 1616 940 1674 tuitionis
994 1633 1061 1674 eam
1086 1618 1387 1690 subterfirmavimus,
1407 1625 1436 1678 et
1457 1621 1561 1680 annuli
1583 1623 1676 1680 nostri
1698 1623 1824 1698 impres·

105 1709 325 1780 gubernatione
350 1707 533 1780 suscipimus
551 1726 557 1763 :
574 1710 613 1764 ita
628 1713 660 1764 ut
674 1707 730 1764 sub
745 1711 851 1764 nostra
874 1722 940 1779 pro
994 1706 1076 1765 sicne
1091 1707 1214 1778 sigillari
1225 1709 1384 1780 jussimus.

104 1799 234 1860 tectione
249 1797 337 1854 liceat
347 1797 390 1854 eis
404 1798 503 1871 quiete
518 1797 623 1868 vivere,
643 1801 672 1852 et
690 1796 820 1854 vivendo
839 1796 939 1869 quies·
1027 1800 1133 1854 Actum
1146 1797 1342 1854 uunssiodori
1355 1797 1472 1858 civitate
1486 1798 1638 1872 publice,

11 1959 12 1962 Ἴ
104 1903 190 1958 eare;
206 1887 368 1960 nullusque
382 1887 552 1960 episeopus,
561 1885 608 1943 vel
617 1886 724 1958 aliquis
735 1901 772 1942 ex
786 1885 940 1960 episcopa·
1383 1923 1418 1976 w

104 1976 187 2034 libus
203 1976 344 2034 ministris
359 1975 471 2032 ibidem
485 1974 600 2048 aliquid
614 1979 779 2047 praesumat
801 1989 938 2030 exercere
1420 1961 1427 1978 ⁸

100 2065 271 2134 judicium:
287 2069 316 2122 et
334 2063 433 2120 nullus
458 2064 552 2135 judex
578 2063 716 2137 publicus
739 2062 787 2119 rel
813 2062 939 2135 quilibet

101 2157 227 2210 exactor
239 2153 403 2223 judiciaria
420 2154 583 2225 potestatis,
599 2153 645 2208 vel
657 2152 765 2226 aliquis
779 2168 816 2208 ex
828 2151 937 2210 nostris

99 2239 255 2310 fidelihus,
271 2240 318 2298 rel
337 2240 438 2314 aliqua
452 2256 565 2312 magna
579 2257 732 2316 paruaque
753 2257 883 2314 persona
905 2240 936 2300 in
1012 2319 1014 2322 Ι
1261 2207 1356 2280 (Cim
1370 2223 1442 2266 ⁸⁰¹¹·
1460 2209 1547 2278 lomi·

98 2329 245 2390 omnibus
257 2329 347 2388 rebus
362 2328 459 2386 eidem
475 2329 542 2388 loeo
556 2330 685 2386 subditis
700 2329 739 2388 ad
755 2346 865 2386 causas
881 2347 935 2386 au·
991 2315 1076 2386 [00111
1090 2317 1230 2382 ΜᾸΗΤΕΝΕ,
1249 2315 1391 2372 Thesaur-
1403 2315 1640 2398 Ayltcdffloifflss·
1653 2319 1675 2401 ¹3
1689 2315 1745 2374 ⁰0¹·
1758 2320 1819 2392 ¹⁰72

97 2417 241 2486 disndes,
257 2417 304 2474 vel
318 2417 403 2476 freda
417 2423 471 2476 aut
481 2418 592 2478 tributa
606 2419 766 2490 exigenda,
782 2423 834 2475 aut
846 2435 936 2476 man·
1115 2401 1151 2442 ΒΧ
1171 2385 1359 2459 ³⁰t⁰3f³ph⁰
1377 2386 1493 2458 Mam
1508 2387 1695 2460 M⁰n³⁵¹⁰ffl]·

97 2506 203 2566 sinuas
214 2506 262 2563 vel
276 2511 398 2580 paratas
413 2507 578 2578 iaciendas,
603 2512 656 2564 aut
669 2506 862 2579 fidejussores
885 2507 936 2564 tol·
1026 2511 1224 2572 consistamus
1237 2511 1269 2568 in
1281 2511 1394 2570 umen
1407 2511 1526 2568 Deitatis
1541 2513 1821 2574 sommreetinecm·

96 2594 219 2666 lendes,
234 2599 287 2652 aut
299 2596 438 2651 homines
453 2595 548 2668 ipsius
564 2595 747 2667 monasterii,
754 2599 816 2652 tam
832 2612 936 2652 servos
990 2600 1199 2675 prehensibilis
1212 2600 1359 2658 Trinitatis
1373 2601 1405 2657 in
1417 2600 1551 2673 nomine,
1567 2605 1712 2661 Roararus
1733 2605 1822 2664 Fran

97 2701 196 2758 quam
215 2685 374 2757 ingenuos,
398 2701 490 2759 super
511 2689 620 2742 terram
646 2685 782 2756 ejusdem
806 2685 936 2742 eoenobii
991 2705 1166 2758 eorummet
1181 2693 1339 2762 augustus,
1355 2689 1533 2765 disponente
1545 2690 1822 2764 praelibataedivini·

98 2779 330 2831 commanentes
344 2774 531 2846 distringere,
548 2779 600 2831 aut
623 2774 740 2832 illicitas
762 2775 935 2834 occasiones
990 2779 1058 2836 tatis
1072 2778 1240 2849 elementia,
1260 2778 1525 2838 intervenientibus
1545 2779 1656 2851 reginis
1680 2779 1822 2844 adelada

100 2864 215 2922 nostris
231 2864 277 2924 val
289 2863 396 2922 tuturis
424 2865 612 2937 temporibus
625 2865 776 2937 requirere
801 2864 931 2921 audeat:
949 2897 969 2950 0
990 2868 1154 2926 venerabili
1173 2868 1219 2924 sui
1243 2868 1395 2940 genitrice,
1414 2885 1484 2926 cum
1508 2869 1696 2928 nobilissima
1717 2887 1821 2946 uxore,

97 2953 155 3009 sed
179 2953 268 3010 liceat
290 2953 448 3009 monachis
474 2952 588 3026 praelati
604 2953 733 3010 coenobii
751 2969 798 3010 res
822 2953 861 3010 ad
878 2970 934 3010 sua
991 2960 1076 3016 Beria
1088 2959 1220 3025 nomine,
1236 2958 1379 3016 omnibus
1395 2959 1553 3031 cuiuslibet
1567 2960 1680 3018 ordinis
1693 2959 1750 3020 sub
1764 2960 1822 3020 im-

97 3041 253 3116 stipendia
266 3041 448 3114 pertinentes
465 3041 522 3097 sub
538 3057 598 3098 una
612 3041 810 3098 immunitatis
824 3057 933 3114 praece-
989 3047 1073 3120 perio
1084 3051 1186 3104 nostro
1198 3048 1378 3118 degentibus
1392 3048 1506 3122 liquido
1521 3054 1622 3122 pateat
1635 3050 1785 3110 volumus.

95 3135 203 3206 phone
225 3130 327 3205 quieto
351 3129 455 3188 ordine
476 3131 640 3204 possidere.
664 3129 809 3188 rubemus
832 3145 888 3202 ego
903 3133 935 3186 nt
971 3149 978 3174 ⁸
1025 3136 1153 3194 obnoxii
1169 3138 1228 3193 Deo
1246 3135 1417 3210 sanctisque
1434 3137 1588 3209 ejusdum
1602 3138 1742 3208 vivimus,
1758 3155 1822 3201 mo·

95 3237 201 3294 neque
215 3221 272 3295 ipsi
288 3221 430 3281 monaehi
444 3221 934 3295 autnegotiatoreseorum,ncque
989 3229 1145 3284 remutet
1168 3241 1286 3295 sumus,
1310 3225 1432 3299 expedit
1454 3225 1495 3282 ita
1510 3242 1565 3298 pro
1588 3227 1683 3285 nostri
1705 3231 1821 3288 nostro·

95 3311 240 3369 homines
252 3311 305 3384 qui
324 3311 490 3384 peripsam
505 3327 607 3368 casam
624 3312 674 3367 Dei
698 3325 818 3385 sperare
834 3311 934 3368 viden·
988 3329 1117 3387 rumque
1136 3319 1252 3372 erratus
1268 3313 1420 3371 diluvione
1445 3314 1637 3384 commoveri,
1655 3319 1746 3388 atque
1760 3331 1822 3376 rua·

96 3407 160 3470 tur,
181 3400 331 3458 teloneum
356 3400 526 3472 persolvere
550 3407 697 3472 cogantur
721 3401 751 3457 in
766 3401 935 3458 civitatibus
989 3404 1051 3458 ritis
1064 3409 1235 3460 sanctorum
1255 3403 1424 3475 imprecari,
1437 3419 1549 3476 eosque
1561 3403 1745 3466 incessanter
1755 3419 1824 3466 axe·

96 3491 148 3548 vel
162 3489 306 3559 vicie,sen
318 3489 396 3546 villis
408 3494 460 3547 aut
474 3491 709 3559 mereatis,relin
725 3491 872 3564 portubus
883 3494 935 3548 aut
988 3509 1065 3564 rare,
1079 3497 1295 3566 quatenusper
1310 3492 1446 3566 ipsorum
1465 3492 1708 3550 intercessionem
1723 3494 1822 3552 valea-

95 3581 205 3654 porus,
217 3580 293 3638 sicut
306 3579 337 3636 in
348 3583 498 3653 praecepto
512 3578 718 3651 gloriosissimi
734 3581 830 3642 caroli
841 3581 935 3655 impe
988 3598 1056 3639 mus
1079 3581 1205 3656 pacifice
1230 3582 1327 3640 vivere
1353 3586 1443 3656 atque
1465 3587 1535 3657 post
1560 3587 1673 3642 metam
1696 3583 1821 3657 hujusce

95 3669 208 3726 ratoris
228 3669 406 3729 continetur.
430 3669 636 3742 Pracipientes
660 3675 760 3728 autam
777 3669 933 3742 jubemus,
987 3670 1114 3728 labentis
1129 3671 1185 3728 reri
1200 3673 1295 3730 ileum
1316 3671 1444 3730 alearum
1458 3672 1488 3728 in
1511 3673 1582 3732 Sion
1598 3677 1734 3736 sanctam
1749 3689 1821 3736 ton·

96 3764 127 3816 et
140 3757 282 3830 jubentes
296 3756 522 3829 confirmamus,
544 3763 577 3816 ut
595 3757 669 3816 nulli
690 3757 837 3820 ahbatum
857 3759 934 3830 ejus·
987 3759 1134 3832 temptari.
1165 3763 1352 3834 Quapropter
1379 3777 1515 3832 congrua
1538 3762 1597 3829 via,
1625 3762 1709 3836 quod
1732 3762 1821 3826 nohis

96 3849 170 3906 dem
183 3847 251 3918 loci,
267 3852 320 3906 ant
331 3847 453 3906 crulihet
466 3848 549 3908 alteri
564 3864 700 3923 persone
714 3847 846 3910 liceatex
859 3863 935 3921 prm·
988 3865 1043 3922 pro
1058 3848 1213 3906 commissi
1234 3849 1336 3906 talenti
1350 3849 1434 3908 lucro
1450 3849 1624 3918 attitulatur,
1649 3853 1822 3922 reputantes

97 3937 217 4011 scriptis
241 3937 384 3996 omnibus
409 3937 500 3994 rebus
526 3937 641 4010 aliquid
665 3937 697 3994 in
715 3936 790 3998 alins
815 3941 934 4010 prater·
988 3936 1072 4010 quod
1087 3937 1213 3994 Domino
1235 3936 1436 4008 fidelibusque
1449 3936 1515 4007 ejus
1530 3935 1679 4005 tribuihu,
1697 3935 1822 3997 invicia.

96 4041 194 4102 quam
209 4026 417 4084 constituimus
440 4043 514 4084 usus
535 4027 670 4097 redigere
686 4030 737 4082 aut
749 4029 933 4099 retorquere,
988 4025 1047 4082 bile
1073 4029 1164 4097 atque
1191 4025 1402 4082 intemeratum
1429 4022 1604 4095 persisteres
1634 4021 1725 4082 simul
1747 4025 1823 4084 moh'

97 4119 153 4176 aut
164 4115 254 4172 aliem
277 4115 453 4172 habendum
469 4115 613 4184 conferre,
629 4131 727 4188 neque
742 4129 868 4176 censum
882 4118 934 4172 aut
988 4113 1194 4172 misericordia
1213 4127 1384 4186 pauperum
1398 4115 1428 4175 et
1448 4110 1659 4183 efflagitatione
1685 4113 1822 4187 supradi-

97 4206 248 4262 honorem
262 4205 408 4262 autdoua
421 4204 573 4278 quelibet,
588 4204 637 4261 vel
650 4209 753 4277 pastos
768 4219 879 4264 canum
901 4203 934 4259 in
989 4208 1106 4263 ctarum
1133 4200 1357 4260 honorabilium
1386 4201 1568 4274 reginarum,
1593 4219 1664 4268 cum
1694 4218 1821 4270 usensu

98 4293 342 4368 possessionibus
365 4293 436 4362 suis,
453 4291 514 4350 sive
529 4308 688 4366 equorum,
704 4291 752 4348 vel
766 4289 805 4348 ab
819 4255 968 4349 eisdemD
988 4293 1153 4366 primatum
1162 4295 1346 4362 nestrorum,
1359 4290 1484 4350 fecimus
1498 4297 1683 4368 praeceptum
1693 4293 1820 4356 firmita-

99 4382 194 4440 serris
208 4381 257 4440 lici
274 4386 411 4456 receptus
425 4381 553 4455 aliquos,
565 4381 622 4438 nisi
632 4381 670 4437 de
683 4397 766 4438 more
780 4379 932 4451 religionis
989 4381 1025 4438 tis
1039 4380 1077 4437 de
1104 4379 1194 4438 rebus
1209 4396 1287 4453 quas
1314 4384 1399 4452 pater
1426 4385 1527 4442 noser
1547 4381 1643 4444 beatae
1666 4383 1820 4444 memoria

99 4485 159 4544 pro
174 4470 381 4544 hospitalitatis
396 4471 488 4539 hono,
514 4471 679 4544 quisquam
694 4469 845 4528 ullatenus
860 4484 935 4543 pras.
989 4471 1075 4540 Hugo
1089 4485 1151 4537 rex,
1167 4485 1283 4542 nosque
1294 4469 1342 4544 pie
1358 4469 1540 4531 contulimus
1552 4472 1709 4535 monachis
1723 4471 1820 4534 amu·

100 4565 201 4616 sumat
223 4559 393 4632 requirere:
425 4560 479 4618 sed
496 4559 647 4634 quidquid
671 4558 779 4616 exinde
794 4557 858 4616 lieri
881 4575 934 4633 po·
987 4559 1120 4620 lantibus
1140 4558 1254 4618 Christo
1269 4559 1518 4634 sanctissimoque
1533 4559 1673 4631 asebna
1697 4559 1730 4621 ia
1744 4558 1818 4622 utba

99 4651 166 4716 test,
179 4649 266 4720 juxta
278 4649 362 4723 quod
373 4649 580 4723 prescriptum
596 4654 650 4720 est,
662 4647 792 4722 regulari
804 4646 934 4706 admini·
987 4648 1138 4709 Parisiaca
1151 4649 1329 4722 quiescenti;
1345 4649 1398 4709 uhi
1410 4650 1499 4710 etiam
1515 4648 1708 4708 fundavimus
1714 4662 1820 4710 mona·

99 4737 242 4796 suadens
257 4738 363 4794 usibus
378 4743 408 4795 et
422 4737 596 4796 utilitatibus
618 4753 724 4794 eorum
737 4741 858 4794 auctore
872 4739 933 4794 Deo
988 4741 1111 4798 sterium
1124 4745 1289 4814 pretaxato
1298 4741 1451 4814 precipuo
1466 4738 1629 4800 confessori
1642 4737 1818 4811 meusque

98 4827 242 4884 omnibus
257 4827 405 4885 habeatur
413 4827 608 4901 temporibus.
624 4831 740 4884 interea
753 4826 895 4884 volumus
905 4829 934 4882 et
987 4829 1098 4886 sanetis
1112 4829 1186 4888 inibi
1201 4828 1362 4899 assignatis
1374 4829 1414 4886 ob
1427 4828 1547 4888 illorum
1557 4842 1694 4900 corpora,
1706 4830 1818 4900 quant

99 4916 329 4985 confirmamus,
347 4921 379 4972 ut
391 4916 541 4990 quidquid
556 4917 593 4973 de
607 4917 717 4974 saeculo
731 4916 762 4973 in
774 4915 856 4976 idem
870 4930 933 4972 mo
986 4919 1145 4991 peregrina
1166 4918 1397 4991 hospitabantur
1422 4933 1476 4992 par
1502 4916 1631 4977 alierum
1655 4930 1737 4974 rura.
1766 4917 1818 4978 Est

98 5005 265 5065 casterium
278 5004 318 5064 ad
326 5005 494 5076 regularem
510 5005 770 5068 conversationem
780 5003 932 5076 agendam
986 5013 1087 5066 autem
1107 5006 1192 5080 priua
1204 5010 1283 5063 terra
1296 5006 1327 5062 in
1341 5023 1404 5079 qua
1420 5006 1522 5080 ipsum
1537 5004 1627 5064 eiham
1648 5007 1694 5064 aet
1711 5019 1817 5068 mont·

99 5091 216 5153 tarenta
232 5096 291 5152 [teo
312 5093 465 5150 venientes
479 5109 516 5150 ex
538 5093 783 5165 possessionibus
798 5094 860 5150 suis
876 5092 930 5150 ob·
986 5096 1118 5164 sterium,
1128 5099 1157 5154 ct
1170 5093 1318 5168 praedium
1331 5094 1412 5167 quod
1429 5093 1568 5154 dedim
1580 5093 1648 5166 ipso
1661 5093 1710 5154 die
1723 5098 1817 5156 trans·

100 5181 220 5238 tulerint
234 5181 297 5239 sive
312 5181 507 5250 contulerint,
524 5181 569 5239 vel
583 5180 632 5238 alii
648 5181 820 5256 quicunque
834 5181 932 5240 homi-
984 5183 1104 5242 lationis
1119 5187 1293 5242 sanctorum
1317 5186 1346 5242 at
1368 5182 1476 5242 dicitur
1495 5181 1622 5252 Villaris,
1642 5199 1713 5244 eum
1731 5180 1816 5248 amai

99 5288 185 5344 uum,
199 5272 283 5334 sicuti
299 5287 405 5330 eorum
420 5272 560 5328 voluntas
573 5277 601 5327 et
615 5269 733 5326 collatio
751 5270 827 5328 iacta
839 5286 933 5345 appa·
984 5272 1232 5344 integritateque
1247 5271 1401 5346 adipsum
1420 5272 1728 5347 perdonaremus
1741 5273 1815 5336 inibi

99 5363 200 5432 ruerit,
218 5363 282 5420 sine
297 5362 399 5435 aliqua
413 5361 621 5418 immutatione
634 5359 843 5417 inviolabiliter
856 5377 932 5418 sem·
985 5363 1159 5418 consecrata
1169 5359 1200 5415 in
1212 5360 1360 5416 honorem
1373 5364 1483 5418 sanctae
1491 5360 1813 5424 nsieemnioisttaria.

99 5457 328 5526 perpersereret
338 5455 620 5527 atquepermaneat.
631 5448 830 5508 concedimus
840 5451 931 5508 etiarn
984 5450 1056 5508 ltem
1070 5449 1135 5507 aliae
1149 5465 1198 5507 ras
1213 5466 1281 5524 qua
1295 5449 1379 5524 prius
1392 5450 1471 5512 date
1486 5455 1565 5524 sunt,
1580 5450 1661 5510 unde
1674 5451 1756 5524 prior
1768 5453 1815 5514 ss

100 5541 198 5605 sidem
220 5541 444 5616 oengmgeboui
459 5541 587 5612 eligendi
602 5539 752 5601 abbatem
770 5537 826 5596 sibi
840 5538 929 5600 licen
984 5539 1180 5607 eeebsiclaia
1192 5539 1502 5603 suburbicParisiaco
1515 5541 1599 5604 haud
1613 5539 1804 5616 pmoulama

991 2027 1131 2098 Drplomu
1145 2028 1265 2086 ,liuberti
1275 2029 1353 2099 regis
1363 2029 1552 2086 Francorum
1568 2045 1627 2100 pro
1641 2031 1820 2088 monasterio

1168 2101 1267 2156 suncti
1284 2101 1427 2171 displosis
1445 2102 1636 2158 Peresiensis.
