<?xml version="1.0" encoding="UTF-8"?>
<!DOCTYPE html PUBLIC "-//W3C//DTD XHTML 1.0 Transitional//EN"
    "http://www.w3.org/TR/xhtml1/DTD/xhtml1-transitional.dtd">
<html xmlns="http://www.w3.org/1999/xhtml" xml:lang="en" lang="en">
 <head>
  <title>
</title>
<meta http-equiv="Content-Type" content="text/html;charset=utf-8" />
  <meta name='ocr-system' content='tesseract 3.04.00' />
  <meta name='ocr-capabilities' content='ocr_page ocr_carea ocr_par ocr_line ocrx_word'/>
</head>
<body>
  <div class='ocr_page' id='page_1' title='image "./patrologiaecurs127unkngoog_0512.png"; bbox 0 0 3984 6182; ppageno 0'>
   <div class='ocr_carea' id='block_1_1' title="bbox 193 170 1906 260">
    <p class='ocr_par' dir='ltr' id='par_1_1' title="bbox 193 170 1906 260">
     <span class='ocr_line' id='line_1_1' title="bbox 193 170 1906 260; baseline -0.006 -10"><span class='ocrx_word' id='word_1_1' title='bbox 193 185 245 250; x_wconf 81' lang='lat' dir='ltr'>tet</span> <span class='ocrx_word' id='word_1_2' title='bbox 441 253 445 260; x_wconf 66' lang='grc'>,</span> <span class='ocrx_word' id='word_1_3' title='bbox 788 181 938 241; x_wconf 81' lang='lat' dir='ltr'>sennan</span> <span class='ocrx_word' id='word_1_4' title='bbox 958 170 1059 238; x_wconf 81' lang='lat' dir='ltr'>annia</span> <span class='ocrx_word' id='word_1_5' title='bbox 1078 179 1306 242; x_wconf 69' lang='lat' dir='ltr'>rmceauu.</span> <span class='ocrx_word' id='word_1_6' title='bbox 1856 181 1906 240; x_wconf 80' lang='lat' dir='ltr'>set</span> 
     </span>
    </p>
   </div>
   <div class='ocr_carea' id='block_1_2' title="bbox 193 303 1966 5742">
    <p class='ocr_par' dir='ltr' id='par_1_2' title="bbox 193 303 1966 5742">
     <span class='ocr_line' id='line_1_2' title="bbox 194 303 1966 400; baseline -0.006 -25"><span class='ocrx_word' id='word_1_7' title='bbox 194 329 247 375; x_wconf 86' lang='lat' dir='ltr'>rex</span> <span class='ocrx_word' id='word_1_8' title='bbox 259 313 338 373; x_wconf 91' lang='lat' dir='ltr'>dicto</span> <span class='ocrx_word' id='word_1_9' title='bbox 350 315 416 370; x_wconf 91' lang='lat' dir='ltr'>loco</span> <span class='ocrx_word' id='word_1_10' title='bbox 431 309 587 368; x_wconf 71' lang='lat' dir='ltr'><strong>concessit.</strong></span> <span class='ocrx_word' id='word_1_11' title='bbox 602 309 635 366; x_wconf 77' lang='lat' dir='ltr'>lli</span> <span class='ocrx_word' id='word_1_12' title='bbox 654 308 685 365; x_wconf 91' lang='lat' dir='ltr'>in</span> <span class='ocrx_word' id='word_1_13' title='bbox 706 321 786 383; x_wconf 85' lang='lat' dir='ltr'>pago</span> <span class='ocrx_word' id='word_1_14' title='bbox 808 305 939 366; x_wconf 81' lang='lat' dir='ltr'>Lunensi</span> <span class='ocrx_word' id='word_1_15' title='bbox 963 305 1019 364; x_wconf 90' lang='lat' dir='ltr'>ha·</span> <span class='ocrx_word' id='word_1_16' title='bbox 1034 307 1063 380; x_wconf 78' lang='lat' dir='ltr'>tt</span> <span class='ocrx_word' id='word_1_17' title='bbox 1077 307 1307 376; x_wconf 91' lang='lat' dir='ltr'>monachorum,</span> <span class='ocrx_word' id='word_1_18' title='bbox 1319 305 1372 364; x_wconf 92' lang='lat' dir='ltr'>ubi</span> <span class='ocrx_word' id='word_1_19' title='bbox 1382 305 1457 364; x_wconf 89' lang='lat' dir='ltr'>lntcr</span> <span class='ocrx_word' id='word_1_20' title='bbox 1475 321 1580 362; x_wconf 88' lang='lat' dir='ltr'>corum</span> <span class='ocrx_word' id='word_1_21' title='bbox 1595 303 1750 380; x_wconf 81' lang='lat' dir='ltr'><strong>propriam</strong></span> <span class='ocrx_word' id='word_1_22' title='bbox 1765 303 1874 364; x_wconf 81' lang='lat' dir='ltr'>silvam</span> <span class='ocrx_word' id='word_1_23' title='bbox 1883 313 1910 364; x_wconf 90' lang='lat' dir='ltr'>et</span> <span class='ocrx_word' id='word_1_24' title='bbox 1965 345 1966 400; x_wconf 57' lang='lat'>,</span> 
     </span>
     <span class='ocr_line' id='line_1_3' title="bbox 195 393 1966 473; baseline -0.006 -10"><span class='ocrx_word' id='word_1_25' title='bbox 195 405 267 464; x_wconf 89' lang='lat' dir='ltr'>bcnt</span> <span class='ocrx_word' id='word_1_26' title='bbox 281 401 385 461; x_wconf 91' lang='lat' dir='ltr'>cellam</span> <span class='ocrx_word' id='word_1_27' title='bbox 400 400 428 456; x_wconf 88' lang='lat' dir='ltr'>ln</span> <span class='ocrx_word' id='word_1_28' title='bbox 444 399 511 457; x_wconf 92' lang='lat' dir='ltr'>loco</span> <span class='ocrx_word' id='word_1_29' title='bbox 524 399 577 473; x_wconf 91' lang='lat' dir='ltr'>qui</span> <span class='ocrx_word' id='word_1_30' title='bbox 591 395 700 455; x_wconf 90' lang='lat' dir='ltr'>dicitur</span> <span class='ocrx_word' id='word_1_31' title='bbox 714 395 928 456; x_wconf 88' lang='lat' dir='ltr'>Mons-Letardi</span> <span class='ocrx_word' id='word_1_32' title='bbox 952 411 1022 453; x_wconf 91' lang='lat' dir='ltr'>cum</span> <span class='ocrx_word' id='word_1_33' title='bbox 1077 393 1503 454; x_wconf 87' lang='lat' dir='ltr'>sllvasharouumetmllitum</span> <span class='ocrx_word' id='word_1_34' title='bbox 1518 401 1689 453; x_wconf 86' lang='lat' dir='ltr'>nostrorum</span> <span class='ocrx_word' id='word_1_35' title='bbox 1703 401 1790 453; x_wconf 84' lang='lat' dir='ltr'>metae</span> <span class='ocrx_word' id='word_1_36' title='bbox 1805 399 1908 470; x_wconf 80' lang='lat' dir='ltr'>posita</span> <span class='ocrx_word' id='word_1_37' title='bbox 1965 411 1966 446; x_wconf 77' lang='lat' dir='ltr'>l</span> 
     </span>
     <span class='ocr_line' id='line_1_4' title="bbox 195 483 1908 568; baseline -0.005 -16"><span class='ocrx_word' id='word_1_38' title='bbox 195 507 274 568; x_wconf 91' lang='lat' dir='ltr'>aqua</span> <span class='ocrx_word' id='word_1_39' title='bbox 287 489 416 558; x_wconf 84' lang='lat' dir='ltr'>coneda,</span> <span class='ocrx_word' id='word_1_40' title='bbox 433 485 625 558; x_wconf 80' lang='lat' dir='ltr'>molendinis,</span> <span class='ocrx_word' id='word_1_41' title='bbox 641 487 724 558; x_wconf 87' lang='lat' dir='ltr'>silva,</span> <span class='ocrx_word' id='word_1_42' title='bbox 740 485 844 563; x_wconf 89' lang='lat' dir='ltr'>pratis,</span> <span class='ocrx_word' id='word_1_43' title='bbox 861 488 945 544; x_wconf 90' lang='lat' dir='ltr'>terris</span> <span class='ocrx_word' id='word_1_44' title='bbox 960 483 1022 542; x_wconf 91' lang='lat' dir='ltr'>cul·</span> <span class='ocrx_word' id='word_1_45' title='bbox 1077 489 1241 556; x_wconf 90' lang='lat' dir='ltr'>sunt,omni</span> <span class='ocrx_word' id='word_1_46' title='bbox 1251 493 1385 566; x_wconf 90' lang='lat' dir='ltr'>tempore</span> <span class='ocrx_word' id='word_1_47' title='bbox 1399 487 1515 558; x_wconf 89' lang='lat' dir='ltr'>glandis</span> <span class='ocrx_word' id='word_1_48' title='bbox 1522 487 1784 560; x_wconf 88' lang='lat' dir='ltr'>porcosduccntos</span> <span class='ocrx_word' id='word_1_49' title='bbox 1793 487 1908 561; x_wconf 81' lang='lat' dir='ltr'>absque</span> 
     </span>
     <span class='ocr_line' id='line_1_5' title="bbox 194 574 1909 654; baseline -0.002 -16"><span class='ocrx_word' id='word_1_50' title='bbox 194 583 229 639; x_wconf 90' lang='lat' dir='ltr'>tis</span> <span class='ocrx_word' id='word_1_51' title='bbox 242 586 270 636; x_wconf 91' lang='lat' dir='ltr'>et</span> <span class='ocrx_word' id='word_1_52' title='bbox 283 578 413 651; x_wconf 89' lang='lat' dir='ltr'>incultis,</span> <span class='ocrx_word' id='word_1_53' title='bbox 430 577 562 654; x_wconf 83' lang='lat' dir='ltr'>pascuis,</span> <span class='ocrx_word' id='word_1_54' title='bbox 584 577 689 646; x_wconf 88' lang='lat' dir='ltr'>vineis,</span> <span class='ocrx_word' id='word_1_55' title='bbox 711 575 879 650; x_wconf 84' lang='lat' dir='ltr'>mancipiis,</span> <span class='ocrx_word' id='word_1_56' title='bbox 910 575 1021 632; x_wconf 88' lang='lat' dir='ltr'>servis:</span> <span class='ocrx_word' id='word_1_57' title='bbox 1078 574 1597 651; x_wconf 85' lang='lat' dir='ltr'>ullopasnuticovelallqucservitio</span> <span class='ocrx_word' id='word_1_58' title='bbox 1614 577 1727 634; x_wconf 86' lang='lat' dir='ltr'>hahere</span> <span class='ocrx_word' id='word_1_59' title='bbox 1742 577 1802 632; x_wconf 91' lang='lat' dir='ltr'>sihi</span> <span class='ocrx_word' id='word_1_60' title='bbox 1816 577 1909 634; x_wconf 87' lang='lat' dir='ltr'>liceat.</span> 
     </span>
     <span class='ocr_line' id='line_1_6' title="bbox 193 663 1911 740; baseline -0.003 -14"><span class='ocrx_word' id='word_1_61' title='bbox 193 670 271 726; x_wconf 90' lang='lat' dir='ltr'>hanc</span> <span class='ocrx_word' id='word_1_62' title='bbox 290 667 397 726; x_wconf 89' lang='lat' dir='ltr'>cellam</span> <span class='ocrx_word' id='word_1_63' title='bbox 417 666 616 726; x_wconf 78' lang='lat' dir='ltr'>Theodericus</span> <span class='ocrx_word' id='word_1_64' title='bbox 631 681 683 723; x_wconf 84' lang='lat' dir='ltr'>rex</span> <span class='ocrx_word' id='word_1_65' title='bbox 696 681 732 722; x_wconf 88' lang='lat' dir='ltr'>ex</span> <span class='ocrx_word' id='word_1_66' title='bbox 753 665 924 722; x_wconf 76' lang='lat' dir='ltr'>haereditate</span> <span class='ocrx_word' id='word_1_67' title='bbox 951 663 1024 737; x_wconf 89' lang='lat' dir='ltr'>Lupi</span> <span class='ocrx_word' id='word_1_68' title='bbox 1112 663 1208 721; x_wconf 81' lang='lat' dir='ltr'><strong>Habet</strong></span> <span class='ocrx_word' id='word_1_69' title='bbox 1222 671 1366 738; x_wconf 80' lang='lat' dir='ltr'>praeterea</span> <span class='ocrx_word' id='word_1_70' title='bbox 1380 664 1461 721; x_wconf 91' lang='lat' dir='ltr'>idem</span> <span class='ocrx_word' id='word_1_71' title='bbox 1476 664 1649 721; x_wconf 89' lang='lat' dir='ltr'>coenobium</span> <span class='ocrx_word' id='word_1_72' title='bbox 1662 664 1776 720; x_wconf 88' lang='lat' dir='ltr'>multas</span> <span class='ocrx_word' id='word_1_73' title='bbox 1790 681 1911 740; x_wconf 87' lang='lat' dir='ltr'>posses-</span> 
     </span>
     <span class='ocr_line' id='line_1_7' title="bbox 193 750 1910 832; baseline -0.004 -19"><span class='ocrx_word' id='word_1_74' title='bbox 193 757 315 832; x_wconf 87' lang='lat' dir='ltr'>pessiml</span> <span class='ocrx_word' id='word_1_75' title='bbox 326 755 411 814; x_wconf 90' lang='lat' dir='ltr'>ducis</span> <span class='ocrx_word' id='word_1_76' title='bbox 426 755 592 815; x_wconf 70' lang='lat' dir='ltr'>miciacensi</span> <span class='ocrx_word' id='word_1_77' title='bbox 606 753 673 812; x_wconf 92' lang='lat' dir='ltr'>loco</span> <span class='ocrx_word' id='word_1_78' title='bbox 686 751 819 812; x_wconf 78' lang='lat' dir='ltr'>contidit.</span> <span class='ocrx_word' id='word_1_79' title='bbox 829 753 1023 812; x_wconf 83' lang='lat' dir='ltr'>cambiacum</span> <span class='ocrx_word' id='word_1_80' title='bbox 1078 751 1186 822; x_wconf 79' lang='lat' dir='ltr'>stenes,</span> <span class='ocrx_word' id='word_1_81' title='bbox 1198 769 1285 826; x_wconf 88' lang='lat' dir='ltr'>quas,</span> <span class='ocrx_word' id='word_1_82' title='bbox 1298 754 1369 827; x_wconf 91' lang='lat' dir='ltr'>quia</span> <span class='ocrx_word' id='word_1_83' title='bbox 1384 753 1415 810; x_wconf 92' lang='lat' dir='ltr'>in</span> <span class='ocrx_word' id='word_1_84' title='bbox 1431 753 1593 827; x_wconf 88' lang='lat' dir='ltr'>privilegiis</span> <span class='ocrx_word' id='word_1_85' title='bbox 1607 767 1713 824; x_wconf 86' lang='lat' dir='ltr'>regum</span> <span class='ocrx_word' id='word_1_86' title='bbox 1737 750 1910 824; x_wconf 75' lang='lat' dir='ltr'>praecedeu-</span> 
     </span>
     <span class='ocr_line' id='line_1_8' title="bbox 193 839 1911 924; baseline -0.005 -22"><span class='ocrx_word' id='word_1_87' title='bbox 193 861 316 924; x_wconf 89' lang='lat' dir='ltr'>qucquc</span> <span class='ocrx_word' id='word_1_88' title='bbox 331 845 487 920; x_wconf 90' lang='lat' dir='ltr'>possident</span> <span class='ocrx_word' id='word_1_89' title='bbox 501 861 538 902; x_wconf 88' lang='lat' dir='ltr'>cx</span> <span class='ocrx_word' id='word_1_90' title='bbox 552 843 633 901; x_wconf 90' lang='lat' dir='ltr'>dono</span> <span class='ocrx_word' id='word_1_91' title='bbox 645 841 787 902; x_wconf 75' lang='lat' dir='ltr'>clodovei</span> <span class='ocrx_word' id='word_1_92' title='bbox 802 842 927 898; x_wconf 89' lang='lat' dir='ltr'>senioris</span> <span class='ocrx_word' id='word_1_93' title='bbox 955 857 1024 896; x_wconf 92' lang='lat' dir='ltr'>cum</span> <span class='ocrx_word' id='word_1_94' title='bbox 1078 839 1162 909; x_wconf 92' lang='lat' dir='ltr'>tium,</span> <span class='ocrx_word' id='word_1_95' title='bbox 1175 843 1203 897; x_wconf 88' lang='lat' dir='ltr'>et</span> <span class='ocrx_word' id='word_1_96' title='bbox 1217 841 1396 898; x_wconf 70' lang='lat' dir='ltr'>authenticis</span> <span class='ocrx_word' id='word_1_97' title='bbox 1411 841 1588 916; x_wconf 89' lang='lat' dir='ltr'>pontificum</span> <span class='ocrx_word' id='word_1_98' title='bbox 1601 840 1783 898; x_wconf 85' lang='lat' dir='ltr'>nominatim</span> <span class='ocrx_word' id='word_1_99' title='bbox 1792 855 1911 913; x_wconf 77' lang='lat' dir='ltr'>expres</span> 
     </span>
     <span class='ocr_line' id='line_1_9' title="bbox 194 929 1911 1007; baseline -0.005 -15"><span class='ocrx_word' id='word_1_100' title='bbox 194 933 319 992; x_wconf 84' lang='lat' dir='ltr'>ccclesia</span> <span class='ocrx_word' id='word_1_101' title='bbox 329 947 358 993; x_wconf 91' lang='lat' dir='ltr'>et</span> <span class='ocrx_word' id='word_1_102' title='bbox 372 934 512 993; x_wconf 88' lang='lat' dir='ltr'>omnihus</span> <span class='ocrx_word' id='word_1_103' title='bbox 529 933 585 992; x_wconf 89' lang='lat' dir='ltr'>sibi</span> <span class='ocrx_word' id='word_1_104' title='bbox 602 931 820 1007; x_wconf 87' lang='lat' dir='ltr'>pertinentibus</span> <span class='ocrx_word' id='word_1_105' title='bbox 833 949 840 1001; x_wconf 90' lang='lat'>;</span> <span class='ocrx_word' id='word_1_106' title='bbox 854 929 1025 987; x_wconf 88' lang='lat' dir='ltr'>Pruucdum</span> <span class='ocrx_word' id='word_1_107' title='bbox 1078 945 1118 985; x_wconf 77' lang='lat' dir='ltr'>sce</span> <span class='ocrx_word' id='word_1_108' title='bbox 1134 929 1334 1000; x_wconf 89' lang='lat' dir='ltr'>eontinentur,</span> <span class='ocrx_word' id='word_1_109' title='bbox 1350 929 1531 1004; x_wconf 73' lang='lat' dir='ltr'>inpraesenti</span> <span class='ocrx_word' id='word_1_110' title='bbox 1543 931 1729 1004; x_wconf 86' lang='lat' dir='ltr'>pragmatico</span> <span class='ocrx_word' id='word_1_111' title='bbox 1754 929 1911 984; x_wconf 91' lang='lat' dir='ltr'>notuimus</span> 
     </span>
     <span class='ocr_line' id='line_1_10' title="bbox 195 1019 1910 1097; baseline -0.005 -16"><span class='ocrx_word' id='word_1_112' title='bbox 195 1023 397 1092; x_wconf 78' lang='lat' dir='ltr'>ciliarcham,</span> <span class='ocrx_word' id='word_1_113' title='bbox 427 1025 560 1097; x_wconf 88' lang='lat' dir='ltr'>Spinam,</span> <span class='ocrx_word' id='word_1_114' title='bbox 590 1019 924 1089; x_wconf 75' lang='lat' dir='ltr'>leucham-rotundam,</span> <span class='ocrx_word' id='word_1_115' title='bbox 954 1021 1025 1075; x_wconf 90' lang='lat' dir='ltr'>Bru·</span> <span class='ocrx_word' id='word_1_116' title='bbox 1079 1019 1226 1076; x_wconf 88' lang='lat' dir='ltr'>adnotari.</span> <span class='ocrx_word' id='word_1_117' title='bbox 1240 1023 1392 1088; x_wconf 87' lang='lat' dir='ltr'>Ncsvero,</span> <span class='ocrx_word' id='word_1_118' title='bbox 1408 1037 1445 1077; x_wconf 90' lang='lat' dir='ltr'>ne</span> <span class='ocrx_word' id='word_1_119' title='bbox 1469 1021 1622 1077; x_wconf 85' lang='lat' dir='ltr'>inferiores</span> <span class='ocrx_word' id='word_1_120' title='bbox 1651 1019 1815 1076; x_wconf 79' lang='lat' dir='ltr'>videamur</span> <span class='ocrx_word' id='word_1_121' title='bbox 1842 1035 1910 1091; x_wconf 84' lang='lat' dir='ltr'>prcc-</span> 
     </span>
     <span class='ocr_line' id='line_1_11' title="bbox 194 1106 1902 1184; baseline -0.005 -13"><span class='ocrx_word' id='word_1_122' title='bbox 194 1113 279 1183; x_wconf 90' lang='lat' dir='ltr'>llum,</span> <span class='ocrx_word' id='word_1_123' title='bbox 295 1119 324 1172; x_wconf 88' lang='lat' dir='ltr'>et</span> <span class='ocrx_word' id='word_1_124' title='bbox 339 1115 466 1171; x_wconf 83' lang='lat' dir='ltr'>ltoscum</span> <span class='ocrx_word' id='word_1_125' title='bbox 482 1113 576 1171; x_wconf 89' lang='lat' dir='ltr'>sancti</span> <span class='ocrx_word' id='word_1_126' title='bbox 586 1112 673 1184; x_wconf 83' lang='lat' dir='ltr'>Agili,</span> <span class='ocrx_word' id='word_1_127' title='bbox 689 1115 717 1168; x_wconf 92' lang='lat' dir='ltr'>ct</span> <span class='ocrx_word' id='word_1_128' title='bbox 741 1111 856 1168; x_wconf 86' lang='lat' dir='ltr'>Brasias</span> <span class='ocrx_word' id='word_1_129' title='bbox 873 1107 1025 1184; x_wconf 89' lang='lat' dir='ltr'>quasdam</span> <span class='ocrx_word' id='word_1_130' title='bbox 1078 1107 1164 1164; x_wconf 90' lang='lat' dir='ltr'>dictis</span> <span class='ocrx_word' id='word_1_131' title='bbox 1179 1109 1310 1180; x_wconf 82' lang='lat' dir='ltr'>regibus,</span> <span class='ocrx_word' id='word_1_132' title='bbox 1326 1108 1474 1166; x_wconf 88' lang='lat' dir='ltr'>beneflcio</span> <span class='ocrx_word' id='word_1_133' title='bbox 1489 1109 1683 1166; x_wconf 87' lang='lat' dir='ltr'>concedimus</span> <span class='ocrx_word' id='word_1_134' title='bbox 1695 1106 1838 1182; x_wconf 79' lang='lat' dir='ltr'>praedicti</span> <span class='ocrx_word' id='word_1_135' title='bbox 1854 1123 1902 1163; x_wconf 89' lang='lat' dir='ltr'>mo</span> 
     </span>
     <span class='ocr_line' id='line_1_12' title="bbox 193 1195 1911 1275; baseline -0.005 -15"><span class='ocrx_word' id='word_1_136' title='bbox 193 1201 280 1275; x_wconf 78' lang='lat' dir='ltr'>juxta</span> <span class='ocrx_word' id='word_1_137' title='bbox 302 1203 409 1260; x_wconf 89' lang='lat' dir='ltr'>silvam</span> <span class='ocrx_word' id='word_1_138' title='bbox 437 1207 582 1271; x_wconf 90' lang='lat' dir='ltr'>nostram,</span> <span class='ocrx_word' id='word_1_139' title='bbox 608 1217 676 1275; x_wconf 79' lang='lat' dir='ltr'>quse</span> <span class='ocrx_word' id='word_1_140' title='bbox 705 1199 814 1258; x_wconf 91' lang='lat' dir='ltr'>dicitur</span> <span class='ocrx_word' id='word_1_141' title='bbox 837 1201 942 1271; x_wconf 80' lang='lat' dir='ltr'>foreat,</span> <span class='ocrx_word' id='word_1_142' title='bbox 974 1197 1025 1255; x_wconf 91' lang='lat' dir='ltr'>ubi</span> <span class='ocrx_word' id='word_1_143' title='bbox 1079 1197 1452 1268; x_wconf 84' lang='lat' dir='ltr'>nasleriilratribus,duos</span> <span class='ocrx_word' id='word_1_144' title='bbox 1468 1197 1626 1255; x_wconf 85' lang='lat' dir='ltr'>farinarios</span> <span class='ocrx_word' id='word_1_145' title='bbox 1654 1196 1816 1254; x_wconf 80' lang='lat' dir='ltr'>censuales</span> <span class='ocrx_word' id='word_1_146' title='bbox 1841 1195 1911 1252; x_wconf 87' lang='lat' dir='ltr'>inira</span> 
     </span>
     <span class='ocr_line' id='line_1_13' title="bbox 194 1285 1909 1365; baseline -0.003 -17"><span class='ocrx_word' id='word_1_147' title='bbox 194 1295 282 1348; x_wconf 71' lang='lat' dir='ltr'>metae</span> <span class='ocrx_word' id='word_1_148' title='bbox 295 1296 366 1348; x_wconf 91' lang='lat' dir='ltr'>suut</span> <span class='ocrx_word' id='word_1_149' title='bbox 378 1292 492 1365; x_wconf 71' lang='lat' dir='ltr'>positae.</span> <span class='ocrx_word' id='word_1_150' title='bbox 1081 1285 1241 1358; x_wconf 85' lang='lat' dir='ltr'>Ligeritum</span> <span class='ocrx_word' id='word_1_151' title='bbox 1252 1305 1342 1363; x_wconf 90' lang='lat' dir='ltr'>super</span> <span class='ocrx_word' id='word_1_152' title='bbox 1356 1291 1498 1348; x_wconf 89' lang='lat' dir='ltr'>Sanctum</span> <span class='ocrx_word' id='word_1_153' title='bbox 1505 1289 1660 1360; x_wconf 83' lang='lat' dir='ltr'>Hilarium,</span> <span class='ocrx_word' id='word_1_154' title='bbox 1674 1303 1743 1344; x_wconf 91' lang='lat' dir='ltr'>cum</span> <span class='ocrx_word' id='word_1_155' title='bbox 1755 1289 1822 1342; x_wconf 89' lang='lat' dir='ltr'>tcta</span> <span class='ocrx_word' id='word_1_156' title='bbox 1836 1301 1909 1359; x_wconf 85' lang='lat' dir='ltr'>aqua</span> 
     </span>
     <span class='ocr_line' id='line_1_14' title="bbox 230 1375 1909 1454; baseline -0.004 -17"><span class='ocrx_word' id='word_1_157' title='bbox 230 1381 346 1437; x_wconf 86' lang='lat' dir='ltr'>Habent</span> <span class='ocrx_word' id='word_1_158' title='bbox 357 1381 480 1454; x_wconf 86' lang='lat' dir='ltr'>insuper</span> <span class='ocrx_word' id='word_1_159' title='bbox 493 1396 530 1436; x_wconf 82' lang='lat' dir='ltr'>ex</span> <span class='ocrx_word' id='word_1_160' title='bbox 542 1379 625 1436; x_wconf 92' lang='lat' dir='ltr'>dono</span> <span class='ocrx_word' id='word_1_161' title='bbox 640 1379 756 1452; x_wconf 89' lang='lat' dir='ltr'>Pippini</span> <span class='ocrx_word' id='word_1_162' title='bbox 768 1379 846 1449; x_wconf 89' lang='lat' dir='ltr'>regis</span> <span class='ocrx_word' id='word_1_163' title='bbox 877 1381 1026 1434; x_wconf 78' lang='lat' dir='ltr'>Fontanus</span> <span class='ocrx_word' id='word_1_164' title='bbox 1079 1375 1130 1432; x_wconf 89' lang='lat' dir='ltr'>illa</span> <span class='ocrx_word' id='word_1_165' title='bbox 1145 1391 1239 1454; x_wconf 89' lang='lat' dir='ltr'>quam</span> <span class='ocrx_word' id='word_1_166' title='bbox 1249 1377 1331 1434; x_wconf 91' lang='lat' dir='ltr'>dedit</span> <span class='ocrx_word' id='word_1_167' title='bbox 1344 1379 1386 1434; x_wconf 92' lang='lat' dir='ltr'>eis</span> <span class='ocrx_word' id='word_1_168' title='bbox 1397 1379 1483 1449; x_wconf 86' lang='lat' dir='ltr'>Mugo</span> <span class='ocrx_word' id='word_1_169' title='bbox 1496 1377 1592 1448; x_wconf 91' lang='lat' dir='ltr'>miles,</span> <span class='ocrx_word' id='word_1_170' title='bbox 1608 1375 1757 1433; x_wconf 87' lang='lat' dir='ltr'>solventes</span> <span class='ocrx_word' id='word_1_171' title='bbox 1774 1376 1808 1431; x_wconf 92' lang='lat' dir='ltr'>in</span> <span class='ocrx_word' id='word_1_172' title='bbox 1824 1391 1909 1431; x_wconf 87' lang='lat' dir='ltr'>censu</span> 
     </span>
     <span class='ocr_line' id='line_1_15' title="bbox 194 1464 1909 1546; baseline -0.002 -20"><span class='ocrx_word' id='word_1_173' title='bbox 194 1474 223 1527; x_wconf 92' lang='lat' dir='ltr'>et</span> <span class='ocrx_word' id='word_1_174' title='bbox 234 1469 465 1546; x_wconf 82' lang='lat' dir='ltr'>Malveriasquae</span> <span class='ocrx_word' id='word_1_175' title='bbox 479 1473 549 1525; x_wconf 91' lang='lat' dir='ltr'>sunt</span> <span class='ocrx_word' id='word_1_176' title='bbox 562 1467 593 1525; x_wconf 92' lang='lat' dir='ltr'>in</span> <span class='ocrx_word' id='word_1_177' title='bbox 604 1467 694 1526; x_wconf 91' lang='lat' dir='ltr'>alodo</span> <span class='ocrx_word' id='word_1_178' title='bbox 709 1472 738 1524; x_wconf 91' lang='lat' dir='ltr'>et</span> <span class='ocrx_word' id='word_1_179' title='bbox 763 1467 793 1524; x_wconf 92' lang='lat' dir='ltr'>in</span> <span class='ocrx_word' id='word_1_180' title='bbox 818 1466 1024 1534; x_wconf 83' lang='lat' dir='ltr'>mauu-firma,</span> <span class='ocrx_word' id='word_1_181' title='bbox 1081 1465 1194 1522; x_wconf 89' lang='lat' dir='ltr'>solidos</span> <span class='ocrx_word' id='word_1_182' title='bbox 1211 1472 1269 1524; x_wconf 90' lang='lat' dir='ltr'>trcs</span> <span class='ocrx_word' id='word_1_183' title='bbox 1283 1468 1315 1524; x_wconf 93' lang='lat' dir='ltr'>in</span> <span class='ocrx_word' id='word_1_184' title='bbox 1325 1467 1419 1525; x_wconf 85' lang='lat' dir='ltr'>missa</span> <span class='ocrx_word' id='word_1_185' title='bbox 1435 1469 1549 1526; x_wconf 76' lang='lat' dir='ltr'>Sancta</span> <span class='ocrx_word' id='word_1_186' title='bbox 1566 1465 1666 1524; x_wconf 86' lang='lat' dir='ltr'>Crucis</span> <span class='ocrx_word' id='word_1_187' title='bbox 1685 1464 1804 1522; x_wconf 89' lang='lat' dir='ltr'>mensis</span> <span class='ocrx_word' id='word_1_188' title='bbox 1830 1465 1909 1522; x_wconf 87' lang='lat' dir='ltr'>Maii:</span> 
     </span>
     <span class='ocr_line' id='line_1_16' title="bbox 194 1553 1910 1626; baseline -0.005 -10"><span class='ocrx_word' id='word_1_189' title='bbox 194 1563 223 1616; x_wconf 88' lang='lat' dir='ltr'>et</span> <span class='ocrx_word' id='word_1_190' title='bbox 235 1562 391 1616; x_wconf 87' lang='lat' dir='ltr'>Fauvanas</span> <span class='ocrx_word' id='word_1_191' title='bbox 410 1563 439 1615; x_wconf 91' lang='lat' dir='ltr'>et</span> <span class='ocrx_word' id='word_1_192' title='bbox 450 1557 553 1615; x_wconf 88' lang='lat' dir='ltr'>villam</span> <span class='ocrx_word' id='word_1_193' title='bbox 568 1557 694 1616; x_wconf 90' lang='lat' dir='ltr'>Marcelli</span> <span class='ocrx_word' id='word_1_194' title='bbox 710 1575 717 1626; x_wconf 93' lang='lat'>;</span> <span class='ocrx_word' id='word_1_195' title='bbox 744 1562 773 1614; x_wconf 91' lang='lat' dir='ltr'>ct</span> <span class='ocrx_word' id='word_1_196' title='bbox 798 1557 934 1614; x_wconf 86' lang='lat' dir='ltr'>Chandre</span> <span class='ocrx_word' id='word_1_197' title='bbox 957 1572 1028 1611; x_wconf 90' lang='lat' dir='ltr'>cum</span> <span class='ocrx_word' id='word_1_198' title='bbox 1081 1559 1110 1610; x_wconf 90' lang='lat' dir='ltr'>et</span> <span class='ocrx_word' id='word_1_199' title='bbox 1124 1560 1228 1612; x_wconf 86' lang='lat' dir='ltr'>contra</span> <span class='ocrx_word' id='word_1_200' title='bbox 1238 1556 1387 1613; x_wconf 90' lang='lat' dir='ltr'>domnum</span> <span class='ocrx_word' id='word_1_201' title='bbox 1397 1559 1555 1614; x_wconf 89' lang='lat' dir='ltr'>Martinum</span> <span class='ocrx_word' id='word_1_202' title='bbox 1573 1555 1604 1612; x_wconf 91' lang='lat' dir='ltr'>in</span> <span class='ocrx_word' id='word_1_203' title='bbox 1616 1553 1753 1625; x_wconf 80' lang='lat' dir='ltr'>ligerito,</span> <span class='ocrx_word' id='word_1_204' title='bbox 1768 1553 1910 1610; x_wconf 87' lang='lat' dir='ltr'>molendi·</span> 
     </span>
     <span class='ocr_line' id='line_1_17' title="bbox 195 1641 1907 1727; baseline -0.005 -22"><span class='ocrx_word' id='word_1_205' title='bbox 195 1649 337 1706; x_wconf 86' lang='lat' dir='ltr'>omnibus</span> <span class='ocrx_word' id='word_1_206' title='bbox 349 1647 407 1705; x_wconf 89' lang='lat' dir='ltr'>sibi</span> <span class='ocrx_word' id='word_1_207' title='bbox 421 1647 648 1721; x_wconf 87' lang='lat' dir='ltr'>pertinentibus,</span> <span class='ocrx_word' id='word_1_208' title='bbox 661 1647 744 1704; x_wconf 86' lang='lat' dir='ltr'>terris</span> <span class='ocrx_word' id='word_1_209' title='bbox 755 1646 841 1704; x_wconf 88' lang='lat' dir='ltr'>cultis</span> <span class='ocrx_word' id='word_1_210' title='bbox 856 1650 884 1703; x_wconf 92' lang='lat' dir='ltr'>et</span> <span class='ocrx_word' id='word_1_211' title='bbox 895 1643 1027 1727; x_wconf 66' lang='lat' dir='ltr'>incultis,</span> <span class='ocrx_word' id='word_1_212' title='bbox 1047 1665 1067 1722; x_wconf 71' lang='lat' dir='ltr'>B</span> <span class='ocrx_word' id='word_1_213' title='bbox 1082 1659 1139 1699; x_wconf 92' lang='lat' dir='ltr'>nos</span> <span class='ocrx_word' id='word_1_214' title='bbox 1151 1643 1228 1701; x_wconf 91' lang='lat' dir='ltr'>duos</span> <span class='ocrx_word' id='word_1_215' title='bbox 1243 1661 1279 1702; x_wconf 82' lang='lat' dir='ltr'>cx</span> <span class='ocrx_word' id='word_1_216' title='bbox 1289 1645 1411 1720; x_wconf 94' lang='lat' dir='ltr'>proprio</span> <span class='ocrx_word' id='word_1_217' title='bbox 1421 1646 1488 1718; x_wconf 87' lang='lat' dir='ltr'>jure</span> <span class='ocrx_word' id='word_1_218' title='bbox 1511 1649 1626 1714; x_wconf 91' lang='lat' dir='ltr'>nostro,</span> <span class='ocrx_word' id='word_1_219' title='bbox 1651 1659 1721 1700; x_wconf 92' lang='lat' dir='ltr'>cum</span> <span class='ocrx_word' id='word_1_220' title='bbox 1752 1658 1839 1716; x_wconf 85' lang='lat' dir='ltr'>aqua</span> <span class='ocrx_word' id='word_1_221' title='bbox 1861 1641 1907 1698; x_wconf 85' lang='lat' dir='ltr'>sibi</span> 
     </span>
     <span class='ocr_line' id='line_1_18' title="bbox 195 1733 1908 1818; baseline -0.005 -23"><span class='ocrx_word' id='word_1_222' title='bbox 195 1739 288 1795; x_wconf 84' lang='lat' dir='ltr'>servis</span> <span class='ocrx_word' id='word_1_223' title='bbox 304 1739 333 1794; x_wconf 90' lang='lat' dir='ltr'>ct</span> <span class='ocrx_word' id='word_1_224' title='bbox 346 1737 473 1794; x_wconf 86' lang='lat' dir='ltr'>ancillis.</span> <span class='ocrx_word' id='word_1_225' title='bbox 1021 1807 1026 1818; x_wconf 32' lang='grc'>1</span> <span class='ocrx_word' id='word_1_226' title='bbox 1083 1733 1259 1806; x_wconf 89' lang='lat' dir='ltr'>pertinente,</span> <span class='ocrx_word' id='word_1_227' title='bbox 1274 1735 1316 1791; x_wconf 90' lang='lat' dir='ltr'>eis</span> <span class='ocrx_word' id='word_1_228' title='bbox 1330 1735 1361 1791; x_wconf 91' lang='lat' dir='ltr'>in</span> <span class='ocrx_word' id='word_1_229' title='bbox 1374 1740 1553 1808; x_wconf 89' lang='lat' dir='ltr'>perpetuum</span> <span class='ocrx_word' id='word_1_230' title='bbox 1563 1733 1761 1790; x_wconf 87' lang='lat' dir='ltr'>concedimus</span> <span class='ocrx_word' id='word_1_231' title='bbox 1792 1737 1821 1788; x_wconf 90' lang='lat' dir='ltr'>et</span> <span class='ocrx_word' id='word_1_232' title='bbox 1848 1747 1908 1788; x_wconf 87' lang='lat' dir='ltr'>con-</span> 
     </span>
     <span class='ocr_line' id='line_1_19' title="bbox 230 1819 1907 1899; baseline -0.004 -16"><span class='ocrx_word' id='word_1_233' title='bbox 230 1829 264 1883; x_wconf 82' lang='lat' dir='ltr'>nt</span> <span class='ocrx_word' id='word_1_234' title='bbox 276 1843 312 1883; x_wconf 87' lang='lat' dir='ltr'>ex</span> <span class='ocrx_word' id='word_1_235' title='bbox 325 1825 406 1883; x_wconf 90' lang='lat' dir='ltr'>dono</span> <span class='ocrx_word' id='word_1_236' title='bbox 420 1825 563 1882; x_wconf 84' lang='lat' dir='ltr'>Ludcvici</span> <span class='ocrx_word' id='word_1_237' title='bbox 575 1824 764 1899; x_wconf 89' lang='lat' dir='ltr'>imperatoris</span> <span class='ocrx_word' id='word_1_238' title='bbox 776 1829 804 1882; x_wconf 91' lang='lat' dir='ltr'>ct</span> <span class='ocrx_word' id='word_1_239' title='bbox 816 1823 944 1881; x_wconf 86' lang='lat' dir='ltr'>Letharii</span> <span class='ocrx_word' id='word_1_240' title='bbox 973 1821 1028 1878; x_wconf 88' lang='lat' dir='ltr'>iili¹</span> <span class='ocrx_word' id='word_1_241' title='bbox 1082 1819 1250 1880; x_wconf 88' lang='lat' dir='ltr'>firmamus.</span> <span class='ocrx_word' id='word_1_242' title='bbox 1262 1823 1461 1882; x_wconf 79' lang='lat' dir='ltr'>concedimus</span> <span class='ocrx_word' id='word_1_243' title='bbox 1474 1825 1564 1880; x_wconf 90' lang='lat' dir='ltr'>etiam</span> <span class='ocrx_word' id='word_1_244' title='bbox 1580 1821 1621 1878; x_wconf 90' lang='lat' dir='ltr'>cis</span> <span class='ocrx_word' id='word_1_245' title='bbox 1639 1825 1670 1878; x_wconf 92' lang='lat' dir='ltr'>ut</span> <span class='ocrx_word' id='word_1_246' title='bbox 1681 1820 1827 1877; x_wconf 90' lang='lat' dir='ltr'>homines</span> <span class='ocrx_word' id='word_1_247' title='bbox 1848 1835 1907 1876; x_wconf 73' lang='lat' dir='ltr'>nes</span> 
     </span>
     <span class='ocr_line' id='line_1_20' title="bbox 194 1909 1907 1988; baseline -0.005 -15"><span class='ocrx_word' id='word_1_248' title='bbox 194 1916 260 1988; x_wconf 84' lang='lat' dir='ltr'>ejus</span> <span class='ocrx_word' id='word_1_249' title='bbox 278 1915 391 1973; x_wconf 90' lang='lat' dir='ltr'>habent</span> <span class='ocrx_word' id='word_1_250' title='bbox 400 1913 619 1971; x_wconf 86' lang='lat' dir='ltr'>discursionem</span> <span class='ocrx_word' id='word_1_251' title='bbox 630 1913 719 1971; x_wconf 90' lang='lat' dir='ltr'>trium</span> <span class='ocrx_word' id='word_1_252' title='bbox 733 1911 859 1972; x_wconf 87' lang='lat' dir='ltr'>navium</span> <span class='ocrx_word' id='word_1_253' title='bbox 871 1929 924 1986; x_wconf 91' lang='lat' dir='ltr'>per</span> <span class='ocrx_word' id='word_1_254' title='bbox 934 1912 1029 1970; x_wconf 86' lang='lat' dir='ltr'>diver·</span> <span class='ocrx_word' id='word_1_255' title='bbox 1083 1913 1134 1968; x_wconf 90' lang='lat' dir='ltr'>stri</span> <span class='ocrx_word' id='word_1_256' title='bbox 1141 1911 1226 1969; x_wconf 91' lang='lat' dir='ltr'>llhcri</span> <span class='ocrx_word' id='word_1_257' title='bbox 1241 1917 1269 1970; x_wconf 91' lang='lat' dir='ltr'>ct</span> <span class='ocrx_word' id='word_1_258' title='bbox 1282 1913 1424 1987; x_wconf 87' lang='lat' dir='ltr'>servi,qui</span> <span class='ocrx_word' id='word_1_259' title='bbox 1437 1911 1603 1969; x_wconf 85' lang='lat' dir='ltr'>manserint</span> <span class='ocrx_word' id='word_1_260' title='bbox 1615 1909 1663 1968; x_wconf 81' lang='lat' dir='ltr'>vel</span> <span class='ocrx_word' id='word_1_261' title='bbox 1675 1909 1789 1967; x_wconf 88' lang='lat' dir='ltr'>domos</span> <span class='ocrx_word' id='word_1_262' title='bbox 1803 1910 1907 1966; x_wconf 77' lang='lat' dir='ltr'>habue</span> 
     </span>
     <span class='ocr_line' id='line_1_21' title="bbox 196 1999 1907 2079; baseline -0.005 -17"><span class='ocrx_word' id='word_1_263' title='bbox 196 2021 230 2063; x_wconf 88' lang='lat' dir='ltr'>sa</span> <span class='ocrx_word' id='word_1_264' title='bbox 240 2003 358 2079; x_wconf 89' lang='lat' dir='ltr'>imperil</span> <span class='ocrx_word' id='word_1_265' title='bbox 370 2003 508 2074; x_wconf 86' lang='lat' dir='ltr'>flumina,</span> <span class='ocrx_word' id='word_1_266' title='bbox 533 2003 642 2060; x_wconf 88' lang='lat' dir='ltr'>scillcet</span> <span class='ocrx_word' id='word_1_267' title='bbox 661 2020 716 2078; x_wconf 89' lang='lat' dir='ltr'>per</span> <span class='ocrx_word' id='word_1_268' title='bbox 744 2001 882 2075; x_wconf 77' lang='lat' dir='ltr'>Ligerim,</span> <span class='ocrx_word' id='word_1_269' title='bbox 906 2007 1026 2070; x_wconf 82' lang='lat' dir='ltr'>Carum,</span> <span class='ocrx_word' id='word_1_270' title='bbox 1081 2000 1140 2058; x_wconf 91' lang='lat' dir='ltr'>rlut</span> <span class='ocrx_word' id='word_1_271' title='bbox 1154 2001 1186 2057; x_wconf 93' lang='lat' dir='ltr'>ln</span> <span class='ocrx_word' id='word_1_272' title='bbox 1201 2001 1285 2058; x_wconf 87' lang='lat' dir='ltr'>terris</span> <span class='ocrx_word' id='word_1_273' title='bbox 1295 2018 1410 2070; x_wconf 91' lang='lat' dir='ltr'>eorum,</span> <span class='ocrx_word' id='word_1_274' title='bbox 1425 2017 1530 2058; x_wconf 90' lang='lat' dir='ltr'>omnes</span> <span class='ocrx_word' id='word_1_275' title='bbox 1545 1999 1665 2073; x_wconf 91' lang='lat' dir='ltr'>penitus</span> <span class='ocrx_word' id='word_1_276' title='bbox 1678 1999 1907 2056; x_wconf 87' lang='lat' dir='ltr'>consuetudines</span> 
     </span>
     <span class='ocr_line' id='line_1_22' title="bbox 196 2089 1904 2169; baseline -0.005 -16"><span class='ocrx_word' id='word_1_277' title='bbox 196 2097 378 2169; x_wconf 88' lang='lat' dir='ltr'>Sequanam,</span> <span class='ocrx_word' id='word_1_278' title='bbox 392 2097 566 2165; x_wconf 76' lang='lat' dir='ltr'>Maternum,</span> <span class='ocrx_word' id='word_1_279' title='bbox 584 2093 739 2164; x_wconf 85' lang='lat' dir='ltr'>Vigcnam,</span> <span class='ocrx_word' id='word_1_280' title='bbox 755 2095 883 2162; x_wconf 83' lang='lat' dir='ltr'>sartam,</span> <span class='ocrx_word' id='word_1_281' title='bbox 908 2092 1027 2149; x_wconf 89' lang='lat' dir='ltr'>Medua-</span> <span class='ocrx_word' id='word_1_282' title='bbox 1082 2096 1161 2147; x_wconf 85' lang='lat' dir='ltr'>etex</span> <span class='ocrx_word' id='word_1_283' title='bbox 1175 2092 1297 2148; x_wconf 89' lang='lat' dir='ltr'>nomine</span> <span class='ocrx_word' id='word_1_284' title='bbox 1313 2093 1415 2149; x_wconf 87' lang='lat' dir='ltr'>taliam</span> <span class='ocrx_word' id='word_1_285' title='bbox 1429 2091 1690 2165; x_wconf 88' lang='lat' dir='ltr'>quemadmodum</span> <span class='ocrx_word' id='word_1_286' title='bbox 1718 2091 1836 2164; x_wconf 89' lang='lat' dir='ltr'>proprii</span> <span class='ocrx_word' id='word_1_287' title='bbox 1859 2089 1904 2144; x_wconf 93' lang='lat' dir='ltr'>hc-</span> 
     </span>
     <span class='ocr_line' id='line_1_23' title="bbox 195 2177 1904 2258; baseline -0.005 -16"><span class='ocrx_word' id='word_1_288' title='bbox 195 2199 277 2252; x_wconf 91' lang='lat' dir='ltr'>nam,</span> <span class='ocrx_word' id='word_1_289' title='bbox 293 2183 428 2256; x_wconf 89' lang='lat' dir='ltr'>SldMum,</span> <span class='ocrx_word' id='word_1_290' title='bbox 444 2199 500 2256; x_wconf 88' lang='lat' dir='ltr'>pro</span> <span class='ocrx_word' id='word_1_291' title='bbox 513 2183 698 2258; x_wconf 88' lang='lat' dir='ltr'>quibuslibet</span> <span class='ocrx_word' id='word_1_292' title='bbox 709 2181 886 2238; x_wconf 88' lang='lat' dir='ltr'>monasterii</span> <span class='ocrx_word' id='word_1_293' title='bbox 901 2181 1028 2249; x_wconf 85' lang='lat' dir='ltr'>necessi·</span> <span class='ocrx_word' id='word_1_294' title='bbox 1081 2179 1178 2236; x_wconf 88' lang='lat' dir='ltr'>mines</span> <span class='ocrx_word' id='word_1_295' title='bbox 1194 2195 1298 2237; x_wconf 90' lang='lat' dir='ltr'>corum</span> <span class='ocrx_word' id='word_1_296' title='bbox 1315 2184 1461 2256; x_wconf 91' lang='lat' dir='ltr'>perpetuo</span> <span class='ocrx_word' id='word_1_297' title='bbox 1475 2180 1612 2237; x_wconf 90' lang='lat' dir='ltr'>reddant.</span> <span class='ocrx_word' id='word_1_298' title='bbox 1628 2181 1661 2236; x_wconf 83' lang='lat' dir='ltr'>nt</span> <span class='ocrx_word' id='word_1_299' title='bbox 1675 2177 1753 2235; x_wconf 90' lang='lat' dir='ltr'>sicut</span> <span class='ocrx_word' id='word_1_300' title='bbox 1780 2179 1838 2252; x_wconf 78' lang='lat' dir='ltr'>piae</span> <span class='ocrx_word' id='word_1_301' title='bbox 1851 2194 1904 2234; x_wconf 89' lang='lat' dir='ltr'>ruc-</span> 
     </span>
     <span class='ocr_line' id='line_1_24' title="bbox 196 2267 1906 2344; baseline -0.006 -13"><span class='ocrx_word' id='word_1_302' title='bbox 196 2274 319 2344; x_wconf 86' lang='lat' dir='ltr'>tatibus,</span> <span class='ocrx_word' id='word_1_303' title='bbox 335 2277 369 2330; x_wconf 90' lang='lat' dir='ltr'>ut</span> <span class='ocrx_word' id='word_1_304' title='bbox 381 2287 485 2330; x_wconf 90' lang='lat' dir='ltr'>secure</span> <span class='ocrx_word' id='word_1_305' title='bbox 497 2277 526 2329; x_wconf 89' lang='lat' dir='ltr'>ct</span> <span class='ocrx_word' id='word_1_306' title='bbox 538 2271 631 2330; x_wconf 88' lang='lat' dir='ltr'>libere</span> <span class='ocrx_word' id='word_1_307' title='bbox 643 2271 686 2328; x_wconf 93' lang='lat' dir='ltr'>lrc</span> <span class='ocrx_word' id='word_1_308' title='bbox 701 2278 729 2328; x_wconf 89' lang='lat' dir='ltr'>et</span> <span class='ocrx_word' id='word_1_309' title='bbox 739 2271 836 2328; x_wconf 89' lang='lat' dir='ltr'>redire</span> <span class='ocrx_word' id='word_1_310' title='bbox 849 2271 979 2340; x_wconf 84' lang='lat' dir='ltr'>valcant,</span> <span class='ocrx_word' id='word_1_311' title='bbox 1000 2276 1028 2328; x_wconf 91' lang='lat' dir='ltr'>et</span> <span class='ocrx_word' id='word_1_312' title='bbox 1081 2267 1184 2325; x_wconf 77' lang='lat' dir='ltr'>moriar</span> <span class='ocrx_word' id='word_1_313' title='bbox 1195 2267 1312 2340; x_wconf 87' lang='lat' dir='ltr'>genitor</span> <span class='ocrx_word' id='word_1_314' title='bbox 1326 2271 1520 2340; x_wconf 89' lang='lat' dir='ltr'>nesterMugo</span> <span class='ocrx_word' id='word_1_315' title='bbox 1533 2285 1587 2326; x_wconf 83' lang='lat' dir='ltr'>rex</span> <span class='ocrx_word' id='word_1_316' title='bbox 1601 2268 1643 2324; x_wconf 92' lang='lat' dir='ltr'>eis</span> <span class='ocrx_word' id='word_1_317' title='bbox 1655 2271 1850 2325; x_wconf 83' lang='lat' dir='ltr'>concesserat</span> <span class='ocrx_word' id='word_1_318' title='bbox 1859 2269 1906 2322; x_wconf 85' lang='lat' dir='ltr'>sin·</span> 
     </span>
     <span class='ocr_line' id='line_1_25' title="bbox 195 2357 1905 2432; baseline -0.004 -12"><span class='ocrx_word' id='word_1_319' title='bbox 195 2377 258 2421; x_wconf 90' lang='lat' dir='ltr'>nou</span> <span class='ocrx_word' id='word_1_320' title='bbox 269 2361 398 2420; x_wconf 90' lang='lat' dir='ltr'>reddant</span> <span class='ocrx_word' id='word_1_321' title='bbox 409 2360 562 2419; x_wconf 90' lang='lat' dir='ltr'>teloneum</span> <span class='ocrx_word' id='word_1_322' title='bbox 583 2361 632 2419; x_wconf 84' lang='lat' dir='ltr'>vel</span> <span class='ocrx_word' id='word_1_323' title='bbox 657 2361 750 2419; x_wconf 75' lang='lat' dir='ltr'>rdiam</span> <span class='ocrx_word' id='word_1_324' title='bbox 778 2361 1026 2418; x_wconf 88' lang='lat' dir='ltr'>consuetudinem</span> <span class='ocrx_word' id='word_1_325' title='bbox 1082 2358 1158 2430; x_wconf 89' lang='lat' dir='ltr'>gulis</span> <span class='ocrx_word' id='word_1_326' title='bbox 1172 2357 1374 2415; x_wconf 86' lang='lat' dir='ltr'>hebdomadis</span> <span class='ocrx_word' id='word_1_327' title='bbox 1388 2373 1548 2432; x_wconf 87' lang='lat' dir='ltr'>perunam</span> <span class='ocrx_word' id='word_1_328' title='bbox 1561 2357 1905 2430; x_wconf 87' lang='lat' dir='ltr'>dicmetuoctem,quam</span> 
     </span>
     <span class='ocr_line' id='line_1_26' title="bbox 196 2443 1900 2525; baseline -0.005 -16"><span class='ocrx_word' id='word_1_329' title='bbox 196 2451 332 2525; x_wconf 88' lang='lat' dir='ltr'>aliquam</span> <span class='ocrx_word' id='word_1_330' title='bbox 343 2449 585 2509; x_wconf 86' lang='lat' dir='ltr'>redhibitionem.</span> <span class='ocrx_word' id='word_1_331' title='bbox 618 2453 651 2508; x_wconf 85' lang='lat' dir='ltr'>nt</span> <span class='ocrx_word' id='word_1_332' title='bbox 680 2465 718 2507; x_wconf 87' lang='lat' dir='ltr'>ue</span> <span class='ocrx_word' id='word_1_333' title='bbox 743 2449 883 2525; x_wconf 87' lang='lat' dir='ltr'>quislibet</span> <span class='ocrx_word' id='word_1_334' title='bbox 906 2453 1027 2506; x_wconf 83' lang='lat' dir='ltr'>exactor</span> <span class='ocrx_word' id='word_1_335' title='bbox 1080 2447 1238 2519; x_wconf 88' lang='lat' dir='ltr'>voluerint,</span> <span class='ocrx_word' id='word_1_336' title='bbox 1251 2447 1418 2506; x_wconf 87' lang='lat' dir='ltr'>libertatem</span> <span class='ocrx_word' id='word_1_337' title='bbox 1446 2443 1647 2520; x_wconf 87' lang='lat' dir='ltr'>perlustrandi</span> <span class='ocrx_word' id='word_1_338' title='bbox 1674 2449 1773 2503; x_wconf 91' lang='lat' dir='ltr'>totam</span> <span class='ocrx_word' id='word_1_339' title='bbox 1801 2463 1900 2519; x_wconf 90' lang='lat' dir='ltr'>aquam</span> 
     </span>
     <span class='ocr_line' id='line_1_27' title="bbox 196 2533 1902 2621; baseline -0.004 -24"><span class='ocrx_word' id='word_1_340' title='bbox 196 2539 261 2598; x_wconf 89' lang='lat' dir='ltr'>fisci</span> <span class='ocrx_word' id='word_1_341' title='bbox 276 2541 313 2598; x_wconf 93' lang='lat' dir='ltr'>de</span> <span class='ocrx_word' id='word_1_342' title='bbox 327 2539 418 2621; x_wconf 67' lang='lat' dir='ltr'>carris</span> <span class='ocrx_word' id='word_1_343' title='bbox 432 2540 480 2598; x_wconf 80' lang='lat' dir='ltr'>vel</span> <span class='ocrx_word' id='word_1_344' title='bbox 495 2541 615 2598; x_wconf 86' lang='lat' dir='ltr'>carretis</span> <span class='ocrx_word' id='word_1_345' title='bbox 631 2540 678 2597; x_wconf 83' lang='lat' dir='ltr'>vel</span> <span class='ocrx_word' id='word_1_346' title='bbox 704 2539 863 2611; x_wconf 88' lang='lat' dir='ltr'>sagmariis</span> <span class='ocrx_word' id='word_1_347' title='bbox 884 2539 930 2596; x_wconf 84' lang='lat' dir='ltr'>vel</span> <span class='ocrx_word' id='word_1_348' title='bbox 950 2554 1026 2614; x_wconf 88' lang='lat' dir='ltr'>quo-</span> <span class='ocrx_word' id='word_1_349' title='bbox 1081 2537 1175 2594; x_wconf 88' lang='lat' dir='ltr'>nostri</span> <span class='ocrx_word' id='word_1_350' title='bbox 1186 2536 1262 2609; x_wconf 84' lang='lat' dir='ltr'>juris</span> <span class='ocrx_word' id='word_1_351' title='bbox 1275 2537 1394 2608; x_wconf 77' lang='lat' dir='ltr'>ligeriti</span> <span class='ocrx_word' id='word_1_352' title='bbox 1407 2535 1500 2608; x_wconf 81' lang='lat' dir='ltr'>fluvii,</span> <span class='ocrx_word' id='word_1_353' title='bbox 1510 2533 1647 2610; x_wconf 83' lang='lat' dir='ltr'>quohbet</span> <span class='ocrx_word' id='word_1_354' title='bbox 1660 2537 1754 2592; x_wconf 92' lang='lat' dir='ltr'>modo</span> <span class='ocrx_word' id='word_1_355' title='bbox 1775 2535 1902 2610; x_wconf 79' lang='lat' dir='ltr'>piscatio</span> 
     </span>
     <span class='ocr_line' id='line_1_28' title="bbox 197 2625 1901 2708; baseline -0.005 -20"><span class='ocrx_word' id='word_1_356' title='bbox 197 2645 317 2708; x_wconf 89' lang='lat' dir='ltr'>cunque</span> <span class='ocrx_word' id='word_1_357' title='bbox 331 2629 469 2688; x_wconf 82' lang='lat' dir='ltr'>vehlctdo</span> <span class='ocrx_word' id='word_1_358' title='bbox 484 2630 546 2687; x_wconf 87' lang='lat' dir='ltr'>sive</span> <span class='ocrx_word' id='word_1_359' title='bbox 561 2646 615 2703; x_wconf 93' lang='lat' dir='ltr'>per</span> <span class='ocrx_word' id='word_1_360' title='bbox 628 2634 739 2688; x_wconf 85' lang='lat' dir='ltr'>terram</span> <span class='ocrx_word' id='word_1_361' title='bbox 756 2630 815 2686; x_wconf 85' lang='lat' dir='ltr'>sive</span> <span class='ocrx_word' id='word_1_362' title='bbox 838 2643 892 2703; x_wconf 90' lang='lat' dir='ltr'>per</span> <span class='ocrx_word' id='word_1_363' title='bbox 914 2645 1027 2703; x_wconf 89' lang='lat' dir='ltr'>aquam</span> <span class='ocrx_word' id='word_1_364' title='bbox 1081 2627 1138 2696; x_wconf 91' lang='lat' dir='ltr'>nis,</span> <span class='ocrx_word' id='word_1_365' title='bbox 1155 2625 1199 2684; x_wconf 91' lang='lat' dir='ltr'>eis</span> <span class='ocrx_word' id='word_1_366' title='bbox 1215 2625 1245 2682; x_wconf 90' lang='lat' dir='ltr'>in</span> <span class='ocrx_word' id='word_1_367' title='bbox 1255 2631 1435 2700; x_wconf 90' lang='lat' dir='ltr'>perpetuum</span> <span class='ocrx_word' id='word_1_368' title='bbox 1444 2625 1639 2684; x_wconf 90' lang='lat' dir='ltr'>concedimus</span> <span class='ocrx_word' id='word_1_369' title='bbox 1647 2625 1901 2682; x_wconf 86' lang='lat' dir='ltr'>ctccnfirmamus.</span> 
     </span>
     <span class='ocr_line' id='line_1_29' title="bbox 197 2713 1904 2796; baseline -0.005 -18"><span class='ocrx_word' id='word_1_370' title='bbox 197 2718 287 2791; x_wconf 89' lang='lat' dir='ltr'>iacto,</span> <span class='ocrx_word' id='word_1_371' title='bbox 299 2719 344 2778; x_wconf 85' lang='lat' dir='ltr'>vel</span> <span class='ocrx_word' id='word_1_372' title='bbox 358 2721 396 2777; x_wconf 90' lang='lat' dir='ltr'>de</span> <span class='ocrx_word' id='word_1_373' title='bbox 410 2735 594 2796; x_wconf 89' lang='lat' dir='ltr'>quocunque</span> <span class='ocrx_word' id='word_1_374' title='bbox 608 2720 790 2777; x_wconf 90' lang='lat' dir='ltr'>commercio</span> <span class='ocrx_word' id='word_1_375' title='bbox 812 2719 964 2793; x_wconf 91' lang='lat' dir='ltr'>pertinens</span> <span class='ocrx_word' id='word_1_376' title='bbox 988 2721 1028 2776; x_wconf 92' lang='lat' dir='ltr'>ad</span> <span class='ocrx_word' id='word_1_377' title='bbox 1081 2719 1115 2774; x_wconf 85' lang='lat' dir='ltr'>Et</span> <span class='ocrx_word' id='word_1_378' title='bbox 1127 2716 1201 2791; x_wconf 91' lang='lat' dir='ltr'>qula</span> <span class='ocrx_word' id='word_1_379' title='bbox 1214 2715 1425 2772; x_wconf 88' lang='lat' dir='ltr'>ministeriales</span> <span class='ocrx_word' id='word_1_380' title='bbox 1439 2716 1533 2773; x_wconf 91' lang='lat' dir='ltr'>nostri</span> <span class='ocrx_word' id='word_1_381' title='bbox 1554 2713 1787 2772; x_wconf 79' lang='lat' dir='ltr'>Aurelianensas</span> <span class='ocrx_word' id='word_1_382' title='bbox 1808 2719 1835 2771; x_wconf 90' lang='lat' dir='ltr'>et</span> <span class='ocrx_word' id='word_1_383' title='bbox 1858 2713 1904 2768; x_wconf 88' lang='lat' dir='ltr'>ml·</span> 
     </span>
     <span class='ocr_line' id='line_1_30' title="bbox 196 2802 1902 2886; baseline -0.006 -19"><span class='ocrx_word' id='word_1_384' title='bbox 196 2807 486 2886; x_wconf 84' lang='lat' dir='ltr'>praedictumlocum</span> <span class='ocrx_word' id='word_1_385' title='bbox 498 2808 598 2878; x_wconf 82' lang='lat' dir='ltr'>exigat</span> <span class='ocrx_word' id='word_1_386' title='bbox 611 2807 658 2865; x_wconf 87' lang='lat' dir='ltr'>vel</span> <span class='ocrx_word' id='word_1_387' title='bbox 670 2809 798 2882; x_wconf 90' lang='lat' dir='ltr'>accipiat</span> <span class='ocrx_word' id='word_1_388' title='bbox 812 2809 905 2865; x_wconf 90' lang='lat' dir='ltr'>ullam</span> <span class='ocrx_word' id='word_1_389' title='bbox 929 2808 1027 2864; x_wconf 88' lang='lat' dir='ltr'>omnl—</span> <span class='ocrx_word' id='word_1_390' title='bbox 1079 2805 1155 2875; x_wconf 92' lang='lat' dir='ltr'>lites,</span> <span class='ocrx_word' id='word_1_391' title='bbox 1170 2809 1198 2861; x_wconf 89' lang='lat' dir='ltr'>ct</span> <span class='ocrx_word' id='word_1_392' title='bbox 1214 2805 1376 2862; x_wconf 81' lang='lat' dir='ltr'>servientes</span> <span class='ocrx_word' id='word_1_393' title='bbox 1396 2803 1534 2862; x_wconf 91' lang='lat' dir='ltr'>Landrici</span> <span class='ocrx_word' id='word_1_394' title='bbox 1557 2803 1658 2859; x_wconf 90' lang='lat' dir='ltr'>militis</span> <span class='ocrx_word' id='word_1_395' title='bbox 1686 2802 1902 2874; x_wconf 88' lang='lat' dir='ltr'>Balgcnciacen·</span> 
     </span>
     <span class='ocr_line' id='line_1_31' title="bbox 197 2893 1900 2970; baseline -0.005 -15"><span class='ocrx_word' id='word_1_396' title='bbox 197 2913 238 2955; x_wconf 91' lang='lat' dir='ltr'>no</span> <span class='ocrx_word' id='word_1_397' title='bbox 249 2893 509 2963; x_wconf 88' lang='lat' dir='ltr'>consuetudinem,</span> <span class='ocrx_word' id='word_1_398' title='bbox 525 2911 580 2953; x_wconf 91' lang='lat' dir='ltr'>nec</span> <span class='ocrx_word' id='word_1_399' title='bbox 596 2897 634 2953; x_wconf 94' lang='lat' dir='ltr'>de</span> <span class='ocrx_word' id='word_1_400' title='bbox 647 2898 832 2970; x_wconf 92' lang='lat' dir='ltr'>quibuslibet</span> <span class='ocrx_word' id='word_1_401' title='bbox 846 2899 972 2968; x_wconf 89' lang='lat' dir='ltr'>negotiis</span> <span class='ocrx_word' id='word_1_402' title='bbox 983 2898 1029 2955; x_wconf 87' lang='lat' dir='ltr'>vel</span> <span class='ocrx_word' id='word_1_403' title='bbox 1081 2896 1130 2963; x_wconf 89' lang='lat' dir='ltr'>sis,</span> <span class='ocrx_word' id='word_1_404' title='bbox 1147 2893 1310 2968; x_wconf 81' lang='lat' dir='ltr'>etquidem</span> <span class='ocrx_word' id='word_1_405' title='bbox 1326 2894 1387 2964; x_wconf 90' lang='lat' dir='ltr'>alii,</span> <span class='ocrx_word' id='word_1_406' title='bbox 1404 2894 1479 2951; x_wconf 91' lang='lat' dir='ltr'>sicut</span> <span class='ocrx_word' id='word_1_407' title='bbox 1491 2893 1530 2950; x_wconf 89' lang='lat' dir='ltr'>ad</span> <span class='ocrx_word' id='word_1_408' title='bbox 1542 2899 1661 2950; x_wconf 89' lang='lat' dir='ltr'>nostras</span> <span class='ocrx_word' id='word_1_409' title='bbox 1684 2909 1775 2949; x_wconf 89' lang='lat' dir='ltr'>aures</span> <span class='ocrx_word' id='word_1_410' title='bbox 1804 2893 1900 2965; x_wconf 76' lang='lat' dir='ltr'>saepius</span> 
     </span>
     <span class='ocr_line' id='line_1_32' title="bbox 197 2981 1898 3076; baseline -0.005 -33"><span class='ocrx_word' id='word_1_411' title='bbox 197 2984 421 3043; x_wconf 85' lang='lat' dir='ltr'>invillisvelln</span> <span class='ocrx_word' id='word_1_412' title='bbox 446 2984 542 3055; x_wconf 87' lang='lat' dir='ltr'>terris,</span> <span class='ocrx_word' id='word_1_413' title='bbox 572 2984 633 3041; x_wconf 87' lang='lat' dir='ltr'>sive</span> <span class='ocrx_word' id='word_1_414' title='bbox 648 2985 678 3041; x_wconf 92' lang='lat' dir='ltr'>iu</span> <span class='ocrx_word' id='word_1_415' title='bbox 699 2983 780 3042; x_wconf 90' lang='lat' dir='ltr'>silvis</span> <span class='ocrx_word' id='word_1_416' title='bbox 807 2985 913 3042; x_wconf 88' lang='lat' dir='ltr'>autin</span> <span class='ocrx_word' id='word_1_417' title='bbox 942 2985 1028 3061; x_wconf 91' lang='lat' dir='ltr'>aquis</span> <span class='ocrx_word' id='word_1_418' title='bbox 1044 3022 1065 3076; x_wconf 68' lang='lat' dir='ltr'>C</span> <span class='ocrx_word' id='word_1_419' title='bbox 1080 2983 1224 3056; x_wconf 88' lang='lat' dir='ltr'>pervenit,</span> <span class='ocrx_word' id='word_1_420' title='bbox 1250 2987 1345 3040; x_wconf 88' lang='lat' dir='ltr'>terras</span> <span class='ocrx_word' id='word_1_421' title='bbox 1368 2984 1502 3057; x_wconf 76' lang='lat' dir='ltr'>praedicti</span> <span class='ocrx_word' id='word_1_422' title='bbox 1530 2981 1703 3041; x_wconf 84' lang='lat' dir='ltr'>monasterii</span> <span class='ocrx_word' id='word_1_423' title='bbox 1728 2981 1898 3056; x_wconf 88' lang='lat' dir='ltr'>quotidianis</span> 
     </span>
     <span class='ocr_line' id='line_1_33' title="bbox 198 3071 1897 3148; baseline -0.004 -19"><span class='ocrx_word' id='word_1_424' title='bbox 198 3073 333 3148; x_wconf 75' lang='lat' dir='ltr'>praedicti</span> <span class='ocrx_word' id='word_1_425' title='bbox 346 3073 519 3129; x_wconf 91' lang='lat' dir='ltr'>monasterii</span> <span class='ocrx_word' id='word_1_426' title='bbox 532 3072 618 3131; x_wconf 89' lang='lat' dir='ltr'>iactis</span> <span class='ocrx_word' id='word_1_427' title='bbox 645 3073 846 3147; x_wconf 86' lang='lat' dir='ltr'>undecunque</span> <span class='ocrx_word' id='word_1_428' title='bbox 869 3073 1028 3145; x_wconf 87' lang='lat' dir='ltr'>judiciaria</span> <span class='ocrx_word' id='word_1_429' title='bbox 1080 3076 1201 3129; x_wconf 88' lang='lat' dir='ltr'>vastant</span> <span class='ocrx_word' id='word_1_430' title='bbox 1212 3072 1337 3145; x_wconf 90' lang='lat' dir='ltr'>rapinis,</span> <span class='ocrx_word' id='word_1_431' title='bbox 1351 3077 1381 3129; x_wconf 94' lang='lat' dir='ltr'>et</span> <span class='ocrx_word' id='word_1_432' title='bbox 1391 3071 1566 3129; x_wconf 90' lang='lat' dir='ltr'>hominibus</span> <span class='ocrx_word' id='word_1_433' title='bbox 1580 3073 1638 3130; x_wconf 91' lang='lat' dir='ltr'>illic</span> <span class='ocrx_word' id='word_1_434' title='bbox 1653 3071 1897 3129; x_wconf 85' lang='lat' dir='ltr'>commorantibus</span> 
     </span>
     <span class='ocr_line' id='line_1_34' title="bbox 197 3159 1896 3238; baseline -0.003 -19"><span class='ocrx_word' id='word_1_435' title='bbox 197 3167 330 3237; x_wconf 84' lang='lat' dir='ltr'>potestas</span> <span class='ocrx_word' id='word_1_436' title='bbox 345 3160 916 3238; x_wconf 79' lang='lat' dir='ltr'>aliquidexigerepraesumat,aliquam</span> <span class='ocrx_word' id='word_1_437' title='bbox 930 3162 1027 3233; x_wconf 88' lang='lat' dir='ltr'>legem</span> <span class='ocrx_word' id='word_1_438' title='bbox 1080 3161 1190 3218; x_wconf 87' lang='lat' dir='ltr'>multas</span> <span class='ocrx_word' id='word_1_439' title='bbox 1204 3162 1331 3233; x_wconf 87' lang='lat' dir='ltr'>injurias</span> <span class='ocrx_word' id='word_1_440' title='bbox 1344 3161 1468 3234; x_wconf 88' lang='lat' dir='ltr'>iaciunt,</span> <span class='ocrx_word' id='word_1_441' title='bbox 1497 3178 1551 3236; x_wconf 90' lang='lat' dir='ltr'>per</span> <span class='ocrx_word' id='word_1_442' title='bbox 1581 3163 1639 3219; x_wconf 89' lang='lat' dir='ltr'>hoc</span> <span class='ocrx_word' id='word_1_443' title='bbox 1665 3166 1774 3219; x_wconf 77' lang='lat' dir='ltr'>nostra</span> <span class='ocrx_word' id='word_1_444' title='bbox 1802 3159 1896 3230; x_wconf 85' lang='lat' dir='ltr'>regalis</span> 
     </span>
     <span class='ocr_line' id='line_1_35' title="bbox 197 3246 1895 3326; baseline -0.005 -17"><span class='ocrx_word' id='word_1_445' title='bbox 197 3251 245 3310; x_wconf 82' lang='lat' dir='ltr'>vel</span> <span class='ocrx_word' id='word_1_446' title='bbox 259 3251 509 3308; x_wconf 89' lang='lat' dir='ltr'>consuetudinem</span> <span class='ocrx_word' id='word_1_447' title='bbox 523 3253 657 3326; x_wconf 90' lang='lat' dir='ltr'>accipere</span> <span class='ocrx_word' id='word_1_448' title='bbox 667 3252 714 3310; x_wconf 83' lang='lat' dir='ltr'>vel</span> <span class='ocrx_word' id='word_1_449' title='bbox 730 3253 856 3326; x_wconf 82' lang='lat' dir='ltr'>erigere,</span> <span class='ocrx_word' id='word_1_450' title='bbox 865 3253 1027 3326; x_wconf 88' lang='lat' dir='ltr'>vclquam-</span> <span class='ocrx_word' id='word_1_451' title='bbox 1082 3251 1265 3307; x_wconf 87' lang='lat' dir='ltr'>auctoritatis</span> <span class='ocrx_word' id='word_1_452' title='bbox 1280 3257 1464 3325; x_wconf 76' lang='lat' dir='ltr'>praeceptum</span> <span class='ocrx_word' id='word_1_453' title='bbox 1477 3252 1508 3308; x_wconf 91' lang='lat' dir='ltr'>id</span> <span class='ocrx_word' id='word_1_454' title='bbox 1523 3251 1708 3308; x_wconf 89' lang='lat' dir='ltr'>omnimodis</span> <span class='ocrx_word' id='word_1_455' title='bbox 1721 3249 1828 3308; x_wconf 87' lang='lat' dir='ltr'>amodo</span> <span class='ocrx_word' id='word_1_456' title='bbox 1840 3246 1895 3304; x_wconf 88' lang='lat' dir='ltr'>lieri</span> 
     </span>
     <span class='ocr_line' id='line_1_36' title="bbox 197 3336 1896 3414; baseline -0.002 -18"><span class='ocrx_word' id='word_1_457' title='bbox 197 3337 270 3397; x_wconf 91' lang='lat' dir='ltr'>libet</span> <span class='ocrx_word' id='word_1_458' title='bbox 284 3339 452 3396; x_wconf 88' lang='lat' dir='ltr'>molestiam</span> <span class='ocrx_word' id='word_1_459' title='bbox 466 3338 585 3396; x_wconf 83' lang='lat' dir='ltr'>inferre.</span> <span class='ocrx_word' id='word_1_460' title='bbox 602 3340 675 3413; x_wconf 89' lang='lat' dir='ltr'>ipsis</span> <span class='ocrx_word' id='word_1_461' title='bbox 690 3355 762 3397; x_wconf 87' lang='lat' dir='ltr'>vcro</span> <span class='ocrx_word' id='word_1_462' title='bbox 782 3339 940 3396; x_wconf 88' lang='lat' dir='ltr'>monachis</span> <span class='ocrx_word' id='word_1_463' title='bbox 960 3355 1029 3395; x_wconf 91' lang='lat' dir='ltr'>con·</span> <span class='ocrx_word' id='word_1_464' title='bbox 1082 3340 1288 3414; x_wconf 89' lang='lat' dir='ltr'>prohibemus,</span> <span class='ocrx_word' id='word_1_465' title='bbox 1298 3339 1444 3398; x_wconf 89' lang='lat' dir='ltr'>Landrico</span> <span class='ocrx_word' id='word_1_466' title='bbox 1457 3342 1549 3398; x_wconf 82' lang='lat' dir='ltr'>mdite</span> <span class='ocrx_word' id='word_1_467' title='bbox 1559 3341 1808 3412; x_wconf 89' lang='lat' dir='ltr'>Balgenciacensi,</span> <span class='ocrx_word' id='word_1_468' title='bbox 1823 3343 1848 3396; x_wconf 91' lang='lat' dir='ltr'>et</span> <span class='ocrx_word' id='word_1_469' title='bbox 1868 3336 1896 3392; x_wconf 91' lang='lat' dir='ltr'>ii-</span> 
     </span>
     <span class='ocr_line' id='line_1_37' title="bbox 198 3427 1896 3504; baseline -0.002 -18"><span class='ocrx_word' id='word_1_470' title='bbox 198 3427 383 3497; x_wconf 84' lang='lat' dir='ltr'>auetudines‚</span> <span class='ocrx_word' id='word_1_471' title='bbox 404 3445 482 3502; x_wconf 89' lang='lat' dir='ltr'>quas</span> <span class='ocrx_word' id='word_1_472' title='bbox 510 3429 626 3498; x_wconf 85' lang='lat' dir='ltr'>volunt,</span> <span class='ocrx_word' id='word_1_473' title='bbox 656 3429 719 3485; x_wconf 89' lang='lat' dir='ltr'>slvc</span> <span class='ocrx_word' id='word_1_474' title='bbox 735 3429 765 3486; x_wconf 88' lang='lat' dir='ltr'>in</span> <span class='ocrx_word' id='word_1_475' title='bbox 795 3430 879 3486; x_wconf 91' lang='lat' dir='ltr'>terris</span> <span class='ocrx_word' id='word_1_476' title='bbox 907 3427 969 3484; x_wconf 84' lang='lat' dir='ltr'>sive</span> <span class='ocrx_word' id='word_1_477' title='bbox 998 3427 1029 3484; x_wconf 91' lang='lat' dir='ltr'>in</span> <span class='ocrx_word' id='word_1_478' title='bbox 1082 3427 1128 3485; x_wconf 88' lang='lat' dir='ltr'>liis</span> <span class='ocrx_word' id='word_1_479' title='bbox 1141 3429 1206 3501; x_wconf 88' lang='lat' dir='ltr'>ejus</span> <span class='ocrx_word' id='word_1_480' title='bbox 1222 3431 1378 3502; x_wconf 90' lang='lat' dir='ltr'>Landrlco,</span> <span class='ocrx_word' id='word_1_481' title='bbox 1393 3433 1547 3488; x_wconf 88' lang='lat' dir='ltr'>Joanuect</span> <span class='ocrx_word' id='word_1_482' title='bbox 1560 3430 1820 3504; x_wconf 86' lang='lat' dir='ltr'>Hervccadipsum</span> <span class='ocrx_word' id='word_1_483' title='bbox 1832 3441 1896 3484; x_wconf 89' lang='lat' dir='ltr'>cen·</span> 
     </span>
     <span class='ocr_line' id='line_1_38' title="bbox 198 3513 1891 3592; baseline -0.004 -17"><span class='ocrx_word' id='word_1_484' title='bbox 198 3519 285 3592; x_wconf 88' lang='lat' dir='ltr'>aquis</span> <span class='ocrx_word' id='word_1_485' title='bbox 300 3517 593 3590; x_wconf 88' lang='lat' dir='ltr'>suispencreliceat,</span> <span class='ocrx_word' id='word_1_486' title='bbox 609 3517 706 3588; x_wconf 87' lang='lat' dir='ltr'>idest,</span> <span class='ocrx_word' id='word_1_487' title='bbox 734 3519 878 3575; x_wconf 89' lang='lat' dir='ltr'>telonium</span> <span class='ocrx_word' id='word_1_488' title='bbox 907 3517 977 3574; x_wconf 84' lang='lat' dir='ltr'>salis</span> <span class='ocrx_word' id='word_1_489' title='bbox 1002 3522 1030 3574; x_wconf 91' lang='lat' dir='ltr'>et</span> <span class='ocrx_word' id='word_1_490' title='bbox 1084 3518 1291 3588; x_wconf 66' lang='lat' dir='ltr'>sentientibus</span> <span class='ocrx_word' id='word_1_491' title='bbox 1306 3524 1450 3576; x_wconf 84' lang='lat' dir='ltr'>eteorum</span> <span class='ocrx_word' id='word_1_492' title='bbox 1477 3520 1566 3577; x_wconf 90' lang='lat' dir='ltr'>nohis</span> <span class='ocrx_word' id='word_1_493' title='bbox 1584 3523 1614 3578; x_wconf 89' lang='lat' dir='ltr'>ct</span> <span class='ocrx_word' id='word_1_494' title='bbox 1637 3519 1767 3577; x_wconf 87' lang='lat' dir='ltr'>fidelibus</span> <span class='ocrx_word' id='word_1_495' title='bbox 1789 3513 1891 3572; x_wconf 81' lang='lat' dir='ltr'>nestris</span> 
     </span>
     <span class='ocr_line' id='line_1_39' title="bbox 199 3602 1886 3682; baseline -0.005 -18"><span class='ocrx_word' id='word_1_496' title='bbox 199 3605 447 3675; x_wconf 82' lang='lat' dir='ltr'>ahammrerum,</span> <span class='ocrx_word' id='word_1_497' title='bbox 463 3622 531 3680; x_wconf 82' lang='lat' dir='ltr'>quae</span> <span class='ocrx_word' id='word_1_498' title='bbox 546 3606 695 3664; x_wconf 84' lang='lat' dir='ltr'>vehantur</span> <span class='ocrx_word' id='word_1_499' title='bbox 710 3608 771 3664; x_wconf 88' lang='lat' dir='ltr'>sive</span> <span class='ocrx_word' id='word_1_500' title='bbox 781 3623 835 3680; x_wconf 91' lang='lat' dir='ltr'>per</span> <span class='ocrx_word' id='word_1_501' title='bbox 845 3612 955 3664; x_wconf 89' lang='lat' dir='ltr'>terram</span> <span class='ocrx_word' id='word_1_502' title='bbox 968 3606 1030 3663; x_wconf 87' lang='lat' dir='ltr'>slve</span> <span class='ocrx_word' id='word_1_503' title='bbox 1082 3605 1185 3680; x_wconf 88' lang='lat' dir='ltr'>palam</span> <span class='ocrx_word' id='word_1_504' title='bbox 1200 3607 1412 3664; x_wconf 86' lang='lat' dir='ltr'>confitentibus</span> <span class='ocrx_word' id='word_1_505' title='bbox 1428 3624 1458 3664; x_wconf 92' lang='lat' dir='ltr'>se</span> <span class='ocrx_word' id='word_1_506' title='bbox 1471 3609 1530 3666; x_wconf 93' lang='lat' dir='ltr'>huc</span> <span class='ocrx_word' id='word_1_507' title='bbox 1543 3625 1641 3682; x_wconf 90' lang='lat' dir='ltr'>usque</span> <span class='ocrx_word' id='word_1_508' title='bbox 1658 3602 1886 3664; x_wconf 87' lang='lat' dir='ltr'>nudumomnino</span> 
     </span>
     <span class='ocr_line' id='line_1_40' title="bbox 199 3693 1891 3774; baseline -0.005 -19"><span class='ocrx_word' id='word_1_509' title='bbox 199 3713 253 3772; x_wconf 89' lang='lat' dir='ltr'>per</span> <span class='ocrx_word' id='word_1_510' title='bbox 267 3713 391 3774; x_wconf 85' lang='lat' dir='ltr'>aquam,</span> <span class='ocrx_word' id='word_1_511' title='bbox 404 3703 432 3754; x_wconf 92' lang='lat' dir='ltr'>et</span> <span class='ocrx_word' id='word_1_512' title='bbox 442 3701 564 3756; x_wconf 86' lang='lat' dir='ltr'>caeteras</span> <span class='ocrx_word' id='word_1_513' title='bbox 579 3699 660 3770; x_wconf 84' lang='lat' dir='ltr'>leges</span> <span class='ocrx_word' id='word_1_514' title='bbox 675 3699 762 3755; x_wconf 90' lang='lat' dir='ltr'>idest</span> <span class='ocrx_word' id='word_1_515' title='bbox 775 3699 964 3770; x_wconf 89' lang='lat' dir='ltr'>sauguinem,</span> <span class='ocrx_word' id='word_1_516' title='bbox 981 3713 1029 3754; x_wconf 89' lang='lat' dir='ltr'>ra·</span> <span class='ocrx_word' id='word_1_517' title='bbox 1081 3695 1130 3767; x_wconf 81' lang='lat' dir='ltr'>jus</span> <span class='ocrx_word' id='word_1_518' title='bbox 1146 3699 1197 3752; x_wconf 90' lang='lat' dir='ltr'>aut</span> <span class='ocrx_word' id='word_1_519' title='bbox 1209 3695 1301 3753; x_wconf 91' lang='lat' dir='ltr'>ullam</span> <span class='ocrx_word' id='word_1_520' title='bbox 1317 3697 1566 3754; x_wconf 90' lang='lat' dir='ltr'>consuetudinem</span> <span class='ocrx_word' id='word_1_521' title='bbox 1581 3698 1628 3754; x_wconf 87' lang='lat' dir='ltr'>vel</span> <span class='ocrx_word' id='word_1_522' title='bbox 1643 3695 1787 3753; x_wconf 77' lang='lat' dir='ltr'>servitium</span> <span class='ocrx_word' id='word_1_523' title='bbox 1797 3693 1891 3750; x_wconf 89' lang='lat' dir='ltr'>inom-</span> 
     </span>
     <span class='ocr_line' id='line_1_41' title="bbox 198 3783 1895 3863; baseline -0.005 -19"><span class='ocrx_word' id='word_1_524' title='bbox 198 3792 297 3863; x_wconf 90' lang='lat' dir='ltr'>ptum,</span> <span class='ocrx_word' id='word_1_525' title='bbox 313 3787 521 3861; x_wconf 90' lang='lat' dir='ltr'>homicidium,</span> <span class='ocrx_word' id='word_1_526' title='bbox 533 3786 716 3858; x_wconf 88' lang='lat' dir='ltr'>incendium,</span> <span class='ocrx_word' id='word_1_527' title='bbox 733 3793 762 3845; x_wconf 92' lang='lat' dir='ltr'>ct</span> <span class='ocrx_word' id='word_1_528' title='bbox 773 3788 847 3846; x_wconf 89' lang='lat' dir='ltr'>alias</span> <span class='ocrx_word' id='word_1_529' title='bbox 858 3786 941 3859; x_wconf 91' lang='lat' dir='ltr'>lcgcs</span> <span class='ocrx_word' id='word_1_530' title='bbox 961 3804 1030 3861; x_wconf 81' lang='lat' dir='ltr'>quae</span> <span class='ocrx_word' id='word_1_531' title='bbox 1083 3783 1172 3842; x_wconf 90' lang='lat' dir='ltr'>nibus</span> <span class='ocrx_word' id='word_1_532' title='bbox 1187 3787 1271 3843; x_wconf 92' lang='lat' dir='ltr'>tcrris</span> <span class='ocrx_word' id='word_1_533' title='bbox 1285 3789 1384 3844; x_wconf 86' lang='lat' dir='ltr'>Sancti</span> <span class='ocrx_word' id='word_1_534' title='bbox 1394 3787 1545 3844; x_wconf 82' lang='lat' dir='ltr'>Maximini</span> <span class='ocrx_word' id='word_1_535' title='bbox 1557 3787 1605 3844; x_wconf 87' lang='lat' dir='ltr'>vel</span> <span class='ocrx_word' id='word_1_536' title='bbox 1615 3783 1827 3844; x_wconf 86' lang='lat' dir='ltr'>hominibusdc</span> <span class='ocrx_word' id='word_1_537' title='bbox 1837 3783 1895 3854; x_wconf 78' lang='lat' dir='ltr'>jure</span> 
     </span>
     <span class='ocr_line' id='line_1_42' title="bbox 199 3874 1895 3952; baseline -0.004 -18"><span class='ocrx_word' id='word_1_538' title='bbox 199 3877 296 3935; x_wconf 88' lang='lat' dir='ltr'>solent</span> <span class='ocrx_word' id='word_1_539' title='bbox 310 3877 431 3946; x_wconf 80' lang='lat' dir='ltr'>exsolvi,</span> <span class='ocrx_word' id='word_1_540' title='bbox 447 3877 480 3934; x_wconf 93' lang='lat' dir='ltr'>in</span> <span class='ocrx_word' id='word_1_541' title='bbox 495 3878 556 3934; x_wconf 88' lang='lat' dir='ltr'>suis</span> <span class='ocrx_word' id='word_1_542' title='bbox 573 3877 657 3934; x_wconf 88' lang='lat' dir='ltr'>terris</span> <span class='ocrx_word' id='word_1_543' title='bbox 673 3877 833 3952; x_wconf 89' lang='lat' dir='ltr'>accipiant.</span> <span class='ocrx_word' id='word_1_544' title='bbox 1082 3875 1226 3933; x_wconf 90' lang='lat' dir='ltr'>hahuisse</span> <span class='ocrx_word' id='word_1_545' title='bbox 1241 3877 1288 3933; x_wconf 85' lang='lat' dir='ltr'>vel</span> <span class='ocrx_word' id='word_1_546' title='bbox 1300 3877 1412 3935; x_wconf 88' lang='lat' dir='ltr'>habere</span> <span class='ocrx_word' id='word_1_547' title='bbox 1423 3877 1542 3934; x_wconf 88' lang='lat' dir='ltr'>debere.</span> <span class='ocrx_word' id='word_1_548' title='bbox 1560 3877 1755 3934; x_wconf 75' lang='lat' dir='ltr'>prohibemus</span> <span class='ocrx_word' id='word_1_549' title='bbox 1767 3874 1858 3946; x_wconf 87' lang='lat' dir='ltr'>igitur,</span> <span class='ocrx_word' id='word_1_550' title='bbox 1872 3875 1895 3927; x_wconf 89' lang='lat' dir='ltr'>et</span> 
     </span>
     <span class='ocr_line' id='line_1_43' title="bbox 233 3964 1896 4042; baseline -0.004 -18"><span class='ocrx_word' id='word_1_551' title='bbox 233 3965 390 4024; x_wconf 85' lang='lat' dir='ltr'>Possident</span> <span class='ocrx_word' id='word_1_552' title='bbox 400 3965 490 4024; x_wconf 87' lang='lat' dir='ltr'>etiam</span> <span class='ocrx_word' id='word_1_553' title='bbox 503 3981 540 4022; x_wconf 83' lang='lat' dir='ltr'>ex</span> <span class='ocrx_word' id='word_1_554' title='bbox 549 3965 732 4025; x_wconf 84' lang='lat' dir='ltr'>douoCarcli</span> <span class='ocrx_word' id='word_1_555' title='bbox 745 3965 826 4024; x_wconf 75' lang='lat' dir='ltr'>Calrd</span> <span class='ocrx_word' id='word_1_556' title='bbox 842 3965 1029 4024; x_wconf 87' lang='lat' dir='ltr'>Gaudiacum</span> <span class='ocrx_word' id='word_1_557' title='bbox 1083 3968 1255 4024; x_wconf 90' lang='lat' dir='ltr'>auctoritate</span> <span class='ocrx_word' id='word_1_558' title='bbox 1270 3967 1353 4038; x_wconf 87' lang='lat' dir='ltr'>regia</span> <span class='ocrx_word' id='word_1_559' title='bbox 1364 3967 1556 4042; x_wconf 83' lang='lat' dir='ltr'>praecipimus</span> <span class='ocrx_word' id='word_1_560' title='bbox 1567 3967 1696 4025; x_wconf 90' lang='lat' dir='ltr'>districtc</span> <span class='ocrx_word' id='word_1_561' title='bbox 1711 3971 1744 4024; x_wconf 90' lang='lat' dir='ltr'>ut</span> <span class='ocrx_word' id='word_1_562' title='bbox 1753 3965 1783 4024; x_wconf 88' lang='lat' dir='ltr'>in</span> <span class='ocrx_word' id='word_1_563' title='bbox 1793 3964 1896 4024; x_wconf 89' lang='lat' dir='ltr'>Miciacc</span> 
     </span>
     <span class='ocr_line' id='line_1_44' title="bbox 198 4051 1897 4134; baseline -0.005 -18"><span class='ocrx_word' id='word_1_564' title='bbox 198 4073 269 4116; x_wconf 90' lang='lat' dir='ltr'>cum</span> <span class='ocrx_word' id='word_1_565' title='bbox 283 4056 449 4114; x_wconf 79' lang='lat' dir='ltr'>ecclesiast</span> <span class='ocrx_word' id='word_1_566' title='bbox 463 4057 605 4114; x_wconf 85' lang='lat' dir='ltr'>omnibus</span> <span class='ocrx_word' id='word_1_567' title='bbox 621 4056 676 4114; x_wconf 86' lang='lat' dir='ltr'>sibi</span> <span class='ocrx_word' id='word_1_568' title='bbox 691 4057 919 4131; x_wconf 87' lang='lat' dir='ltr'>pertinentibus,</span> <span class='ocrx_word' id='word_1_569' title='bbox 943 4055 1029 4113; x_wconf 90' lang='lat' dir='ltr'>terris</span> <span class='ocrx_word' id='word_1_570' title='bbox 1082 4057 1160 4126; x_wconf 87' lang='lat' dir='ltr'>villa,</span> <span class='ocrx_word' id='word_1_571' title='bbox 1176 4061 1205 4113; x_wconf 90' lang='lat' dir='ltr'>ct</span> <span class='ocrx_word' id='word_1_572' title='bbox 1218 4058 1249 4113; x_wconf 92' lang='lat' dir='ltr'>in</span> <span class='ocrx_word' id='word_1_573' title='bbox 1262 4061 1408 4131; x_wconf 88' lang='lat' dir='ltr'>potestate</span> <span class='ocrx_word' id='word_1_574' title='bbox 1424 4058 1523 4116; x_wconf 91' lang='lat' dir='ltr'>Sancti</span> <span class='ocrx_word' id='word_1_575' title='bbox 1538 4057 1680 4134; x_wconf 84' lang='lat' dir='ltr'>Dionysii,</span> <span class='ocrx_word' id='word_1_576' title='bbox 1692 4061 1721 4115; x_wconf 89' lang='lat' dir='ltr'>et</span> <span class='ocrx_word' id='word_1_577' title='bbox 1740 4057 1772 4114; x_wconf 90' lang='lat' dir='ltr'>ln</span> <span class='ocrx_word' id='word_1_578' title='bbox 1797 4051 1897 4129; x_wconf 87' lang='lat' dir='ltr'>capella</span> 
     </span>
     <span class='ocr_line' id='line_1_45' title="bbox 199 4145 1899 4220; baseline -0.003 -17"><span class='ocrx_word' id='word_1_579' title='bbox 199 4146 286 4203; x_wconf 90' lang='lat' dir='ltr'>cultis</span> <span class='ocrx_word' id='word_1_580' title='bbox 302 4151 331 4202; x_wconf 92' lang='lat' dir='ltr'>et</span> <span class='ocrx_word' id='word_1_581' title='bbox 342 4145 472 4218; x_wconf 90' lang='lat' dir='ltr'>incultis,</span> <span class='ocrx_word' id='word_1_582' title='bbox 483 4146 615 4219; x_wconf 87' lang='lat' dir='ltr'>pascuis,</span> <span class='ocrx_word' id='word_1_583' title='bbox 628 4147 755 4204; x_wconf 80' lang='lat' dir='ltr'>scr-viset</span> <span class='ocrx_word' id='word_1_584' title='bbox 774 4145 889 4204; x_wconf 88' lang='lat' dir='ltr'>ancillis</span> <span class='ocrx_word' id='word_1_585' title='bbox 913 4150 942 4203; x_wconf 91' lang='lat' dir='ltr'>ct</span> <span class='ocrx_word' id='word_1_586' title='bbox 965 4145 1030 4218; x_wconf 92' lang='lat' dir='ltr'>qui·</span> <span class='ocrx_word' id='word_1_587' title='bbox 1085 4147 1184 4204; x_wconf 91' lang='lat' dir='ltr'>Sancti</span> <span class='ocrx_word' id='word_1_588' title='bbox 1194 4147 1346 4204; x_wconf 84' lang='lat' dir='ltr'>Maximini</span> <span class='ocrx_word' id='word_1_589' title='bbox 1361 4153 1443 4206; x_wconf 89' lang='lat' dir='ltr'>trans</span> <span class='ocrx_word' id='word_1_590' title='bbox 1458 4147 1596 4220; x_wconf 87' lang='lat' dir='ltr'>Ligerim,</span> <span class='ocrx_word' id='word_1_591' title='bbox 1611 4151 1640 4204; x_wconf 92' lang='lat' dir='ltr'>et</span> <span class='ocrx_word' id='word_1_592' title='bbox 1651 4147 1683 4204; x_wconf 91' lang='lat' dir='ltr'>in</span> <span class='ocrx_word' id='word_1_593' title='bbox 1699 4145 1864 4206; x_wconf 75' lang='lat' dir='ltr'>cambiaco,</span> <span class='ocrx_word' id='word_1_594' title='bbox 1875 4145 1899 4198; x_wconf 89' lang='lat' dir='ltr'>et</span> 
     </span>
     <span class='ocr_line' id='line_1_46' title="bbox 198 4229 1899 4309; baseline -0.001 -17"><span class='ocrx_word' id='word_1_595' title='bbox 198 4233 331 4292; x_wconf 91' lang='lat' dir='ltr'>busdam</span> <span class='ocrx_word' id='word_1_596' title='bbox 345 4233 440 4304; x_wconf 73' lang='lat' dir='ltr'>villis,</span> <span class='ocrx_word' id='word_1_597' title='bbox 457 4235 568 4292; x_wconf 91' lang='lat' dir='ltr'>scilicet</span> <span class='ocrx_word' id='word_1_598' title='bbox 581 4238 709 4293; x_wconf 88' lang='lat' dir='ltr'>Mentem</span> <span class='ocrx_word' id='word_1_599' title='bbox 723 4237 849 4309; x_wconf 85' lang='lat' dir='ltr'>Belleril,</span> <span class='ocrx_word' id='word_1_600' title='bbox 864 4237 1028 4306; x_wconf 80' lang='lat' dir='ltr'>Patiscum,</span> <span class='ocrx_word' id='word_1_601' title='bbox 1082 4233 1113 4291; x_wconf 92' lang='lat' dir='ltr'>in</span> <span class='ocrx_word' id='word_1_602' title='bbox 1138 4236 1300 4305; x_wconf 89' lang='lat' dir='ltr'>Gaudiaco,</span> <span class='ocrx_word' id='word_1_603' title='bbox 1324 4238 1560 4306; x_wconf 87' lang='lat' dir='ltr'>Monte-Bellerii,</span> <span class='ocrx_word' id='word_1_604' title='bbox 1590 4235 1744 4306; x_wconf 85' lang='lat' dir='ltr'>Malvariis,</span> <span class='ocrx_word' id='word_1_605' title='bbox 1782 4229 1899 4294; x_wconf 81' lang='lat' dir='ltr'>canariis</span> 
     </span>
     <span class='ocr_line' id='line_1_47' title="bbox 199 4323 1897 4398; baseline -0.004 -15"><span class='ocrx_word' id='word_1_606' title='bbox 199 4323 407 4383; x_wconf 88' lang='lat' dir='ltr'>Mausclanum</span> <span class='ocrx_word' id='word_1_607' title='bbox 418 4327 446 4379; x_wconf 90' lang='lat' dir='ltr'>ct</span> <span class='ocrx_word' id='word_1_608' title='bbox 459 4323 588 4380; x_wconf 87' lang='lat' dir='ltr'>boscum</span> <span class='ocrx_word' id='word_1_609' title='bbox 597 4325 650 4398; x_wconf 92' lang='lat' dir='ltr'>qui</span> <span class='ocrx_word' id='word_1_610' title='bbox 660 4324 768 4382; x_wconf 85' lang='lat' dir='ltr'>diclurr</span> <span class='ocrx_word' id='word_1_611' title='bbox 777 4329 887 4383; x_wconf 84' lang='lat' dir='ltr'>Boscus</span> <span class='ocrx_word' id='word_1_612' title='bbox 899 4326 988 4397; x_wconf 88' lang='lat' dir='ltr'>regis,</span> <span class='ocrx_word' id='word_1_613' title='bbox 1002 4329 1032 4383; x_wconf 91' lang='lat' dir='ltr'>ct</span> <span class='ocrx_word' id='word_1_614' title='bbox 1084 4326 1236 4393; x_wconf 71' lang='lat' dir='ltr'>nonanis,</span> <span class='ocrx_word' id='word_1_615' title='bbox 1253 4324 1473 4394; x_wconf 83' lang='lat' dir='ltr'>vida-Marcelli,</span> <span class='ocrx_word' id='word_1_616' title='bbox 1486 4327 1628 4398; x_wconf 87' lang='lat' dir='ltr'>Rosariis,</span> <span class='ocrx_word' id='word_1_617' title='bbox 1643 4327 1777 4384; x_wconf 73' lang='lat' dir='ltr'>asneriis</span> <span class='ocrx_word' id='word_1_618' title='bbox 1787 4327 1897 4389; x_wconf 87' lang='lat' dir='ltr'>lnMcso,</span> 
     </span>
     <span class='ocr_line' id='line_1_48' title="bbox 198 4409 1902 4491; baseline -0.002 -20"><span class='ocrx_word' id='word_1_619' title='bbox 198 4413 328 4472; x_wconf 87' lang='lat' dir='ltr'>boscum</span> <span class='ocrx_word' id='word_1_620' title='bbox 343 4410 473 4481; x_wconf 87' lang='lat' dir='ltr'>Giliredi,</span> <span class='ocrx_word' id='word_1_621' title='bbox 485 4412 613 4469; x_wconf 90' lang='lat' dir='ltr'>boscum</span> <span class='ocrx_word' id='word_1_622' title='bbox 628 4413 717 4472; x_wconf 90' lang='lat' dir='ltr'>etiam</span> <span class='ocrx_word' id='word_1_623' title='bbox 732 4415 831 4473; x_wconf 90' lang='lat' dir='ltr'>Sancti</span> <span class='ocrx_word' id='word_1_624' title='bbox 846 4414 982 4487; x_wconf 90' lang='lat' dir='ltr'>Marchi,</span> <span class='ocrx_word' id='word_1_625' title='bbox 1002 4419 1031 4472; x_wconf 93' lang='lat' dir='ltr'>et</span> <span class='ocrx_word' id='word_1_626' title='bbox 1083 4417 1111 4471; x_wconf 90' lang='lat' dir='ltr'>et</span> <span class='ocrx_word' id='word_1_627' title='bbox 1125 4415 1156 4470; x_wconf 91' lang='lat' dir='ltr'>in</span> <span class='ocrx_word' id='word_1_628' title='bbox 1167 4414 1311 4472; x_wconf 90' lang='lat' dir='ltr'>omnibus</span> <span class='ocrx_word' id='word_1_629' title='bbox 1327 4415 1513 4490; x_wconf 88' lang='lat' dir='ltr'>appendiciis</span> <span class='ocrx_word' id='word_1_630' title='bbox 1527 4432 1594 4491; x_wconf 75' lang='lat' dir='ltr'>quac</span> <span class='ocrx_word' id='word_1_631' title='bbox 1610 4415 1650 4474; x_wconf 89' lang='lat' dir='ltr'>ad</span> <span class='ocrx_word' id='word_1_632' title='bbox 1662 4417 1717 4473; x_wconf 87' lang='lat' dir='ltr'>has</span> <span class='ocrx_word' id='word_1_633' title='bbox 1729 4416 1813 4473; x_wconf 77' lang='lat' dir='ltr'>villas</span> <span class='ocrx_word' id='word_1_634' title='bbox 1824 4409 1902 4488; x_wconf 89' lang='lat' dir='ltr'>perti·</span> 
     </span>
     <span class='ocr_line' id='line_1_49' title="bbox 197 4499 1904 4578; baseline 0 -19"><span class='ocrx_word' id='word_1_635' title='bbox 197 4499 315 4559; x_wconf 89' lang='lat' dir='ltr'>brasias</span> <span class='ocrx_word' id='word_1_636' title='bbox 329 4500 480 4575; x_wconf 90' lang='lat' dir='ltr'>quasdam</span> <span class='ocrx_word' id='word_1_637' title='bbox 493 4502 570 4558; x_wconf 85' lang='lat' dir='ltr'>inter</span> <span class='ocrx_word' id='word_1_638' title='bbox 583 4507 716 4560; x_wconf 90' lang='lat' dir='ltr'>montem</span> <span class='ocrx_word' id='word_1_639' title='bbox 726 4503 835 4560; x_wconf 74' lang='lat' dir='ltr'>uellem</span> <span class='ocrx_word' id='word_1_640' title='bbox 845 4504 962 4561; x_wconf 90' lang='lat' dir='ltr'>etviam</span> <span class='ocrx_word' id='word_1_641' title='bbox 973 4519 1030 4578; x_wconf 90' lang='lat' dir='ltr'>pu·</span> <span class='ocrx_word' id='word_1_642' title='bbox 1083 4519 1153 4560; x_wconf 91' lang='lat' dir='ltr'>nerc</span> <span class='ocrx_word' id='word_1_643' title='bbox 1168 4509 1343 4576; x_wconf 92' lang='lat' dir='ltr'>noscuntur,</span> <span class='ocrx_word' id='word_1_644' title='bbox 1359 4511 1388 4562; x_wconf 91' lang='lat' dir='ltr'>et</span> <span class='ocrx_word' id='word_1_645' title='bbox 1403 4506 1434 4562; x_wconf 91' lang='lat' dir='ltr'>in</span> <span class='ocrx_word' id='word_1_646' title='bbox 1449 4507 1514 4563; x_wconf 90' lang='lat' dir='ltr'>aliis</span> <span class='ocrx_word' id='word_1_647' title='bbox 1530 4505 1617 4574; x_wconf 89' lang='lat' dir='ltr'>villis,</span> <span class='ocrx_word' id='word_1_648' title='bbox 1634 4506 1682 4563; x_wconf 84' lang='lat' dir='ltr'>vel</span> <span class='ocrx_word' id='word_1_649' title='bbox 1696 4507 1794 4576; x_wconf 89' lang='lat' dir='ltr'>terris,</span> <span class='ocrx_word' id='word_1_650' title='bbox 1805 4503 1849 4562; x_wconf 85' lang='lat' dir='ltr'>vel</span> <span class='ocrx_word' id='word_1_651' title='bbox 1859 4501 1904 4559; x_wconf 82' lang='lat' dir='ltr'>hc</span> 
     </span>
     <span class='ocr_line' id='line_1_50' title="bbox 201 4589 1905 4666; baseline -0.001 -18"><span class='ocrx_word' id='word_1_652' title='bbox 201 4591 322 4660; x_wconf 87' lang='lat' dir='ltr'>blicam,</span> <span class='ocrx_word' id='word_1_653' title='bbox 336 4589 389 4648; x_wconf 91' lang='lat' dir='ltr'>uhi</span> <span class='ocrx_word' id='word_1_654' title='bbox 399 4596 485 4648; x_wconf 80' lang='lat' dir='ltr'>metcc</span> <span class='ocrx_word' id='word_1_655' title='bbox 501 4592 606 4665; x_wconf 87' lang='lat' dir='ltr'>positae</span> <span class='ocrx_word' id='word_1_656' title='bbox 616 4597 698 4650; x_wconf 85' lang='lat' dir='ltr'>sunt.</span> <span class='ocrx_word' id='word_1_657' title='bbox 1082 4593 1216 4651; x_wconf 89' lang='lat' dir='ltr'>minibus</span> <span class='ocrx_word' id='word_1_658' title='bbox 1231 4611 1347 4666; x_wconf 90' lang='lat' dir='ltr'>eorum,</span> <span class='ocrx_word' id='word_1_659' title='bbox 1362 4595 1441 4652; x_wconf 91' lang='lat' dir='ltr'>uMus</span> <span class='ocrx_word' id='word_1_660' title='bbox 1454 4594 1578 4652; x_wconf 91' lang='lat' dir='ltr'>omnino</span> <span class='ocrx_word' id='word_1_661' title='bbox 1593 4593 1836 4652; x_wconf 88' lang='lat' dir='ltr'>ministerialium</span> <span class='ocrx_word' id='word_1_662' title='bbox 1861 4603 1905 4648; x_wconf 80' lang='lat' dir='ltr'>nc</span> 
     </span>
     <span class='ocr_line' id='line_1_51' title="bbox 236 4679 1906 4758; baseline 0.001 -22"><span class='ocrx_word' id='word_1_663' title='bbox 236 4684 269 4736; x_wconf 94' lang='lat' dir='ltr'>ln</span> <span class='ocrx_word' id='word_1_664' title='bbox 284 4679 439 4738; x_wconf 89' lang='lat' dir='ltr'>Sccalonia</span> <span class='ocrx_word' id='word_1_665' title='bbox 451 4695 573 4754; x_wconf 90' lang='lat' dir='ltr'>quoque</span> <span class='ocrx_word' id='word_1_666' title='bbox 598 4681 689 4739; x_wconf 88' lang='lat' dir='ltr'>habet</span> <span class='ocrx_word' id='word_1_667' title='bbox 704 4687 816 4740; x_wconf 89' lang='lat' dir='ltr'>curtem</span> <span class='ocrx_word' id='word_1_668' title='bbox 843 4685 1030 4739; x_wconf 85' lang='lat' dir='ltr'>vennensem</span> <span class='ocrx_word' id='word_1_669' title='bbox 1084 4687 1333 4758; x_wconf 89' lang='lat' dir='ltr'>strorum,nequc</span> <span class='ocrx_word' id='word_1_670' title='bbox 1349 4699 1461 4757; x_wconf 88' lang='lat' dir='ltr'>comes,</span> <span class='ocrx_word' id='word_1_671' title='bbox 1473 4700 1571 4758; x_wconf 91' lang='lat' dir='ltr'>neque</span> <span class='ocrx_word' id='word_1_672' title='bbox 1590 4684 1712 4756; x_wconf 72' lang='lat' dir='ltr'>missus,</span> <span class='ocrx_word' id='word_1_673' title='bbox 1743 4699 1845 4758; x_wconf 91' lang='lat' dir='ltr'>neque</span> <span class='ocrx_word' id='word_1_674' title='bbox 1868 4680 1906 4752; x_wconf 85' lang='lat' dir='ltr'>ju·</span> 
     </span>
     <span class='ocr_line' id='line_1_52' title="bbox 200 4769 1905 4848; baseline 0.001 -23"><span class='ocrx_word' id='word_1_675' title='bbox 200 4785 269 4825; x_wconf 91' lang='lat' dir='ltr'>cum</span> <span class='ocrx_word' id='word_1_676' title='bbox 285 4769 411 4826; x_wconf 88' lang='lat' dir='ltr'>ecclesia</span> <span class='ocrx_word' id='word_1_677' title='bbox 423 4774 452 4825; x_wconf 88' lang='lat' dir='ltr'>et</span> <span class='ocrx_word' id='word_1_678' title='bbox 466 4769 608 4826; x_wconf 85' lang='lat' dir='ltr'>erunibus</span> <span class='ocrx_word' id='word_1_679' title='bbox 624 4770 680 4827; x_wconf 88' lang='lat' dir='ltr'>sibi</span> <span class='ocrx_word' id='word_1_680' title='bbox 695 4771 922 4844; x_wconf 83' lang='lat' dir='ltr'>pertinentibus,</span> <span class='ocrx_word' id='word_1_681' title='bbox 935 4775 963 4828; x_wconf 90' lang='lat' dir='ltr'>et</span> <span class='ocrx_word' id='word_1_682' title='bbox 976 4773 1031 4829; x_wconf 92' lang='lat' dir='ltr'>Ma·</span> <span class='ocrx_word' id='word_1_683' title='bbox 1084 4773 1152 4841; x_wconf 83' lang='lat' dir='ltr'>dex,</span> <span class='ocrx_word' id='word_1_684' title='bbox 1168 4777 1221 4829; x_wconf 88' lang='lat' dir='ltr'>aut</span> <span class='ocrx_word' id='word_1_685' title='bbox 1238 4773 1360 4844; x_wconf 88' lang='lat' dir='ltr'>villicus,</span> <span class='ocrx_word' id='word_1_686' title='bbox 1391 4777 1443 4830; x_wconf 90' lang='lat' dir='ltr'>aut</span> <span class='ocrx_word' id='word_1_687' title='bbox 1467 4773 1608 4848; x_wconf 88' lang='lat' dir='ltr'>quishbet</span> <span class='ocrx_word' id='word_1_688' title='bbox 1634 4773 1757 4848; x_wconf 91' lang='lat' dir='ltr'>publica</span> <span class='ocrx_word' id='word_1_689' title='bbox 1773 4775 1905 4848; x_wconf 82' lang='lat' dir='ltr'>potestate</span> 
     </span>
     <span class='ocr_line' id='line_1_53' title="bbox 200 4857 1907 4937; baseline 0.001 -22"><span class='ocrx_word' id='word_1_690' title='bbox 200 4857 315 4916; x_wconf 88' lang='lat' dir='ltr'>cherias</span> <span class='ocrx_word' id='word_1_691' title='bbox 329 4861 357 4916; x_wconf 91' lang='lat' dir='ltr'>et</span> <span class='ocrx_word' id='word_1_692' title='bbox 371 4861 482 4916; x_wconf 88' lang='lat' dir='ltr'>Mesum</span> <span class='ocrx_word' id='word_1_693' title='bbox 493 4863 521 4916; x_wconf 89' lang='lat' dir='ltr'>ct</span> <span class='ocrx_word' id='word_1_694' title='bbox 535 4859 709 4931; x_wconf 88' lang='lat' dir='ltr'>Brulium,et</span> <span class='ocrx_word' id='word_1_695' title='bbox 722 4860 906 4917; x_wconf 82' lang='lat' dir='ltr'>cosdrenam</span> <span class='ocrx_word' id='word_1_696' title='bbox 922 4861 1030 4919; x_wconf 86' lang='lat' dir='ltr'>silvam</span> <span class='ocrx_word' id='word_1_697' title='bbox 1083 4862 1236 4937; x_wconf 73' lang='lat' dir='ltr'>preditus,</span> <span class='ocrx_word' id='word_1_698' title='bbox 1252 4861 1343 4919; x_wconf 91' lang='lat' dir='ltr'>ullam</span> <span class='ocrx_word' id='word_1_699' title='bbox 1372 4865 1496 4920; x_wconf 89' lang='lat' dir='ltr'>omnino</span> <span class='ocrx_word' id='word_1_700' title='bbox 1528 4863 1636 4935; x_wconf 87' lang='lat' dir='ltr'>legem,</span> <span class='ocrx_word' id='word_1_701' title='bbox 1653 4863 1701 4920; x_wconf 76' lang='lat' dir='ltr'>vel</span> <span class='ocrx_word' id='word_1_702' title='bbox 1726 4859 1907 4921; x_wconf 72' lang='lat' dir='ltr'>consuetudi</span> 
     </span>
     <span class='ocr_line' id='line_1_54' title="bbox 198 4945 1906 5025; baseline 0.001 -21"><span class='ocrx_word' id='word_1_703' title='bbox 198 4961 269 5004; x_wconf 88' lang='lat' dir='ltr'>cum</span> <span class='ocrx_word' id='word_1_704' title='bbox 282 4945 390 5005; x_wconf 88' lang='lat' dir='ltr'>brasiis</span> <span class='ocrx_word' id='word_1_705' title='bbox 405 4947 625 5020; x_wconf 87' lang='lat' dir='ltr'>adjacentibus,</span> <span class='ocrx_word' id='word_1_706' title='bbox 637 4952 665 5005; x_wconf 91' lang='lat' dir='ltr'>et</span> <span class='ocrx_word' id='word_1_707' title='bbox 677 4948 709 5004; x_wconf 91' lang='lat' dir='ltr'>iu</span> <span class='ocrx_word' id='word_1_708' title='bbox 725 4949 860 5005; x_wconf 89' lang='lat' dir='ltr'>Litiuiaci</span> <span class='ocrx_word' id='word_1_709' title='bbox 886 4951 1030 5023; x_wconf 90' lang='lat' dir='ltr'>parochia</span> <span class='ocrx_word' id='word_1_710' title='bbox 1084 4967 1164 5024; x_wconf 91' lang='lat' dir='ltr'>nem,</span> <span class='ocrx_word' id='word_1_711' title='bbox 1180 4950 1228 5008; x_wconf 86' lang='lat' dir='ltr'>vcl</span> <span class='ocrx_word' id='word_1_712' title='bbox 1242 4951 1394 5008; x_wconf 87' lang='lat' dir='ltr'>servitium</span> <span class='ocrx_word' id='word_1_713' title='bbox 1410 4951 1533 5025; x_wconf 89' lang='lat' dir='ltr'>aliquod</span> <span class='ocrx_word' id='word_1_714' title='bbox 1550 4953 1658 5025; x_wconf 83' lang='lat' dir='ltr'>erigat,</span> <span class='ocrx_word' id='word_1_715' title='bbox 1679 4951 1726 5008; x_wconf 84' lang='lat' dir='ltr'>vel</span> <span class='ocrx_word' id='word_1_716' title='bbox 1754 4953 1851 5010; x_wconf 88' lang='lat' dir='ltr'>ullam</span> <span class='ocrx_word' id='word_1_717' title='bbox 1872 4949 1906 5006; x_wconf 91' lang='lat' dir='ltr'>in-</span> 
     </span>
     <span class='ocr_line' id='line_1_55' title="bbox 198 5033 1906 5118; baseline 0.002 -26"><span class='ocrx_word' id='word_1_718' title='bbox 198 5033 374 5093; x_wconf 90' lang='lat' dir='ltr'>iarinarium</span> <span class='ocrx_word' id='word_1_719' title='bbox 389 5039 561 5110; x_wconf 86' lang='lat' dir='ltr'>petrosum;</span> <span class='ocrx_word' id='word_1_720' title='bbox 575 5036 631 5092; x_wconf 89' lang='lat' dir='ltr'>has</span> <span class='ocrx_word' id='word_1_721' title='bbox 643 5037 851 5110; x_wconf 89' lang='lat' dir='ltr'>possessiones</span> <span class='ocrx_word' id='word_1_722' title='bbox 867 5037 980 5096; x_wconf 84' lang='lat' dir='ltr'>habent</span> <span class='ocrx_word' id='word_1_723' title='bbox 993 5055 1030 5096; x_wconf 86' lang='lat' dir='ltr'>ex</span> <span class='ocrx_word' id='word_1_724' title='bbox 1083 5040 1291 5114; x_wconf 88' lang='lat' dir='ltr'>quietudinem</span> <span class='ocrx_word' id='word_1_725' title='bbox 1305 5045 1357 5098; x_wconf 89' lang='lat' dir='ltr'>aut</span> <span class='ocrx_word' id='word_1_726' title='bbox 1378 5042 1617 5100; x_wconf 88' lang='lat' dir='ltr'>contrarietatem</span> <span class='ocrx_word' id='word_1_727' title='bbox 1646 5039 1794 5118; x_wconf 88' lang='lat' dir='ltr'>deinceps</span> <span class='ocrx_word' id='word_1_728' title='bbox 1821 5041 1906 5098; x_wconf 87' lang='lat' dir='ltr'>iacere</span> 
     </span>
     <span class='ocr_line' id='line_1_56' title="bbox 198 5123 1906 5204; baseline 0.001 -23"><span class='ocrx_word' id='word_1_729' title='bbox 198 5124 279 5182; x_wconf 92' lang='lat' dir='ltr'>dono</span> <span class='ocrx_word' id='word_1_730' title='bbox 295 5124 425 5183; x_wconf 88' lang='lat' dir='ltr'>Letharii</span> <span class='ocrx_word' id='word_1_731' title='bbox 440 5125 492 5182; x_wconf 87' lang='lat' dir='ltr'>filii</span> <span class='ocrx_word' id='word_1_732' title='bbox 508 5124 648 5183; x_wconf 83' lang='lat' dir='ltr'>Ludcvici</span> <span class='ocrx_word' id='word_1_733' title='bbox 660 5123 862 5201; x_wconf 88' lang='lat' dir='ltr'>imperatoris.</span> <span class='ocrx_word' id='word_1_734' title='bbox 1083 5133 1247 5202; x_wconf 81' lang='lat' dir='ltr'>praesumat</span> <span class='ocrx_word' id='word_1_735' title='bbox 1263 5146 1269 5199; x_wconf 92' lang='lat'>;</span> <span class='ocrx_word' id='word_1_736' title='bbox 1284 5127 1706 5204; x_wconf 88' lang='lat' dir='ltr'>autquidquamsubtrahcrc,</span> <span class='ocrx_word' id='word_1_737' title='bbox 1721 5129 1906 5204; x_wconf 85' lang='lat' dir='ltr'>autanuam</span> 
     </span>
     <span class='ocr_line' id='line_1_57' title="bbox 234 5211 1907 5294; baseline 0.002 -26"><span class='ocrx_word' id='word_1_738' title='bbox 234 5215 276 5269; x_wconf 80' lang='lat' dir='ltr'>Ex</span> <span class='ocrx_word' id='word_1_739' title='bbox 288 5211 369 5270; x_wconf 91' lang='lat' dir='ltr'>dono</span> <span class='ocrx_word' id='word_1_740' title='bbox 384 5219 485 5272; x_wconf 86' lang='lat' dir='ltr'>autem</span> <span class='ocrx_word' id='word_1_741' title='bbox 496 5213 657 5274; x_wconf 77' lang='lat' dir='ltr'>clodomiri</span> <span class='ocrx_word' id='word_1_742' title='bbox 680 5215 759 5286; x_wconf 88' lang='lat' dir='ltr'>regis</span> <span class='ocrx_word' id='word_1_743' title='bbox 787 5215 901 5274; x_wconf 89' lang='lat' dir='ltr'>hahent</span> <span class='ocrx_word' id='word_1_744' title='bbox 928 5218 1031 5275; x_wconf 81' lang='lat' dir='ltr'>Fonta-</span> <span class='ocrx_word' id='word_1_745' title='bbox 1083 5215 1305 5275; x_wconf 86' lang='lat' dir='ltr'>infestationem</span> <span class='ocrx_word' id='word_1_746' title='bbox 1329 5215 1460 5275; x_wconf 88' lang='lat' dir='ltr'>inferre:</span> <span class='ocrx_word' id='word_1_747' title='bbox 1492 5217 1544 5275; x_wconf 90' lang='lat' dir='ltr'>sed</span> <span class='ocrx_word' id='word_1_748' title='bbox 1571 5217 1658 5277; x_wconf 89' lang='lat' dir='ltr'>liccat</span> <span class='ocrx_word' id='word_1_749' title='bbox 1682 5219 1837 5294; x_wconf 74' lang='lat' dir='ltr'>praedictis</span> <span class='ocrx_word' id='word_1_750' title='bbox 1860 5215 1907 5273; x_wconf 87' lang='lat' dir='ltr'>ira·</span> 
     </span>
     <span class='ocr_line' id='line_1_58' title="bbox 198 5299 1904 5381; baseline 0.002 -23"><span class='ocrx_word' id='word_1_751' title='bbox 198 5299 292 5358; x_wconf 84' lang='lat' dir='ltr'>nedae</span> <span class='ocrx_word' id='word_1_752' title='bbox 307 5317 377 5358; x_wconf 89' lang='lat' dir='ltr'>cum</span> <span class='ocrx_word' id='word_1_753' title='bbox 391 5304 533 5362; x_wconf 91' lang='lat' dir='ltr'>omnibus</span> <span class='ocrx_word' id='word_1_754' title='bbox 549 5305 605 5362; x_wconf 93' lang='lat' dir='ltr'>sibi</span> <span class='ocrx_word' id='word_1_755' title='bbox 619 5305 846 5378; x_wconf 87' lang='lat' dir='ltr'>pertinentibus,</span> <span class='ocrx_word' id='word_1_756' title='bbox 869 5308 953 5365; x_wconf 88' lang='lat' dir='ltr'>terris</span> <span class='ocrx_word' id='word_1_757' title='bbox 969 5307 1029 5364; x_wconf 93' lang='lat' dir='ltr'>cul·</span> <span class='ocrx_word' id='word_1_758' title='bbox 1083 5308 1180 5364; x_wconf 91' lang='lat' dir='ltr'>tribus</span> <span class='ocrx_word' id='word_1_759' title='bbox 1195 5313 1377 5366; x_wconf 88' lang='lat' dir='ltr'>memoratas</span> <span class='ocrx_word' id='word_1_760' title='bbox 1413 5308 1631 5381; x_wconf 87' lang='lat' dir='ltr'>possessiones,</span> <span class='ocrx_word' id='word_1_761' title='bbox 1659 5313 1687 5366; x_wconf 88' lang='lat' dir='ltr'>et</span> <span class='ocrx_word' id='word_1_762' title='bbox 1714 5309 1821 5368; x_wconf 88' lang='lat' dir='ltr'>omnia</span> <span class='ocrx_word' id='word_1_763' title='bbox 1847 5321 1904 5380; x_wconf 76' lang='lat' dir='ltr'>qua</span> 
     </span>
     <span class='ocr_line' id='line_1_59' title="bbox 199 5386 1906 5472; baseline 0.006 -26"><span class='ocrx_word' id='word_1_764' title='bbox 199 5386 235 5446; x_wconf 84' lang='lat' dir='ltr'>tis</span> <span class='ocrx_word' id='word_1_765' title='bbox 249 5393 278 5446; x_wconf 92' lang='lat' dir='ltr'>ct</span> <span class='ocrx_word' id='word_1_766' title='bbox 291 5388 421 5462; x_wconf 82' lang='lat' dir='ltr'>inctdtis,</span> <span class='ocrx_word' id='word_1_767' title='bbox 437 5393 570 5465; x_wconf 88' lang='lat' dir='ltr'>pascuis,</span> <span class='ocrx_word' id='word_1_768' title='bbox 586 5393 669 5462; x_wconf 86' lang='lat' dir='ltr'>silva,</span> <span class='ocrx_word' id='word_1_769' title='bbox 682 5393 801 5465; x_wconf 89' lang='lat' dir='ltr'>brasiis,</span> <span class='ocrx_word' id='word_1_770' title='bbox 824 5396 917 5453; x_wconf 83' lang='lat' dir='ltr'>servis</span> <span class='ocrx_word' id='word_1_771' title='bbox 931 5402 960 5455; x_wconf 94' lang='lat' dir='ltr'>et</span> <span class='ocrx_word' id='word_1_772' title='bbox 975 5412 1029 5454; x_wconf 91' lang='lat' dir='ltr'>an·</span> <span class='ocrx_word' id='word_1_773' title='bbox 1082 5412 1189 5467; x_wconf 86' lang='lat' dir='ltr'>regum</span> <span class='ocrx_word' id='word_1_774' title='bbox 1200 5398 1247 5454; x_wconf 85' lang='lat' dir='ltr'>vel</span> <span class='ocrx_word' id='word_1_775' title='bbox 1275 5399 1447 5472; x_wconf 88' lang='lat' dir='ltr'>principum</span> <span class='ocrx_word' id='word_1_776' title='bbox 1475 5413 1528 5455; x_wconf 89' lang='lat' dir='ltr'>seu</span> <span class='ocrx_word' id='word_1_777' title='bbox 1558 5398 1687 5455; x_wconf 87' lang='lat' dir='ltr'>aliorum</span> <span class='ocrx_word' id='word_1_778' title='bbox 1709 5395 1906 5472; x_wconf 77' lang='lat' dir='ltr'>quorumlibet</span> 
     </span>
     <span class='ocr_line' id='line_1_60' title="bbox 198 5477 1905 5562; baseline 0.004 -28"><span class='ocrx_word' id='word_1_779' title='bbox 198 5477 281 5535; x_wconf 86' lang='lat' dir='ltr'>clllis.</span> <span class='ocrx_word' id='word_1_780' title='bbox 296 5479 379 5536; x_wconf 89' lang='lat' dir='ltr'>Hane</span> <span class='ocrx_word' id='word_1_781' title='bbox 389 5480 479 5537; x_wconf 90' lang='lat' dir='ltr'>etiam</span> <span class='ocrx_word' id='word_1_782' title='bbox 494 5484 741 5541; x_wconf 88' lang='lat' dir='ltr'>communitatem</span> <span class='ocrx_word' id='word_1_783' title='bbox 755 5485 869 5542; x_wconf 88' lang='lat' dir='ltr'>habent</span> <span class='ocrx_word' id='word_1_784' title='bbox 883 5501 919 5542; x_wconf 82' lang='lat' dir='ltr'>ex</span> <span class='ocrx_word' id='word_1_785' title='bbox 947 5483 1029 5541; x_wconf 93' lang='lat' dir='ltr'>dono</span> <span class='ocrx_word' id='word_1_786' title='bbox 1082 5485 1217 5543; x_wconf 90' lang='lat' dir='ltr'>fidelium</span> <span class='ocrx_word' id='word_1_787' title='bbox 1229 5486 1387 5558; x_wconf 88' lang='lat' dir='ltr'>largitione</span> <span class='ocrx_word' id='word_1_788' title='bbox 1400 5487 1430 5543; x_wconf 94' lang='lat' dir='ltr'>in</span> <span class='ocrx_word' id='word_1_789' title='bbox 1455 5493 1635 5562; x_wconf 87' lang='lat' dir='ltr'>perpetuum</span> <span class='ocrx_word' id='word_1_790' title='bbox 1664 5487 1766 5561; x_wconf 88' lang='lat' dir='ltr'>adepti</span> <span class='ocrx_word' id='word_1_791' title='bbox 1796 5485 1905 5549; x_wconf 80' lang='lat' dir='ltr'>luerint</span> 
     </span>
     <span class='ocr_line' id='line_1_61' title="bbox 198 5567 1908 5651; baseline 0.003 -25"><span class='ocrx_word' id='word_1_792' title='bbox 198 5567 325 5627; x_wconf 83' lang='lat' dir='ltr'>Alberici</span> <span class='ocrx_word' id='word_1_793' title='bbox 334 5569 515 5628; x_wconf 85' lang='lat' dir='ltr'>vicecomitis</span> <span class='ocrx_word' id='word_1_794' title='bbox 525 5573 755 5649; x_wconf 85' lang='lat' dir='ltr'>Aurelianensis,</span> <span class='ocrx_word' id='word_1_795' title='bbox 768 5579 800 5632; x_wconf 91' lang='lat' dir='ltr'>ut</span> <span class='ocrx_word' id='word_1_796' title='bbox 811 5591 865 5650; x_wconf 90' lang='lat' dir='ltr'>per</span> <span class='ocrx_word' id='word_1_797' title='bbox 877 5577 971 5632; x_wconf 89' lang='lat' dir='ltr'>totam</span> <span class='ocrx_word' id='word_1_798' title='bbox 981 5573 1030 5630; x_wconf 88' lang='lat' dir='ltr'>sil·</span> <span class='ocrx_word' id='word_1_799' title='bbox 1084 5575 1141 5634; x_wconf 90' lang='lat' dir='ltr'>sub</span> <span class='ocrx_word' id='word_1_800' title='bbox 1168 5577 1458 5651; x_wconf 82' lang='lat' dir='ltr'>nostrapleuissima</span> <span class='ocrx_word' id='word_1_801' title='bbox 1484 5577 1618 5646; x_wconf 89' lang='lat' dir='ltr'>tuitione,</span> <span class='ocrx_word' id='word_1_802' title='bbox 1645 5575 1756 5636; x_wconf 84' lang='lat' dir='ltr'>uestris</span> <span class='ocrx_word' id='word_1_803' title='bbox 1788 5582 1819 5636; x_wconf 91' lang='lat' dir='ltr'>et</span> <span class='ocrx_word' id='word_1_804' title='bbox 1841 5577 1908 5632; x_wconf 89' lang='lat' dir='ltr'>lutu-</span> 
     </span>
     <span class='ocr_line' id='line_1_62' title="bbox 201 5660 1908 5742; baseline 0.005 -27"><span class='ocrx_word' id='word_1_805' title='bbox 201 5671 349 5734; x_wconf 80' lang='lat' dir='ltr'>vamquoe</span> <span class='ocrx_word' id='word_1_806' title='bbox 362 5660 481 5734; x_wconf 82' lang='lat' dir='ltr'>adjacet</span> <span class='ocrx_word' id='word_1_807' title='bbox 495 5661 673 5722; x_wconf 76' lang='lat' dir='ltr'>Fontanellaa</span> <span class='ocrx_word' id='word_1_808' title='bbox 688 5665 867 5736; x_wconf 74' lang='lat' dir='ltr'>supradicta</span> <span class='ocrx_word' id='word_1_809' title='bbox 888 5664 1028 5738; x_wconf 87' lang='lat' dir='ltr'>potestati</span> <span class='ocrx_word' id='word_1_810' title='bbox 1082 5665 1123 5723; x_wconf 86' lang='lat' dir='ltr'>ris</span> <span class='ocrx_word' id='word_1_811' title='bbox 1153 5669 1212 5724; x_wconf 78' lang='lat' dir='ltr'>lieo</span> <span class='ocrx_word' id='word_1_812' title='bbox 1236 5665 1413 5740; x_wconf 90' lang='lat' dir='ltr'>disponente</span> <span class='ocrx_word' id='word_1_813' title='bbox 1435 5667 1631 5742; x_wconf 88' lang='lat' dir='ltr'>temporibus,</span> <span class='ocrx_word' id='word_1_814' title='bbox 1661 5668 1760 5741; x_wconf 88' lang='lat' dir='ltr'>quiete</span> <span class='ocrx_word' id='word_1_815' title='bbox 1781 5671 1812 5722; x_wconf 91' lang='lat' dir='ltr'>et</span> <span class='ocrx_word' id='word_1_816' title='bbox 1825 5665 1908 5722; x_wconf 83' lang='lat' dir='ltr'>libere</span> 
     </span>
    </p>
   </div>
   <div class='ocr_carea' id='block_1_3' title="bbox 0 0 1999 6180">
    <p class='ocr_par' dir='ltr' id='par_1_3' title="bbox 0 0 1999 6180">
     <span class='ocr_line' id='line_1_63' title="bbox 0 0 1999 6180; baseline 0 0"><span class='ocrx_word' id='word_1_817' title='bbox 0 0 1999 6180; x_wconf 95' lang='lat' dir='ltr'> </span> 
     </span>
    </p>
   </div>
  </div>
 </body>
</html>
