3996 6186
137 135 179 190 cu
398 119 443 191 nn
463 135 583 194 ansus
601 135 816 196 scamnum
836 132 956 190 nunna
975 129 1066 188 Llnltt
1084 131 1182 190 raes.
1195 161 1229 174 -
1245 135 1312 194 un
1330 138 1351 193 r.
1368 136 1570 194 uasrruous
1787 141 1837 198 aar

135 259 270 314 nerautes
285 257 364 316 Thur
378 259 470 316 Deum
485 275 583 316 suum.
606 259 659 316 Cui
675 275 737 316 aon
764 257 887 332 aliquod
906 271 955 330 pe·
977 265 999 320 l
1015 254 1120 312 tristes.
1138 255 1292 316 llulctatur
1311 259 1418 332 clerus,
1446 259 1558 317 erudeli
1585 266 1680 319 morte
1706 261 1839 335 punitus.

135 344 252 416 cadum,
268 362 366 420 neque
379 364 533 421 pecorum,
549 365 604 406 nec
619 348 824 414 biberiPatria,
839 349 960 404 nonin·
1015 344 1137 402 Casulas
1149 347 1254 404 nefarii
1266 349 1492 424 induunt,qnas
1509 349 1651 408 altaribus
1666 351 1756 408 sacris
1773 351 1841 410 diri·

134 433 201 492 reris
219 434 343 494 litantes
355 436 480 508 donum,
501 439 552 494 sed
579 439 759 508 sanguinem
788 435 962 494 mactabant
1014 433 1109 507 piunt.
1122 437 1248 493 vestitur
1261 438 1341 508 alba,
1357 438 1456 497 officio
1472 439 1571 496 missae
1585 439 1730 498 dedicata.
1756 441 1840 508 Quis·

133 523 299 597 bominum,
313 525 558 584 holocaustorum
574 527 712 584 ninnium
727 531 866 600 putantes
893 540 960 597 pre·
1015 523 1084 596 quis
1098 523 1129 580 in
1145 524 1304 584 illosarma
1319 528 1601 600 sumit,interimitur
1615 528 1843 588 crudelitertlm·

134 613 345 684 lenissimum
361 632 397 674 eo
411 615 504 690 quod,
521 617 674 676 sacerdote
692 617 831 686 sortilego
845 614 961 688 praede·
1016 615 1078 668 tera
1093 628 1167 682 gens
1183 615 1274 670 armis
1287 615 1394 687 frigida
1407 616 1526 673 ducitur
1540 619 1668 691 captiva.
1690 619 1801 674 Uxores
1825 634 1844 678 a

133 702 462 774 stinante,jugaboum
499 723 560 764 una
570 706 634 762 vice
647 706 748 763 diriter
761 705 917 762 icebantur
930 703 961 758 in
1015 699 1151 773 pluribus
1181 707 1321 776 stupratae
1356 706 1508 762 ducuntur
1538 705 1674 762 flebiliter
1706 707 1842 764 advenae.

132 791 238 864 capite,
256 793 417 867 collisoque
434 795 596 869 unicuique
626 795 771 866 singulari
795 795 855 851 ictu
884 797 961 850 sorte
1017 790 1119 846 Omnis
1131 791 1300 864 puellarum
1312 810 1400 850 sexus
1413 794 1453 850 ab
1471 793 1544 868 ipsis
1565 795 1690 867 turpiter
1716 794 1845 866 devirgi-

132 881 223 940 clecto
236 882 369 955 cerebro,
383 885 571 941 sternebatur
584 885 614 942 in
630 885 744 952 tellure,
770 883 962 958 perquireba·
1016 885 1114 936 natur.
1131 883 1205 938 Cum
1213 883 1375 952 juvenibus
1388 900 1473 940 senes
1487 884 1576 956 longe
1589 884 1708 958 lateque
1724 886 1846 942 nabun-

133 974 238 1043 tuique
256 969 410 1029 levorsum
422 972 500 1032 fibra
514 974 622 1044 cordis,
639 973 750 1030 scilicet
761 989 849 1041 vena,
877 973 963 1044 cujus
1019 973 1065 1026 tur
1077 975 1217 1027 extorres.
1236 973 1387 1046 Quidquid
1403 980 1446 1030 est
1461 974 1636 1032 animalium
1651 974 1792 1046 redigrmt
1814 975 1844 1031 in

132 1032 276 1118 exhausto
288 1062 436 1131 sanguine
450 1079 487 1120 ex
503 1080 585 1120 more
601 1080 667 1134 suc,
684 1080 870 1135 suorumque
883 1061 963 1134 capi·
1016 1059 1156 1132 pretium.
1174 1062 1283 1118 crescit
1297 1062 1396 1118 rabies
1413 1062 1535 1131 furiosa,
1553 1064 1654 1122 multis
1667 1064 1756 1121 malis
1769 1080 1844 1137 aug-

133 1148 319 1220 talinientes,
352 1151 506 1210 librabant
528 1153 660 1210 celeriter
685 1153 807 1208 narium
834 1151 962 1207 carbasa
1016 1153 1159 1206 mentata.
1178 1151 1308 1216 Quintini
1326 1153 1631 1226 testismcu'tissuper
1645 1155 1756 1211 aethera
1781 1155 1845 1212 noti

132 1237 225 1294 ventis
238 1237 364 1311 illosque
377 1239 427 1296 tali
440 1241 559 1311 negotio
571 1244 710 1313 putantes
726 1240 855 1312 placare,
882 1238 961 1296 velo·
1017 1237 1188 1294 incenditur
1203 1239 1365 1296 delubrum
1379 1242 1551 1298 monasticis
1562 1241 1652 1296 rebus
1667 1243 1844 1314 praebaltea·

132 1324 200 1381 citer
212 1324 334 1384 navium
349 1327 547 1397 insurgebant
564 1330 665 1386 remis.
693 1329 742 1386 Sin
773 1344 841 1384 vero
855 1327 963 1398 majori
1017 1333 1091 1382 term.
1110 1330 1287 1401 Coeteraeque
1302 1345 1408 1385 omnes
1422 1329 1553 1385 ecclesiae
1582 1329 1612 1384 in
1639 1330 1751 1385 tinibus
1776 1334 1845 1386 Ver-

131 1419 207 1472 sorte
222 1415 336 1488 equites
353 1418 465 1487 egressi
492 1423 601 1482 essent,
631 1417 781 1474 mavortia
808 1415 964 1486 erigebant
1017 1417 1230 1473 mandensium
1245 1418 1361 1490 locatae,
1379 1420 1566 1490 agonothetae
1582 1419 1686 1475 Christi
1715 1418 1848 1492 Dionysii

132 1502 237 1560 vexilla
248 1503 352 1577 proelii.
373 1505 478 1578 Sicque
494 1506 589 1562 suisa
611 1506 722 1562 finibus
736 1505 896 1572 elabentes,
924 1508 964 1559 te·
1017 1506 1245 1577 monasterium,
1262 1509 1392 1564 Vulcano
1413 1513 1584 1580 superante,
1599 1513 1644 1564 est
1671 1507 1846 1566 favillatum.

131 1591 242 1652 nebant
249 1591 441 1652 intentionem
450 1595 480 1651 iu
492 1596 626 1665 gentium
638 1593 821 1652 mortiferam
835 1609 962 1650 concus—
983 1614 1003 1669 Β
1019 1599 1102 1651 Enna
1115 1596 1182 1667 fal,
1199 1597 1314 1669 Emmo]
1330 1598 1572 1654 Noviomacensis
1597 1597 1757 1672 episcopus
1777 1613 1847 1654 eum

132 1679 539 1756 sionemaxsulancquippe
556 1701 575 1740 a
598 1683 749 1757 patribus,
778 1687 811 1740 ut
840 1681 965 1739 arietent
1018 1684 1079 1739 suis
1092 1684 1280 1754 diaconibus,
1298 1703 1326 1742 iv
1340 1686 1405 1742 lfal.
1421 1687 1496 1756 llaii,
1512 1686 1571 1742 beu
1585 1687 1661 1759 prob
1675 1686 1762 1743 dolor
1778 1687 1784 1742 l
1801 1690 1849 1743 est

135 1767 256 1828 viriliter
268 1786 338 1826 cum
352 1771 484 1842 regibus.
502 1773 693 1830 Dimittuntur
716 1788 735 1829 a
761 1772 823 1828 suis
845 1772 963 1844 inopes,
1017 1779 1201 1847 peremptus.
1215 1775 1378 1847 Omnisque
1392 1775 1607 1846 gensdesolata
1623 1775 1661 1832 ad
1674 1791 1766 1832 naves
1776 1776 1848 1831 duc

133 1864 165 1916 ut
179 1864 352 1916 mercentur
363 1877 399 1916 ex
409 1861 553 1918 extraneis
568 1861 964 1935 dapesPrivantursuorum
1017 1867 1047 1918 ta
1059 1868 1104 1918 est
1117 1864 1244 1936 captiva.
1260 1863 1470 1921 confessorum
1486 1865 1591 1921 Christi
1606 1864 1737 1922 Medendi
1748 1868 1777 1920 et
1793 1863 1847 1920 Eli-

131 1946 245 2016 fundis‚
261 1953 294 2005 ut
305 1947 440 2006 locentur
453 1950 551 2022 quiete
563 1950 676 2008 alienis.
704 1951 856 2006 Pelluntur
868 1953 963 2006 extor-
1017 1951 1057 2022 gii
1069 1951 1200 2008 basilicae
1216 1953 1255 2008 ab
1267 1953 1340 2029 ipsis
1354 1952 1475 2010 nefariis
1488 1959 1558 2010 sunt
1571 1957 1710 2027 perustae.
1731 1955 1846 2010 Sancta

131 2053 192 2106 res,
207 2041 241 2094 ut
254 2037 424 2095 fenerentur
437 2039 615 2112 praeliantes.
632 2040 835 2097 Trrrduntura
857 2039 918 2095 suis
930 2043 964 2094 ut
1017 2041 1174 2098 Genoveiae
1187 2042 1307 2112 virginis
1326 2059 1417 2098 sacras
1428 2042 1554 2099 ecclesia
1563 2043 1681 2099 Parisiis
1692 2042 1791 2099 locata
1806 2042 1846 2099 ab

130 2126 311 2199 participent
325 2143 394 2184 cum
409 2127 592 2198 alienigenis.
610 2130 809 2211 Segregantur
838 2145 892 2184 sua
907 2143 962 2184 ua·
1015 2129 1088 2201 ipsis
1098 2129 1237 2186 nefandis
1253 2133 1298 2186 est
1309 2130 1477 2187 combusta.
1508 2133 1686 2204 Caeteroeque
1714 2130 1846 2186 ecclesiae

131 2214 222 2282 tione,
242 2220 276 2272 ut
289 2215 476 2286 gratulentur
488 2222 660 2274 exterorum
676 2219 877 2290 possessione.
896 2217 961 2273 Liu—
1016 2224 1099 2276 extra
1116 2219 1315 2276 munitionem
1345 2220 1459 2286 locare,
1489 2236 1542 2292 per
1570 2225 1663 2277 totam
1691 2219 1846 2276 Franciam

131 2304 564 2377 quanturapatribus,f01·san
590 2323 652 2363 non
682 2307 804 2364 videndi
824 2323 842 2363 a
861 2307 962 2363 matri·
1015 2307 1143 2374 diflusa,
1160 2307 1379 2364 comburuntur
1396 2325 1473 2381 pene
1499 2308 1656 2365 universae.
1684 2311 1846 2366 Grassante

129 2390 197 2448 bus.
215 2391 341 2463 Erigitur
355 2393 499 2466 asperitas
510 2395 668 2466 juvenum,
688 2394 720 2452 in
736 2395 960 2452 demolitionem
1015 2398 1096 2454 malo
1112 2397 1265 2454 desolatur
1280 2398 1412 2468 Francia,
1424 2398 1543 2470 penitus
1571 2403 1725 2455 evacuata.
1755 2402 1846 2468 Luget

131 2481 274 2550 gentium.
293 2481 446 2538 Liberatus
474 2484 571 2556 patria
586 2484 647 2540 suis
676 2483 781 2541 incolis
806 2485 959 2540 defaecata.
1016 2487 1110 2542 Liberi
1124 2487 1296 2560 Cererisque
1308 2487 1407 2560 inops,
1427 2486 1538 2558 quibus
1559 2486 1655 2544 fuerat
1676 2487 1746 2542 olim
1766 2488 1846 2544 locu-

130 2570 246 2628 Gaeterae
257 2569 419 2630 condolent
432 2573 604 2646 provinciae,
617 2573 749 2646 plurimo
758 2574 842 2629 hosta
858 2572 962 2646 nequi·
1015 2575 1193 2647 pletissima.
1207 2579 1305 2631 lfoeret
1325 2576 1387 2630 suis
1400 2591 1431 2630 se
1445 2573 1549 2631 incolis
1570 2574 1701 2644 destitui,
1727 2577 1843 2644 agrico-

129 2663 172 2718 ter
196 2661 344 2718 balaam.
374 2662 421 2719 Sic
444 2661 669 2735 depopulantur
683 2667 791 2719 cuncta
814 2679 882 2735 quae
906 2661 962 2718 sibi
1014 2661 1111 2736 lisque
1124 2663 1243 2736 privari.
1259 2664 1356 2735 Ejulat
1371 2677 1491 2719 vomere
1502 2679 1562 2719 non
1579 2667 1712 2734 exarata,
1739 2662 1845 2719 cultro-

129 2750 372 2808 suntabstantia.
387 2752 534 2822 Navigant
557 2768 651 2825 prope
676 2753 768 2810 maris
794 2752 902 2822 littora,
929 2755 964 2808 ut
1014 2768 1074 2827 que
1089 2753 1210 2809 inculta.
1245 2751 1395 2824 Torpescit
1422 2751 1606 2825 quiescendo
1630 2756 1718 2818 terra,
1742 2751 1845 2809 labore

128 2837 282 2896 vindicent
296 2839 352 2896 sibi
367 2844 515 2898 terrarum
529 2840 635 2913 spolia.
651 2844 714 2897 Uno
727 2857 820 2910 regno
835 2857 903 2914 quae
919 2857 962 2895 ra·
1015 2843 1110 2899 boum
1142 2858 1204 2898 non
1220 2842 1554 2912 exercita'lgncrantur
1575 2840 1687 2914 pervia,
1713 2839 1845 2910 vestigiis

128 2928 222 3000 piunt,
239 2928 273 2984 in
288 2927 370 2987 aliud
385 2929 549 2986 deducunt.
575 2932 679 2986 Petunt
705 2937 859 3004 sequestra
887 2945 960 3003 pace
981 2931 1174 3025 Cbominum
1195 2947 1255 2987 non
1271 2931 1378 2988 attrita.
1397 2930 1544 2988 Silvarum
1565 2928 1781 3003 fautricumque
1805 2934 1847 2986 at·

126 3023 241 3092 portua,
257 3035 351 3076 causa
363 3020 524 3077 mutuandi
535 3025 656 3092 raptum
671 3020 767 3078 fenus.
1017 3038 1075 3095 que
1095 3037 1252 3078 nemorum
1270 3039 1377 3092 genere
1401 3022 1565 3078 densantur
1585 3022 1686 3096 campi
1708 3022 1844 3078 volvente

161 3109 258 3180 lgitur
269 3110 339 3166 Daci
353 3115 576 3182 nuncupantur
590 3126 608 3165 a
622 3127 676 3166 sus
693 3111 797 3182 Danai,
813 3109 861 3165 rel
877 3109 960 3176 Dani,
1015 3114 1160 3183 tempore.
1179 3110 1371 3167 Conclamata
1386 3114 1430 3165 est
1457 3110 1550 3178 salus,
1579 3112 1706 3183 vitaeque
1733 3111 1846 3168 fiducia

126 3196 356 3272 glorianturque
372 3215 403 3255 se
414 3215 450 3255 en
463 3202 612 3256 Antenore
622 3189 815 3272 progenitos,
831 3199 883 3272 qui
894 3215 962 3271 quae
1015 3199 1137 3255 recessit
1150 3199 1189 3254 ab
1200 3198 1509 3268 homiuibusb'avigio
1524 3199 1605 3271 ipsas
1619 3199 1689 3254 Daci
1703 3201 1846 3272 petebant

125 3287 216 3358 trojae
232 3287 359 3344 bierunt
380 3286 580 3359 depopulatis,
600 3287 707 3344 mediis
732 3287 854 3360 elapsus
881 3286 963 3342 Achi·
1017 3302 1122 3360 aquae,
1138 3287 1269 3359 indeque
1285 3287 1452 3343 exsilientes
1467 3286 1693 3359 populabantur
1703 3286 1845 3344 finitimas

125 3376 179 3446 vis,
195 3375 334 3449 illyricos
349 3375 424 3431 lines
438 3376 605 3449 penetravit
619 3393 689 3432 cum
704 3376 775 3432 suis.
787 3377 819 3433 lli
830 3392 962 3449 namque
1016 3381 1119 3433 terras.
1141 3380 1230 3432 Nocte
1241 3375 1423 3432 invadebant
1446 3375 1611 3447 jacentium
1640 3389 1782 3447 corpora,
1804 3373 1846 3430 le·

126 3465 194 3522 Daci
206 3465 307 3522 relato
317 3465 375 3521 ritu
389 3464 461 3522 olim
474 3481 492 3522 a
506 3465 568 3522 suis
583 3465 786 3540 expulsique
802 3481 872 3522 suas
886 3469 962 3522 trac·
1015 3465 1075 3521 thei
1091 3465 1207 3538 soporis
1222 3465 1320 3538 quiete
1336 3463 1461 3538 sepulta.
1478 3463 1625 3520 Omnibus
1641 3463 1764 3520 vastatis
1777 3479 1846 3536 quae

126 3559 171 3612 tus
187 3553 318 3612 Francia
332 3559 472 3633 protense
483 3556 629 3627 expargit,
646 3571 716 3610 cum
730 3555 806 3612 duce
816 3554 963 3610 anstinuo
1016 3554 1136 3610 fuerunt
1147 3553 1203 3609 sibi
1218 3553 1290 3622 visa
1304 3557 1332 3609 et
1341 3569 1402 3609 non
1416 3552 1597 3626 reperientes
1611 3551 1706 3626 praelii
1716 3567 1846 3626 usquam

126 3645 189 3716 fut,
203 3643 365 3715 Haslingc]
382 3643 516 3700 ferociter
528 3643 657 3716 appulsi.
1016 3644 1180 3702 certamina
1195 3644 1225 3700 in
1241 3648 1302 3700 tota
1315 3644 1450 3711 Francia,
1479 3648 1651 3700 remearunt
1678 3642 1846 3717 praedando

124 3733 174 3790 Hic
188 3748 282 3792 sacer
293 3735 383 3806 atque
397 3731 479 3790 leros
492 3733 620 3790 nimium
635 3732 764 3790 crudelis
777 3737 806 3788 et
831 3737 925 3790 atrox.
1016 3734 1119 3790 omnia
1134 3733 1174 3789 ad
1185 3732 1309 3790 navium
1322 3732 1471 3805 praesidia.

124 3819 402 3892 Pestifer,infestus,
413 3826 525 3893 torvus,
541 3827 619 3894 trux,
635 3821 812 3893 flagitiosus.

124 3915 245 3974 Pestifor
265 3911 511 3986 inconstansque,
521 3927 644 3985 procax,
664 3916 807 3969 ventosus
825 3915 854 3969 et
868 3911 963 3968 exlex.
1054 3911 1199 3981 Omnibus
1215 3910 1305 3981 igitur
1315 3907 1464 3965 accersitis
1472 3921 1562 3979 super
1576 3921 1632 3961 suc
1639 3905 1760 3974 negotio
1773 3904 1848 3978 quid

127 4005 265 4073 tethiler,
284 4001 420 4074 immitis,
434 4006 617 4076 praecautus,
634 4000 745 4074 ubique
757 4000 885 4058 rebellis.
1018 4004 1142 4072 agerent
1156 3997 1349 4066 consulturis,
1364 3995 1501 4051 omnium
1520 3993 1671 4064 alstignus
1685 4009 1765 4048 unus
1791 4009 1848 4067 pro

127 4093 262 4164 Proditor
277 4093 474 4165 incentorque
490 4090 572 4161 mali,
588 4089 700 4164 duplex
715 4089 880 4147 simulator.
1018 4087 1160 4146 omnibus
1172 4085 1267 4157 inquit
1281 4082 1484 4155 nequissimus
1500 4101 1506 4137 :
1522 4104 1535 4130 u
1551 4083 1664 4154 Optatae
1678 4080 1765 4138 nobis
1784 4097 1847 4139 crc-

127 4181 240 4258 lmpius
252 4187 284 4238 et
299 4181 443 4249 tumidus,
457 4180 570 4254 pellax,
586 4179 727 4252 deceptor
741 4184 770 4236 et
781 4180 892 4236 audax.
1017 4177 1160 4234 brescunt
1173 4190 1264 4241 aura,
1280 4173 1441 4245 facilesque
1454 4171 1541 4228 nobis
1554 4172 1634 4228 nam
1647 4171 1849 4246 spirantvcnti

129 4271 269 4340 FuroiFer,
285 4270 426 4337 incestus,
440 4268 575 4336 infrenis,
587 4268 744 4338 litigiosus.
919 4261 920 4266 ’
1018 4266 1152 4324 secundi.
1169 4265 1198 4322 Si
1220 4263 1308 4320 nobis
1324 4279 1387 4318 non
1410 4261 1555 4335 displicet,
1583 4266 1708 4320 Romam
1731 4278 1847 4332 eamus,

128 4359 326 4433 pestiferique
342 4357 414 4415 mab
429 4362 637 4428 augmentum,
661 4356 724 4413 doli
735 4357 964 4412 incrementum.
1019 4369 1147 4427 eamque
1159 4352 1246 4408 sicuti
1260 4349 1414 4408 Franciam
1436 4354 1537 4418 nostro
1552 4349 1720 4408 dominanti
1744 4351 1849 4422 subju·

129 4450 389 4517 Nonatramento,
402 4463 505 4503 verum
521 4444 827 4503 carbonenotandus.
1020 4459 1136 4516 gemus.
1155 4465 1169 4492 a
1200 4443 1261 4499 Hoc
1290 4439 1448 4498 consilium
1482 4440 1665 4512 complacuit
1695 4438 1849 4504 omnibus,

46 4529 49 4536 ¹
129 4539 161 4594 at
175 4543 261 4598 tanto
277 4536 389 4595 scelere
401 4541 469 4594 ante
483 4535 557 4593 alios
572 4535 735 4592 immanior
749 4551 866 4604 omnes,
1018 4533 1153 4607 velisque
1172 4532 1255 4589 lectis
1281 4547 1299 4588 a
1325 4528 1556 4604 praedatoribus,
1580 4531 1720 4600 torquent
1742 4539 1849 4597 proras

133 4628 271 4693 Quantus
280 4626 321 4686 ad
336 4625 514 4696 astrigerum
522 4622 617 4682 tendit
625 4627 783 4696 suspectus
792 4625 964 4698 Olympum.
1021 4622 1167 4682 Francicis
1181 4621 1370 4680 alittoribus.
1386 4620 1456 4676 Aliis
1469 4634 1602 4690 namque
1617 4617 1705 4684 longe
1732 4613 1850 4685 lateque

165 4718 231 4774 Huc
243 4717 377 4788 illucque
388 4713 532 4788 profugas
548 4713 762 4771 contaminavit
778 4718 890 4784 gentes,
917 4730 966 4770 ea·
1020 4713 1161 4770 fluctibus
1175 4710 1427 4782 lectisterniaque
1441 4707 1483 4763 eis
1508 4707 1641 4776 citraque
1666 4701 1766 4758 littora
1792 4699 1848 4757 sibi

132 4821 263 4880 rumque
279 4803 337 4860 sibi
356 4807 384 4860 et
399 4802 460 4860 suis
484 4801 647 4858 vindicavit
674 4802 838 4859 Facultates.
869 4802 967 4860 Gallia
1019 4802 1188 4869 vindicatis,
1217 4803 1343 4856 Romam
1376 4796 1532 4852 dominam
1559 4791 1692 4861 gentium
1719 4789 1851 4846 volentes

132 4893 291 4966 potestatis
305 4891 413 4950 invasit
424 4890 605 4959 dominium,
623 4891 814 4948 Franciscam
841 4907 969 4964 usurpa·
1020 4891 1098 4948 clam
1114 4890 1240 4962 adipisci
1255 4892 1355 4945 Lunae
1366 4883 1472 4940 urbem
1487 4884 1561 4953 [Lux
1573 4879 1702 4948 urbem],
1717 4893 1787 4951 quae
1798 4880 1852 4936 Lu·

132 4982 171 5040 vit
185 4982 244 5040 sibi
259 4997 398 5052 regnum.
417 4979 583 5037 ramerava
608 4979 820 5049 sacerdotium,
850 4980 970 5036 conceal·
1020 4997 1061 5037 na
1072 4981 1189 5046 dicitur,
1204 4976 1324 5046 navigio
1340 4977 1410 5030 sunt
1424 4968 1585 5039 congressi.
1601 4966 1752 5038 Principes
1763 4965 1853 5036 igitur

133 5071 212 5130 cavit
226 5067 551 5128 sanemariumverbis
560 5067 703 5142 lactisque
718 5068 869 5125 lacescivit
880 5071 968 5124 Fran·
1021 5068 1148 5126 civitatis
1177 5063 1372 5122 formidoloso
1406 5064 1558 5116 tantorum
1586 5055 1700 5129 impetu
1724 5055 1853 5112 exterrid

134 5175 240 5218 corum
256 5175 370 5230 regem,
383 5157 552 5215 civitatibus
562 5173 632 5214 eum
653 5159 715 5215 suis
728 5159 808 5216 triste
836 5173 969 5214 commo
1022 5156 1196 5214 munierunt
1208 5151 1315 5208 urbem
1329 5145 1562 5222 quampluribus
1572 5143 1738 5216 armigeris.
1751 5148 1853 5202 llecer-

134 5254 263 5308 rantam.
295 5247 401 5306 fremit
424 5248 502 5304 circa
527 5263 631 5304 muros
660 5247 879 5320 praesidiorum,
909 5261 965 5303 ceu
1023 5259 1098 5302 nens
1109 5242 1270 5311 adstignus
1284 5237 1458 5310 [alstignus]
1474 5235 1681 5309 blasphemus,
1698 5235 1737 5293 ab
1756 5233 1852 5291 omni·

133 5335 226 5412 lupus
242 5336 435 5396 ciroacaulas
458 5335 571 5394 ovium
602 5335 804 5409 Floccipandit
828 5339 969 5406 Francos,
1024 5333 1082 5391 bus
1096 5347 1157 5400 non
1170 5346 1260 5403 posse
1275 5327 1426 5385 civitatem
1438 5327 1505 5400 capi
1520 5327 1624 5398 armis,
1640 5326 1781 5384 dolosum
1807 5341 1853 5382 re·

137 5427 197 5486 suis
213 5427 361 5502 praesidiis
376 5431 457 5484 metu
471 5430 616 5500 receptos.
632 5425 821 5498 Persequitur
836 5430 971 5495 cunctos,
1025 5421 1101 5496 perit
1112 5417 1271 5476 consilium
1286 5415 1509 5473 nefandissimae
1518 5415 1642 5472 fraudis.
1668 5415 1742 5472 llisit
1753 5415 1854 5487 itaque

138 5531 192 5572 ceu
206 5516 256 5574 leo
277 5531 389 5574 cervos.
418 5515 556 5572 Trucidat
582 5513 731 5582 inventos,
756 5529 834 5586 quos
861 5513 971 5585 reperit
1026 5510 1166 5568 nuntium
1182 5507 1222 5563 ad
1234 5506 1372 5564 comitem
1399 5505 1522 5562 civitatis
1548 5510 1577 5562 et
1598 5504 1637 5561 ad
1664 5503 1852 5576 episcopum,

138 5605 299 5677 sepositos.
325 5603 456 5664 Efficitur
486 5609 611 5674 strages,
633 5600 811 5673 iugulantur
844 5601 969 5674 cuspide
1028 5595 1244 5672 subsequentia
1258 5593 1420 5654 verbaillis
1441 5593 1601 5651 dictarum.
1616 5589 1856 5665 Quiconapecteu'
