3998 6176
158 193 212 246 als
691 193 718 250 S.
739 193 911 250 FULBERTI
926 189 1164 250 cemorensis
1185 192 1352 252 EPlSGOPl.
1815 189 1862 248 Ἠ

156 310 186 367 vi
198 310 402 368 molestiarum
415 310 565 384 impulsus
578 311 766 368 indiscretius
779 312 928 370 irascaris.
947 316 987 368 Nc
1003 317 1026 369 A
1039 313 1117 370 intra
1131 317 1198 371 octo
1209 313 1274 371 dies
1290 329 1326 370 ex
1340 327 1402 388 quo
1416 313 1466 371 illa
1493 311 1643 388 expeditio
1653 312 1701 370 vel
1727 312 1806 370 laeta
1816 313 1865 370 erit

158 400 231 458 forte
246 399 285 456 ad
299 399 526 473 impatientiam,
543 399 612 458 inde
631 401 671 457 ad
699 417 785 458 arma
795 416 987 475 prorumpas,
1040 402 1087 460 vel
1102 404 1214 460 omissa
1227 409 1388 461 venturum
1404 421 1435 460 sc
1445 419 1513 461 esse
1523 404 1563 460 ad
1575 403 1689 476 justitia
1703 403 1862 476 pollicetur.

157 495 185 548 et
202 507 271 546 cum
288 488 423 559 gladium
437 489 567 546 alienum
583 491 785 565 usurpaveris
795 495 880 548 tuum
896 490 988 548 iacias
1042 493 1098 548 Sed
1108 494 1232 566 qnando
1247 493 1294 550 ille
1304 493 1514 568 promissionis
1530 509 1592 549 sure
1605 491 1807 567 adimplendae
1814 498 1864 550 ter·

156 595 218 637 non
233 578 338 635 timeri.
353 581 435 649 Rogo
450 578 558 636 iterum
583 595 621 637 nc
648 579 702 636 fias
717 580 756 636 oh
771 580 988 650 multaminju-
1041 582 1158 638 minum
1183 583 1278 640 fixum
1291 598 1353 640 non
1369 583 1479 650 statuit,
1496 588 1525 640 at
1542 581 1643 639 multae
1658 599 1758 639 causae
1772 587 1864 656 prote·

156 669 232 724 riam
250 667 350 737 tristis,
363 667 551 724 turbulentus
564 673 594 725 et
618 669 735 742 anxius,
761 669 813 726 sed
841 668 988 725 delectare
1039 670 1159 728 lationis
1171 673 1301 729 incidere
1313 673 1508 747 possunt,vel
1519 675 1598 729 certe
1612 687 1680 745 quer
1695 672 1783 728 noble
1799 685 1865 728 con·

157 756 472 830 semper-iuDomiuo,
489 761 518 813 ei
539 757 622 814 dabit
649 757 702 813 tibi
717 758 873 839 petitiones
890 756 988 812 cordis
1039 761 1180 817 veniendi
1209 763 1345 819 adimant
1372 762 1553 832 facultatem,
1583 760 1758 830 suademus,
1778 761 1865 818 siho-

156 846 447 902 ultramuraneum
471 847 706 914 seronitarium,
736 864 827 920 quem
851 846 893 902 tui
908 849 990 902 ente·
1040 855 1124 906 naste
1156 851 1220 906 lieri
1244 852 1347 925 possit,
1381 867 1435 924 per
1459 855 1573 907 vestros
1595 850 1780 907 necessarios
1806 865 1866 906 rem

156 952 292 992 cessores
315 935 398 992 laicis
426 935 620 1004 tradiderunt,
644 940 670 992 tc
704 936 819 993 alendis
833 935 984 991 debilibus
1007 981 1008 986 1
1040 939 1215 1007 accelerare,
1231 945 1259 996 et
1273 944 1408 996 vestrum
1422 939 1507 996 vobis
1522 944 1658 996 casatum
1672 939 1795 996 firmiter
1806 940 1866 996 alli-

157 1023 279 1098 publica
307 1039 377 1080 voce
397 1023 545 1080 destinare
562 1025 674 1080 suadeo
691 1042 698 1080 ι
716 1029 778 1081 tum
792 1023 912 1097 nequis
930 1023 987 1080 illis
1041 1045 1121 1098 gare.
1139 1029 1260 1085 Nescitis
1275 1030 1356 1086 enim
1367 1029 1440 1102 quid
1460 1028 1580 1086 fortuna
1591 1029 1748 1104 parturiat.
1764 1029 1865 1086 Valete.

156 1114 225 1170 inde
238 1113 355 1170 fraudet
369 1113 493 1186 aliquid,
509 1114 693 1170 interminari
706 1133 712 1182 ;
729 1119 757 1170 et
770 1114 793 1169 si
806 1113 899 1186 quiin
910 1113 988 1168 hanc
1203 1121 1368 1176 EPlSTOlnl
1384 1122 1502 1176 Llllllllll
1518 1118 1600 1190 [alim
1615 1117 1714 1190 lllllll.

155 1203 293 1260 iraudem
309 1202 477 1276 irruperint,
506 1203 582 1259 sicut
603 1203 683 1260 iures
704 1220 859 1260 sacrorum
872 1207 899 1258 et
913 1203 990 1259 occi·
1308 1209 1403 1275 (Circu
1419 1223 1467 1263 an.
1481 1209 1597 1281 eumd.)

159 1308 242 1348 sores
256 1307 425 1365 pauperum
437 1291 627 1349 anathemate
654 1292 860 1349 condemnari.
886 1295 925 1348 Nc
939 1307 988 1370 uc·
1041 1295 1152 1352 Sancto
1164 1301 1191 1352 et
1206 1296 1335 1366 sapienti
1356 1299 1420 1354 ciro
1434 1298 1466 1352 G.
1483 1297 1587 1353 abbati
1599 1301 1627 1354 ct
1638 1296 1868 1368 archiepiscopo,

154 1380 255 1444 rearis,
272 1396 386 1452 quaeso,
402 1379 539 1436 homines
554 1380 727 1437 innocenter
739 1381 889 1437 offendere
899 1397 988 1453 prop·
1078 1387 1238 1443 F.lmmr'tis
1250 1389 1496 1458 episcopusucrae
1507 1385 1675 1444 dilectionis
1687 1388 1835 1457 affectum.

154 1467 198 1525 t'er
215 1469 385 1537 Dominum,
402 1473 435 1525 ut
463 1470 504 1525 sis
519 1487 554 1526 eo
574 1471 692 1540 diguus.
725 1471 753 1528 Si
769 1475 845 1528 Deus
868 1487 923 1544 pro
949 1475 987 1539 te,
1078 1476 1196 1532 Noverit
1205 1476 1365 1549 prudentia
1379 1480 1487 1546 vestra,
1504 1478 1711 1544 sanctepaten
1726 1476 1870 1550 quodda-

154 1559 222 1634 quis
238 1563 342 1616 contra
354 1562 381 1614 tc
395 1559 408 1614 ‘l
420 1561 468 1616 Est
480 1560 559 1615 euim
572 1577 627 1633 pro
639 1564 665 1616 te
679 1577 797 1634 semper
809 1560 839 1616 iu
851 1576 905 1617 sua
921 1575 989 1616 ceu·
1043 1565 1143 1622 miuus
1152 1569 1182 1624 T.
1200 1565 1296 1623 abbas
1308 1565 1466 1623 discedens
1481 1566 1628 1622 tristitiam
1651 1565 1739 1622 nobis
1756 1565 1870 1640 reliquit

154 1665 187 1705 su
202 1651 288 1717 Dens,
305 1653 349 1704 est
361 1649 450 1706 etiarn
467 1653 577 1718 tecum,
602 1655 634 1705 ul
648 1650 707 1707 aii:
723 1651 799 1707 Ecce
821 1666 873 1720 cco
897 1651 988 1708 ncais-
1003 1667 1023 1725 g
1041 1658 1069 1711 et
1083 1654 1233 1728 lacrymas
1250 1674 1256 1712 :
1271 1671 1332 1712 uon
1347 1655 1431 1729 quod
1442 1655 1646 1712 innocentiam
1661 1655 1736 1728 ejus,
1749 1657 1775 1711 si
1785 1660 1869 1726 esset,

154 1755 219 1795 cum
233 1753 298 1795 snm
322 1739 457 1795 omnibus
473 1739 574 1794 diebus
590 1755 682 1811 arsque
707 1739 987 1797 adcensammatio-
1041 1744 1235 1817 nequiremus
1250 1743 1346 1801 facere
1362 1749 1467 1812 tutam,
1489 1745 1541 1802 sed
1569 1743 1641 1818 quia
1669 1743 1790 1817 eulpam
1818 1759 1870 1802 nec

155 1829 335 1886 nemsarcntt
363 1827 483 1898 (Mutila.
512 1844 612 1896 xxvru,
629 1829 685 1901 ⁸20).
716 1827 793 1896 Quid
809 1844 880 1900 crgo
904 1828 988 1884 times
1042 1850 1171 1907 purgare
1186 1850 1241 1890 nec
1254 1839 1350 1904 tegere
1362 1837 1546 1908 poteramus
1577 1831 1659 1891 Unde
1673 1833 1697 1890 si
1711 1838 1809 1891 vestro
1819 1835 1871 1890 du-

154 1915 314 1972 defendere
331 1915 380 1970 Dci
395 1931 529 1986 eausam,
547 1915 693 1990 cumipse
709 1921 807 1972 tecum
820 1916 856 1972 sit
867 1915 907 1972 ad
922 1932 990 1972 coo·
1041 1927 1109 1978 catu
1124 1923 1210 1996 quasi
1226 1923 1265 1980 ad
1280 1923 1532 1980 examinationem
1545 1921 1646 1980 venire
1663 1919 1783 1980 allectat
1804 1939 1870 1980 cum

156 2004 326 2078 perandum
340 2009 445 2077 prote,
474 2004 511 2061 sit
532 2003 570 2062 ad
598 2005 786 2062 tutandum?
816 2005 989 2062 Conlortare
1042 2011 1173 2084 pericula
1189 2013 1235 2067 sul
1250 2012 1372 2082 gradus,
1388 2016 1417 2068 et
1439 2010 1594 2069 communi
1616 2011 1762 2068 dedecore
1777 2027 1871 2070 saeer-

154 2093 265 2166 itaque,
286 2093 384 2160 irater,
401 2093 431 2150 in
450 2093 585 2164 Domine,
606 2099 635 2151 et
660 2094 848 2168 inpotentia
871 2093 989 2150 virtutis
1041 2100 1157 2171 dotum,
1185 2105 1310 2157 conatus
1340 2101 1404 2172 ejus
1431 2099 1600 2158 inefficaces
1638 2100 1738 2172 sagaci
1761 2102 1871 2160 ratione

155 2182 240 2254 ejus:
258 2180 436 2252 confortare,
465 2181 601 2254 inquam,
626 2183 743 2239 confide
770 2186 798 2240 ct
816 2183 924 2254 gaude,
941 2198 990 2238 cx·
1043 2206 1302 2264 compescercvos
1317 2195 1442 2264 oportet,
1464 2195 1613 2247 servantes
1642 2189 1716 2246 illud
1738 2191 1873 2264 apostoli.

155 2269 233 2326 suita
247 2275 276 2327 et
289 2269 429 2344 tripudia,
444 2274 472 2326 et
487 2269 576 2326 alacri
590 2270 691 2326 animo
705 2271 743 2326 ad
763 2273 914 2327 certamen
923 2271 988 2342 ejus
1042 2298 1111 2338 cum
1129 2299 1135 2336 ;
1152 2283 1187 2338 sc
1196 2287 1423 2352 prae000uparus
1446 2282 1540 2352 sperit
1557 2280 1643 2338 homo
1664 2283 1695 2338 in
1708 2283 1812 2353 aliquo
1825 2283 1872 2340 de.

153 2359 291 2432 prolude,
308 2376 378 2416 cum
389 2359 535 2433 prophete
548 2359 676 2416 dicendo
690 2377 696 2414 z
711 2361 986 2432 Conpratutaminr',
1043 2369 1122 2438 ιῑριο,
1138 2374 1193 2440 eta,
1213 2371 1323 2442 (Galat,
1341 2387 1377 2436 vr,
1395 2371 1430 2440 l).
1446 2369 1525 2426 vale,

154 2449 272 2520 papati,
288 2455 315 2506 et
331 2449 496 2549 vincimini,
513 2449 708 2549 accinpinaini
722 2465 782 2519 vos,
809 2449 882 2504 inite
895 2449 990 2505 consi-
1243 2477 1410 2534 Eplgpm
1425 2477 1467 2535 χρ
1488 2475 1570 2548 [oum
1585 2476 1672 2549 xmp,

157 2538 230 2594 lium
247 2539 506 2608 maismacum:
521 2537 988 2609 laqurmrmccrlmmetnonfiet‚
1309 2565 1403 2638 (Circa
1422 2581 1472 2622 an,
1494 2566 1609 2639 guma)

155 2627 227 2698 pratu
243 2627 323 2682 vobis
339 2641 406 2682 cnm
419 2627 564 2682 Dominus
579 2627 650 2698 (Isa.
666 2643 725 2696 vui,
742 2627 779 2699 9).
794 2629 827 2682 Et
838 2626 910 2698 quia
926 2643 989 2682 cer·
1041 2657 1168 2714 Domino
1193 2655 1284 2712 Pam·
1310 2661 1337 2712 et
1364 2657 1535 2725 coepiscopo
1560 2670 1614 2712 wo
1635 2658 1680 2723 A,
1702 2655 1872 2726 hammus,

154 2719 185 2770 to
201 2714 264 2770 scio
279 2729 473 2771 communem
497 2715 658 2771 Dominum
688 2713 741 2771 tibi
763 2715 795 2771 iu
822 2730 877 2771 sua
897 2731 990 2772 causa

155 2819 219 2860 esse
236 2803 504 2876 patrocinaturum,
535 2819 582 2859 me
604 2819 725 2876 quoque
751 2803 903 2860 servulum
925 2805 989 2876 ejus

153 2909 215 2950 nou
230 2891 403 2949 defuturum
418 2907 482 2948 esse
497 2891 648 2966 polliceor,
658 2893 721 2948 sive
736 2893 775 2948 ad
790 2891 990 2949 coercendum

157 2998 266 3040 manus
281 2981 537 3056 persequentium,
555 2981 616 3037 sive
640 2981 679 3038 ad
706 2997 759 3038 ora
786 2981 990 3038 contradicen-

155 3069 229 3128 tium
245 3069 440 3128 obstruenda.
454 3069 499 3126 Ad
515 3087 669 3126 summum
684 3075 785 3127 eutem
808 3086 947 3127 scaurum
963 3075 990 3128 te

155 3159 342 3234 requiescere
353 3159 447 3231 jubeo
462 3159 537 3215 iuter
553 3160 669 3217 medios
686 3160 791 3217 cleros.
812 3161 947 3233 quandiu
963 3163 991 3217 te

154 3249 278 3307 audiero
290 3247 531 3323 persecutoribus
561 3247 696 3306 Ecclesiae
720 3263 782 3306 uon
825 3248 990 3306 cedentem.

156 3336 378 3396 Gualerancum
393 3353 474 3404 vero,
484 3342 515 3394 ut
529 3337 821 3410 petisti,convaniam
835 3355 841 3405 3
859 3341 887 3392 et
899 3353 992 3394 causa

157 3423 305 3496 discusse,
333 3427 407 3501 quid
431 3426 502 3483 inde
531 3425 667 3492 sentiam,
694 3425 869 3498 velquidle
894 3425 991 3482 lacere

158 3519 303 3588 oporteat,
317 3519 367 3571 aut
377 3515 476 3571 verbis
487 3519 539 3571 eut
557 3515 659 3571 litteris
671 3511 953 3572 innotescamllule.

315 3603 484 3662 EPlSTDLA
504 3605 636 3660 LXXliVll
652 3601 734 3676 [olim
750 3603 838 3676 lllltl.

406 3691 501 3760 (Circa
516 3707 631 3748 anuum
651 3693 741 3758 losa.)

156 3781 248 3839 Patri
256 3788 284 3839 ct
299 3783 469 3854 coepiscopo
485 3783 636 3850 Fanucour,
651 3783 810 3838 Fcuaaurus
827 3783 990 3852 episcopus.

198 3871 388 3928 Gnaleranno
404 3871 461 3928 uisi
485 3869 596 3928 litteras
619 3869 795 3941 hujusmodi
812 3871 994 3928 :Fultertns

157 3962 311 4034 episcopas
336 3961 531 4020 Guatcrcnno
540 3962 613 4030 ptus
629 3960 751 4017 honoris
766 3975 856 4034 qnam
883 3963 920 4018 sit
936 3977 994 4019 me-

158 4053 245 4109 ritus.
261 4053 353 4124 Rapo,
368 4053 478 4123 frater,
493 4057 519 4108 et
535 4065 648 4118 manco,
663 4055 696 4105 at
724 4051 863 4107 emendas
887 4053 993 4122 culpas

157 4156 232 4213 quas
248 4140 337 4198 acces
351 4145 457 4197 contra
470 4141 640 4212 Dominum,
654 4143 682 4196 ct
694 4155 750 4209 me,
764 4146 792 4197 ct
804 4141 992 4197 Parisiorum

158 4229 337 4300 episcopum,
353 4227 405 4298 qni
417 4229 640 4297 complanctum
664 4228 741 4298 facit
754 4227 791 4284 de
804 4233 840 4286 te.
859 4229 943 4297 Orrod
968 4230 995 4284 si

158 4330 219 4372 non
230 4316 338 4386 secem's
352 4321 423 4372 ante
446 4315 575 4373 medinm
594 4316 870 4388 Quadragcsimcm,
885 4317 994 4375 abinde

156 4405 287 4476 sacimas
301 4405 338 4463 de
353 4411 380 4462 te
393 4405 470 4462 sicar
485 4406 521 4463 de
537 4405 655 4462 ltomine
666 4408 719 4478 qai
727 4409 862 4478 praviter·
874 4415 991 4479 peccat,
1010 4377 1031 4432 Β

159 4498 186 4552 st
199 4509 260 4550 non
275 4495 338 4551 auti
354 4495 517 4552 nuendum.
536 4493 565 4550 Si
579 4507 651 4564 ergo
671 4494 876 4554 Gualcranuus
887 4513 919 4554 se
931 4513 992 4554 non

156 4583 363 4656 justificaverit
391 4583 477 4640 vobis
500 4587 568 4640 ante
583 4582 744 4640 terminum
771 4587 992 4661 prescriptum,

160 4677 231 4730 tunc
240 4671 326 4731 iacile
338 4671 376 4730 de
388 4671 439 4730 illc
454 4672 652 4730 ministerium
664 4673 994 4750 vestrumllalequam-

159 4763 336 4840 plurimum.

303 4853 471 4912 epistola
491 4855 635 4910 Lllxllvlll
651 4851 734 4926 [olim
749 4855 850 4928 llLlll].

411 4942 506 5016 (Circe
520 4957 636 5000 anuum
651 4945 743 5010 toea.)

160 5027 322 5088 tumueras
337 5031 392 5090 Dei
402 5034 503 5104 aratia
525 5031 719 5088 Camotensis
734 5033 887 5102 episomam
913 5048 996 5091 vcna-

197 5103 323 5160 ratitem
336 5104 458 5162 Putrem
483 5109 512 5161 ct
538 5103 741 5174 coepiscopum
770 5117 857 5161 snum
883 5075 911 5162 l’l.
929 5121 995 5163 cnm

199 5175 312 5230 venerit
326 5175 469 5232 Dominus
484 5175 631 5234 inarencrit
646 5175 831 5246 uigilantem.

198 5279 436 5338 commonicare
449 5280 549 5352 legato
559 5285 657 5340 vestro
665 5281 873 5340 Gualarannus
888 5283 926 5341 dc
934 5283 996 5356 juu-

1194 2746 1326 2801 omnium
1346 2745 1580 2815 eapctendorum
1594 2759 1721 2802 summa.

1079 2833 1201 2892 Gaudeo
1215 2832 1308 2903 signis
1336 2832 1425 2890 officii
1448 2833 1539 2892 vestri
1554 2850 1659 2891 euram
1677 2833 1791 2890 habere
1813 2849 1876 2891 mo

1044 2923 1197 2990 nantibus,
1205 2921 1288 2996 quod
1299 2938 1347 2979 me
1360 2922 1474 2995 alloqui
1485 2922 1874 2996 vultis,quodquerimonirc

1006 3025 1025 3079 c
1044 3019 1154 3070 nostrae
1164 3012 1257 3068 finem
1269 3010 1377 3081 iacere,
1396 3011 1478 3086 quod
1493 3011 1607 3068 incesta
1622 3011 1772 3068 connubia
1786 3010 1873 3068 casb'·

1044 3118 1125 3173 gare.
1142 3103 1216 3159 Sunt
1239 3100 1320 3157 euim
1341 3100 1405 3156 hcc
1434 3100 1570 3170 studiosi,
1597 3099 1671 3172 justi
1698 3104 1785 3174 atque
1800 3100 1874 3158 casti

1045 3190 1137 3248 animi
1152 3189 1272 3248 iudicia.
1301 3188 1418 3262 thuia
1433 3205 1482 3246 ma
1506 3189 1551 3246 bis
1573 3189 1711 3259 gerendis
1725 3189 1805 3246 diem
1830 3189 1875 3246 lo·

1044 3295 1174 3352 cumque
1191 3281 1319 3336 statuere
1343 3277 1491 3347 voluistis,
1519 3278 1555 3334 sit
1575 3277 1639 3334 dies
1664 3278 1695 3334 in
1717 3295 1737 3334 x
1750 3277 1874 3335 Kalend.

1044 3368 1146 3436 llartii,
1162 3367 1246 3424 locus
1261 3365 1442 3436 llaeingiaci.
1463 3367 1549 3433 Quod
1577 3367 1602 3424 si
1615 3367 1778 3439 occurritis,
1807 3367 1876 3424 Hai-

1046 3471 1167 3512 monem
1183 3455 1334 3513 adducere
1361 3461 1543 3514 mementote
1559 3475 1566 3512 ι
1583 3456 1716 3530 alioquin
1728 3457 1877 3528 resignate

1044 3545 1119 3602 mihi
1132 3546 1316 3620 tempestive,
1331 3561 1369 3604 ne
1384 3545 1588 3604 frustrandam
1615 3546 1691 3604 tanti
1703 3545 1816 3606 laboris
1830 3547 1878 3603 in·

1046 3634 1176 3705 gradiar.
1189 3635 1296 3694 valete.

1230 3745 1397 3802 DPlSTDLA
1411 3746 1465 3802 llCl
1481 3743 1564 3816 [clim
1580 3743 1688 3818 Llllllll.

1361 3835 1458 3904 (Anno
1475 3835 1564 3904 loia.)

1046 3939 1207 3998 Fr‘aaanrus
1221 3941 1279 3998 Dei
1291 3942 1394 4012 gratia
1415 3941 1642 3998 carnotensium
1656 3941 1820 4012 episcopas,
1835 3943 1882 3998 llr-

1082 4045 1190 4086 culauo
1201 4031 1313 4102 abbati,
1327 4033 1354 4087 et
1369 4031 1504 4086 omnibus
1517 4032 1617 4087 sancti
1624 4031 1767 4088 Medendi
1776 4045 1881 4087 mona·

1082 4117 1144 4178 clais
1156 4121 1302 4177 orationis
1316 4120 1508 4192 suffragium.

1082 4207 1221 4271 Quandiu
1240 4207 1277 4265 de
1299 4208 1383 4264 vobis
1396 4223 1464 4282 quae
1479 4207 1516 4264 de
1540 4207 1628 4264 bonis
1643 4209 1672 4265 et
1693 4207 1884 4282 sapientibus

1046 4297 1117 4354 viris
1147 4298 1329 4365 audivimus,
1354 4298 1520 4368 gaudentes
1535 4297 1663 4354 Domino
1686 4297 1797 4368 gratim
1812 4313 1886 4368 age-

1045 4385 1165 4445 bamus.
1196 4391 1232 4444 At
1255 4403 1336 4444 nunc
1365 4386 1483 4443 sinistro
1519 4401 1640 4442 rumore
1669 4386 1728 4443 laeti
1752 4386 1787 4458 [s.
1816 4385 1885 4442 laesi

1046 4479 1092 4536 oct
1120 4477 1200 4551 tacti]
1228 4481 1358 4536 vestrum
1393 4475 1561 4552 periculum
1596 4475 1805 4534 formidamus.
1834 4476 1885 4534 Di-

1046 4570 1154 4624 cuntur
1166 4565 1246 4622 euim
1261 4564 1350 4622 vestri
1369 4563 1525 4621 domestici
1541 4565 1651 4622 atrium
1674 4570 1703 4621 et
1721 4563 1885 4622 eeclesiam

1044 4655 1125 4713 baali
1148 4655 1279 4712 Medardi
1295 4658 1418 4710 cruenta
1442 4653 1524 4710 caede
1543 4653 1683 4720 violasse.
1707 4654 1817 4711 Dicitur
1844 4653 1885 4710 de

1045 4745 1130 4802 vobis
1141 4743 1224 4818 qnod
1249 4743 1279 4800 in
1294 4744 1401 4800 eadem
1415 4742 1523 4800 violata
1542 4743 1668 4800 ecclesia
1683 4742 1747 4800 siue
1763 4743 1887 4818 episco-

1047 4833 1107 4909 pali
1128 4831 1369 4892 reconciliatione
1405 4835 1465 4889 Deo
1494 4830 1662 4889 sacrificare
1687 4833 1886 4906 praesumitis.

1048 4924 1135 4992 Quod
1157 4923 1182 4980 si
1209 4939 1315 4982 verum
1344 4927 1398 4993 est,
1425 4920 1558 4996 proiecto
1572 4922 1768 4995 presumptio
1780 4921 1841 4980 iste
1856 4927 1890 4980 ct

1046 5029 1126 5070 nova
1140 5017 1194 5080 est,
1217 5015 1246 5069 et
1257 5011 1360 5080 nimia,
1377 5015 1406 5067 et
1425 5009 1513 5067 bonis
1536 5009 1679 5066 omnibus
1693 5009 1886 5068 insectanda.

1048 5101 1124 5168 Quid
1137 5101 1217 5158 enim
1239 5101 1311 5157 meli
1327 5099 1466 5174 estquod
1497 5098 1528 5154 in
1556 5103 1660 5156 sancta
1676 5095 1804 5156 Ecclesia
1819 5115 1891 5156 me-

1049 5190 1163 5248 chinari
1175 5187 1303 5263 incipitis
1316 5191 1330 5247 ‘l
1344 5187 1435 5244 Vultis
1445 5187 1517 5262 dere
1533 5185 1788 5261 parteslaicorum
1799 5205 1891 5262 pres-

1047 5280 1169 5354 byteris,
1187 5279 1430 5352 presbyterorum
1444 5277 1527 5336 laicis
1543 5277 1557 5334 ‘l
1586 5277 1640 5334 Ubi
1661 5277 1749 5334 vobis
1775 5293 1891 5336 conoe-

160 5369 225 5427 aaa
249 5369 462 5442 prosequende
477 5369 507 5426 in
522 5370 603 5428 diem
616 5375 645 5428 et
662 5371 763 5429 locum
782 5372 996 5432 destinaturus
1047 5370 1128 5428 ditur
1146 5368 1302 5426 aeclesiam
1317 5372 1369 5425 aut
1383 5383 1493 5425 novam
1509 5366 1659 5432 dedicare,
1675 5370 1727 5424 aut
1740 5366 1890 5441 prolana-

160 5457 246 5517 volris
262 5455 418 5531 respondit
433 5475 464 5515 se
477 5475 541 5516 esse
552 5461 763 5534 praemonitum
779 5461 817 5519 ab
831 5463 934 5520 Ddoue
948 5479 996 5521 co-
1047 5463 1110 5517 tam
1122 5458 1312 5515 reconciliare
1327 5459 1341 5515 t
1356 5456 1413 5514 Sed
1425 5471 1480 5513 uec
1494 5455 1891 5530 oratoriiquidemdomum

160 5549 231 5606 mite
246 5547 303 5606 sub
330 5547 453 5604 nomine
481 5549 660 5606 sacramenti
674 5551 712 5606 de
725 5549 863 5608 iacienda
878 5551 998 5625 expedi·
1046 5547 1301 5615 vobisrcdificarc‚
1324 5546 1382 5604 uisi
1409 5563 1462 5619 per
1482 5546 1660 5620 episcopum
1687 5545 1764 5604 licet.
1792 5545 1892 5604 Positi

163 5638 240 5696 lione
254 5635 531 5695 contraFuleonem
540 5636 619 5694 circa
632 5637 773 5697 eumdem
786 5637 993 5700 diemverum
1048 5653 1181 5716 namque
1195 5636 1267 5694 ostis
1279 5636 1403 5694 omniuo
1418 5634 1476 5692 sub
1488 5639 1633 5711 potestate
1641 5633 1746 5710 ipsius,
1770 5634 1837 5709 qui,
1851 5639 1892 5692 ut
