3996 6186
226 165 275 232 111
707 167 860 230 nunonis
880 169 1010 228 111111
1030 159 1058 228 s.
1079 171 1233 236 11111111
1253 167 1446 233 11111111.
1878 186 1923 238 rie

227 317 298 358 cum
312 297 490 374 praesulibus
507 298 647 369 franciae,
661 299 741 355 venit
753 315 805 355 rex
820 312 912 372 super
924 296 1050 353 fluvium
1068 297 1093 352 Α
1106 297 1267 370 praeclaris,
1283 300 1372 373 coepit
1385 300 1546 372 praedignis
1567 301 1650 358 bona
1675 301 1859 374 operationis
1882 320 1923 361 co

227 393 306 464 Eptaa
333 393 435 445 contra
466 389 697 460 Northmannos,
727 405 795 445 cum
824 405 937 460 magno
975 388 1052 443 duce
1107 389 1629 448 1111111111111111111111.111111
1656 391 1804 448 virtutum
1828 408 1924 465 propo

226 480 360 548 Hugone.
376 477 513 550 Licetque
528 477 607 533 tilius
622 495 706 547 suus,
723 495 815 551 quem
829 494 884 550 pro
905 494 937 533 se
961 477 1052 533 dede·
1105 475 1197 532 nebat
1209 476 1346 547 largiflue
1361 478 1485 551 praemia
1501 478 1626 546 eunetis,
1651 479 1880 552 monachosque
1902 487 1922 537 et

225 571 280 634 rat,
297 570 375 623 esset
387 567 620 637 Roihomagensi
638 571 712 625 urbe
740 573 886 634 mortuus,
910 567 1052 623 manibus
1106 563 1237 634 elericos,
1254 572 1344 640 atque
1357 568 1449 625 laicos
1462 570 1590 640 cogabat
1617 569 1795 626 incumbere
1810 569 1922 626 1111111-

225 669 317 727 supra
345 655 531 729 phylacteria
563 655 756 729 reliquiarum
780 657 895 730 positis,
922 656 1051 730 propriis
1105 652 1183 709 tibus
1198 655 1317 712 divinis.
1335 657 1462 714 litoribus
1476 663 1614 715 autemst
1640 658 1753 714 maritis
1779 657 1922 731 splendide

223 744 323 801 verbis
336 745 403 801 fecit
431 746 620 802 securitatem
647 746 741 815 regni,
767 746 850 820 quod
882 762 954 802 suus
976 762 1051 801 avus
1104 742 1238 813 fulgebat
1252 745 1371 818 opimis,
1384 741 1493 821 istique
1517 748 1629 805 clerum
1650 765 1685 804 ac
1698 748 1851 821 populum
1863 755 1922 804 stre·

224 832 308 890 Rollo
322 833 350 890 vi
366 849 401 891 ac
413 838 568 908 potestate,
585 834 676 890 armis
691 839 719 891 et
743 834 852 908 praeliis
867 833 923 890 sibi
951 833 1053 906 acqui·
1105 847 1164 889 nue
1177 834 1355 892 moderabat
1368 836 1503 893 habenis.
1520 837 1632 894 Vindex
1646 842 1748 894 autem
1764 842 1830 894 crat
1855 855 1921 894 seve

224 921 299 979 sirit.
315 927 380 996 lpse
396 927 539 980 11111111
554 923 697 997 episcopi,
725 923 848 980 comites
876 927 905 980 et
927 923 1052 979 abbates
1104 922 1323 991 mascalarum,
1336 926 1553 999 largifluusque
1566 926 1758 999 dispensator
1771 926 1919 983 bonorum.

223 1011 391 1082 reverendi,
406 1011 619 1085 principesque
641 1012 773 1068 Franciae
794 1012 878 1082 regni
904 1011 1051 1068 Ricliardo
1106 1010 1269 1082 sylvestres
1283 1030 1416 1087 namque
1430 1015 1525 1088 dapes
1539 1015 1644 1086 ingens
1655 1015 1847 1071 diversarum
1862 1016 1921 1070 fera·

222 1115 318 1174 puero
330 1100 493 1170 innocenti,
507 1105 539 1156 ut
553 1106 650 1158 teneat
662 1106 690 1157 et
714 1102 876 1174 possideat,
905 1106 934 1158 et
959 1101 1050 1158 nullis
1104 1113 1173 1154 rum
1186 1101 1272 1175 copia
1287 1103 1475 1160 ministrabat
1496 1103 1546 1172 illi,
1574 1104 1647 1178 quia
1670 1109 1742 1178 post
1768 1103 1919 1173 legitimam

222 1188 280 1245 nisi
296 1191 355 1246 Deo
366 1190 520 1247 servitium
533 1190 598 1262 ipse
613 1195 642 1246 at
656 1191 804 1247 successio
833 1192 898 1262 ejus
925 1192 1050 1259 reddat;
1101 1184 1207 1255 judicii
1218 1189 1400 1269 justitiaeque
1416 1192 1796 1260 discussionem,lradebal
1806 1208 1837 1248 se
1847 1207 1920 1247 vena·

223 1283 251 1335 et
266 1279 292 1334 si
313 1279 381 1352 quis
412 1294 560 1352 perversae
582 1278 746 1335 invasionis
774 1280 919 1336 rixatione
948 1285 1051 1336 contra
1104 1275 1157 1332 tui.
1173 1277 1284 1334 Meritis
1297 1287 1415 1337 mactus
1428 1281 1615 1339 successibus
1634 1281 1792 1338 crescebat
1820 1282 1920 1337 attolas

221 1383 292 1425 eum
319 1367 472 1438 congredi,
496 1367 544 1424 vel
582 1368 708 1439 alicujus
736 1368 889 1425 rixationis
911 1385 1051 1440 congres-
1105 1380 1185 1432 1111,
1203 1367 1414 1438 pullulantium
1434 1369 1575 1427 virtutum
1601 1370 1836 1442 exaggeratione
1865 1369 1920 1424 vitia

223 1458 306 1515 sione
319 1457 461 1514 invadere
476 1473 603 1528 regnum
619 1457 780 1526 maluerit;
805 1458 969 1514 fidissimus
996 1459 1050 1515 ad·
1106 1453 1402 1516 abolans.Tendebat
1425 1459 1518 1517 solers
1545 1477 1719 1534 sequaxque
1745 1459 1919 1533 perfectionis

221 1547 346 1618 jutorin
367 1547 451 1604 omni
477 1547 609 1605 adversae
636 1548 900 1620 inopportunitatis
924 1547 1051 1605 necessi·
1107 1543 1147 1598 ad
1161 1561 1316 1602 summum
1329 1548 1481 1621 bonitatis,
1496 1556 1529 1606 ut
1546 1551 1643 1625 quiret
1659 1549 1805 1620 gratirlari
1830 1548 1919 1604 future

222 1639 344 1710 tateper
358 1637 461 1694 omnia
473 1637 624 1693 exstiterit.
642 1636 693 1692 His
707 1637 802 1693 taliter
815 1637 954 1707 legitimae
980 1638 1086 1699 defi-B
1108 1636 1220 1707 requiei
1237 1642 1370 1710 tempore
1383 1655 1451 1694 cum
1468 1640 1586 1696 sanctis.
1602 1641 1643 1695 Eo
1651 1654 1787 1710 namque
1803 1643 1918 1708 tempora

222 1725 343 1783 nitionis
371 1726 514 1783 facundia
544 1725 758 1795 determinatis,
792 1743 861 1797 rege
900 1728 1050 1785 Ludovico
1106 1731 1168 1782 erat
1195 1727 1322 1799 quidam
1346 1727 1533 1802 Rodulphns,
1562 1730 1649 1801 cujus
1674 1741 1829 1798 agnomen
1848 1729 1918 1781 Torta

223 1820 349 1884 astante,
365 1817 551 1888 Hugoneque
566 1830 679 1886 magno
695 1815 771 1872 duce
787 1821 815 1872 11
829 1817 902 1886 suis,
912 1833 1051 1890 proceres
1104 1815 1279 1885 vocabatur,
1295 1816 1446 1888 qrritotius
1459 1816 1681 1875 Northmauniae
1701 1816 1850 1872 honorem
1865 1818 1917 1887 post

222 1904 378 1962 Britonum
419 1909 448 1962 et
484 1904 643 1978 optimates
673 1905 869 1961 Nortbmanni
903 1906 1051 1963 Richardo
1103 1909 1231 1961 mortam
1242 1905 1377 1963 Willelmi
1396 1907 1483 1963 altius
1512 1907 1625 1964 caeteris
1651 1904 1846 1978 comparibus
1872 1903 1917 1957 sibi

221 2011 316 2068 puero
330 1993 653 2066 ineffabilisprobitatis
664 1993 726 2049 vice
737 1995 836 2050 cordis
851 1996 993 2053 manibus
1019 1997 1051 2054 li·
1103 1992 1285 2060 vindicabat,
1300 2000 1328 2050 et
1348 2011 1394 2050 111
1409 1994 1552 2051 dominici
1577 1994 1655 2066 juris
1679 1993 1851 2049 indecenter
1872 1985 1916 2042 sibi

220 2084 395 2142 bentissime
408 2084 496 2154 datis,
512 2087 701 2140 sacramento
730 2083 883 2140 fidissimae
911 2086 1049 2144 christia·
1103 2082 1279 2155 usurpabat.
1298 2083 1692 2157 Distribuebatunoquoque
1707 2081 1758 2137 die
1787 2075 1915 2136 1111111111

222 2193 267 2232 naa
281 2174 447 2232 securitatis
459 2173 593 2229 fecerunt
611 2172 719 2229 iterum
742 2173 835 2230 tidem
854 2174 1049 2247 militationis,
1103 2169 1220 2227 decenti
1234 2187 1329 2244 puero
1342 2188 1412 2229 oum
1427 2173 1488 2228 suis
1503 2173 1649 2230 tironibus
1672 2169 1769 2227 diaria
1783 2178 1916 2243 propensa

222 2263 384 2336 auxiliique
399 2267 428 2318 et
455 2261 572 2318 servitii.
603 2264 683 2317 Tunc
707 2262 931 2319 Northmannici
945 2267 974 2320 et
989 2264 1049 2320 Bri-

222 2356 307 2409 tonas
321 2351 504 2408 ltichardum
516 2350 590 2406 tanti
617 2349 751 2418 honoris,
776 2354 926 2424 tantaque
951 2352 1049 2422 digni-

221 2441 299 2510 tatis,
326 2444 476 2512 tantaequa
502 2438 609 2514 speciei
637 2455 766 2512 puerum
787 2440 978 2498 adduxerunt
1007 2442 1050 2498 ni-

221 2529 317 2587 mium
333 2529 497 2600 gaudentes
505 2529 815 2600 Rothomagnm.Cum
826 2534 927 2586 autem
940 2530 1049 2586 utrius-

222 2635 281 2695 que
295 2634 386 2676 sexus
398 2633 496 2686 sanes,
512 2617 709 2690 juvenesque,
735 2618 830 2691 pueri,
859 2623 888 2675 11
908 2619 1048 2687 infantes,

221 2709 296 2768 urba
310 2707 515 2781 territorioque
529 2707 624 2781 ipsius
636 2707 707 2779 pagi
723 2714 955 2778 commorantes,
969 2727 1048 2766 com·

1103 2257 1233 2316 denariis
1246 2260 1294 2316 bis
1317 2266 1360 2318 ter
1374 2261 1478 2318 tribus.
1494 2259 1769 2332 affligebanturque
1790 2256 1850 2327 ejus
1872 2250 1915 2306 do

1102 2347 1229 2418 migenae
1241 2349 1369 2422 penuria
1388 2349 1537 2407 constricti
1550 2348 1687 2422 nequiter
1699 2351 1727 2403 at
1754 2345 1840 2402 tame.
1854 2345 1915 2406 0¹1³·

1103 2441 1225 2509 propter
1249 2437 1416 2494 Richardus
1448 2437 1594 2494 industris
1622 2435 1752 2492 scientiae
1784 2429 1912 2505 ephebus.

1103 2523 1201 2580 ascitis
1216 2525 1346 2595 regionis
1361 2525 1584 2582 Nortbmanniae
1596 2523 1793 2598 principibus,
1804 2516 1871 2593 quid
1882 2513 1913 2568 dt

1101 2612 1206 2686 inopia
1219 2615 1345 2671 modicae
1360 2615 1579 2672 distributionis
1594 2617 1705 2685 ageret,
1718 2613 1758 2669 ab
1773 2611 1813 2667 eis
1826 2603 1912 2662 scisci-

1103 2706 1190 2760 tatur.
1204 2704 1354 2777 Principes
1370 2720 1450 2776 1111,
1465 2704 1536 2777 quia
1550 2703 1592 2760 illi
1606 2705 1793 2760 sacramanto
1808 2691 1912 2752 111111-

221 2799 370 2874 perissent
381 2796 464 2870 quod
480 2795 644 2852 Richardus
660 2795 1050 2873 desiderataevisionispuer
1102 2791 1149 2847 dei
1163 2792 1304 2864 colligati,
1320 2799 1348 2849 et
1362 2781 1910 2866 11111111111111111111111111111οᾶ1,

221 2887 409 2955 acceleraret,
425 2882 579 2939 frendente
593 2883 684 2954 vulgo
705 2884 821 2956 passim
839 2901 902 2958 praa
926 2888 1047 2957 gaudio,
1102 2882 1315 2939 nuntiaverunt
1327 2881 1454 2938 Rodulfo
1467 2881 1628 2952 agnomine
1642 2885 1737 2938 111111
1756 2872 1911 2935 animosita-

220 2975 410 3045 irruenteque
425 2970 577 3044 profusius
605 2987 695 3044 snper
723 2972 842 3045 plebem
868 2974 966 3047 plebe,
993 2993 1083 3052 proc
1102 2976 1162 3030 tam
1174 2971 1328 3029 irascentis
1351 2971 1486 3026 senioris.
1513 2970 1562 3027 tlle
1589 2975 1691 3026 autem
1713 2966 1909 3044 commilitones

221 3065 403 3135 recuperatae
426 3059 529 3115 salutis
558 3059 675 3129 solatio,
699 3061 914 3134 comprimente
941 3064 1048 3132 feriter,
1104 3078 1174 3119 suos
1187 3061 1300 3118 remisit
1310 3061 1347 3117 ad
1362 3060 1542 3117 Richardum
1559 3059 1755 3131 sagacissimae
1768 3051 1907 3128 probitatis

221 3149 315 3208 turbis
326 3147 596 3206 innumerabilibus
611 3149 808 3222 exaggeratis,
833 3150 979 3225 populum
995 3169 1050 3226 po·
1104 3166 1242 3224 puerum,
1258 3149 1426 3222 deprecans
1438 3154 1471 3205 ut
1482 3149 1581 3206 liceret
1594 3149 1732 3205 venirese
1745 3148 1804 3200 ante
1816 3139 1900 3206 illum,

221 3238 492 3314 pulo,festinabant
505 3254 623 3295 currere
633 3258 639 3307 ;
650 3239 785 3296 licetnon
797 3241 928 3296 valerent
938 3246 1050 3299 mutuae
1104 3244 1132 3295 at
1145 3239 1265 3313 expiare
1278 3255 1309 3295 se
1323 3239 1371 3294 his
1380 3239 1493 3310 quibus
1503 3238 1667 3295 offenderat
1679 3252 1752 3292 aum.
1765 3235 1838 3288 tunc
1848 3243 1902 3284 me·

221 3333 466 3402 coacervataque
478 3328 683 3402 oppressionis
709 3330 863 3403 praepediti
883 3328 1049 3399 obstaculo,
1104 3327 1236 3384 marialis
1251 3329 1336 3399 puer,
1351 3326 1490 3400 expensis
1515 3326 1633 3384 illorum
1658 3321 1844 3400 petitionibus,
1864 3333 1906 3374 11-

221 3417 343 3476 obviam
356 3417 399 3474 ire
412 3415 553 3473 1111111111
567 3415 777 3490 mellifluaeque
790 3418 968 3475 innocentiae
980 3435 1052 3492 pue·
1104 3416 1262 3490 spondisse
1276 3416 1369 3473 fertur
1383 3434 1389 3472 :
1405 3439 1419 3466 «
1429 3416 1620 3474 Scitismeum
1632 3432 1724 3473 avum
1734 3409 1907 3471 hancurbem

220 3521 265 3562 1ο.
283 3505 384 3563 Clarus
400 3503 489 3560 totius
505 3504 647 3572 regionis,
663 3503 753 3560 rebus
776 3505 949 3561 monasticis
976 3521 1051 3578 prae-
1104 3505 1213 3579 praeliis
1223 3505 1391 3562 vindicasse
1402 3505 1486 3562 sibi.»
1498 3506 1742 3579 Responderunt:
1755 3525 1768 3552 1
1782 3501 1906 3560 Scimus.r

221 3595 345 3668 paratis,
360 3593 410 3649 vix
436 3594 558 3664 propter
583 3592 729 3665 impetum
753 3593 944 3650 tumultuosae
973 3595 1050 3651 mul-
1104 3597 1138 3650 Et
1147 3594 1195 3650 ille
1212 3611 1246 3648 2«
1261 3598 1381 3653 Meusne
1391 3600 1477 3668 pater
1487 3599 1564 3652 sorte
1576 3594 1764 3652 haereditaria
1776 3593 1847 3649 hanc
1867 3603 1908 3644 ur-

221 3683 356 3741 titudinis
387 3685 471 3739 extra
499 3680 675 3737 suburbana
707 3682 955 3748 Rothomagcnsis
969 3685 1051 3743 urbis
1103 3683 1174 3740 bem
1187 3683 1308 3741 tenuit?
1328 3687 1506 3758 Nonnepost
1522 3685 1567 3740 avi
1575 3685 1729 3758 patrisque
1744 3697 1841 3740 necem
1853 3693 1907 3752 pos·

221 3772 336 3842 exsiliit,
367 3771 606 3843 collaudansque
637 3773 727 3826 tteum
756 3770 891 3828 recidivae
920 3775 1051 3847 tripudio
1105 3773 1200 3828 sidera
1217 3773 1284 3844 iura
1310 3773 1499 3831 haremtario
1524 3773 1647 3830 debent
1673 3772 1773 3830 Videte
1797 3771 1818 3827 si
1839 3772 1908 3843 pater

220 3861 325 3936 prolis,
351 3860 511 3933 ferensque
539 3875 667 3932 corpora
684 3863 858 3915 sanctorum
884 3861 914 3918 11
925 3862 1049 3933 feretris,
1104 3862 1178 3934 ejus,
1193 3866 1246 3919 aut
1261 3879 1346 3932 avus,
1361 3867 1414 3919 aut
1426 3878 1568 3936 proavus,
1582 3863 1662 3920 hanc
1677 3863 1784 3920 urbem
1797 3866 1828 3918 ut
1848 3857 1910 3915 tenet

220 3949 345 4008 deduxit
359 3965 429 4006 eum
457 3948 497 4005 ad
522 3947 614 4005 altare
639 3963 737 4020 usque
757 3953 867 4005 sancte
892 3950 942 4007 1111
967 3951 1050 4022 geni·

220 4039 310 4098 tricis.

541 4176 733 4218 1111111111.

289 4299 367 4359 Urbs
380 4302 542 4372 luculenta,
554 4302 670 4358 micans
689 4302 781 4359 milita
801 4319 897 4370 sacro.

292 4395 534 4464 cunctorumque
547 4391 699 4448 bonorum
713 4392 804 4450 ubere
818 4393 917 4466 plens,

291 4479 466 4552 'tranquilla
480 4479 613 4536 residens
624 4479 715 4536 effera
725 4485 839 4553 portus,

291 4571 313 4627 0
329 4570 526 4640 Rothomage,
541 4585 615 4642 cape
626 4573 746 4642 perpete
761 4569 830 4628 laeta

291 4659 394 4716 Divino
410 4659 552 4715 reducem
565 4660 684 4714 nectare
700 4657 834 4732 plenum,

290 4746 510 4820 Patriciumque
523 4746 632 4803 ducem
643 4747 711 4819 jure
725 4752 887 4822 potentem.

290 4836 429 4898 lliriticus
442 4835 589 4910 quoniam
604 4837 651 4894 hic
668 4837 887 4911 almificusque,

289 4925 443 4994 1111111111
458 4925 569 4999 pariter
583 4926 655 4993 dux,
668 4942 779 4994 comes,
799 4931 889 5000 atqua

289 5015 433 5074 Patricius
445 5014 497 5073 tibi
512 5015 575 5081 erit,
590 5014 726 5071 marchio
739 5019 892 5074 constans.

289 5105 324 5159 ut
338 5103 423 5175 cujus
438 5102 552 5160 famant
565 5101 638 5159 olim
651 5102 836 5160 redolentem

290 5194 406 5262 Augere
418 5208 571 5267 propenso
582 5197 628 5249 111
639 5192 833 5266 probitatum.

290 5281 423 5346 Quatuor
432 5288 597 5352 agnoscent
611 5282 732 5340 elimata
746 5284 850 5355 cosmi,

290 5368 424 5427 Sanctior
438 5371 579 5428 exstiterit
593 5387 683 5428 namo
695 5371 778 5445 quod
791 5372 869 5446 ipso,
915 5446 917 5450 Ι

289 5463 322 5516 11
337 5457 427 5531 11111,
443 5459 532 5530 dicto,
548 5461 621 5534 quin
641 5461 796 5518 meditatu.

289 5551 390 5605 Exstat
405 5563 476 5604 nam
491 5550 521 5606 11
538 5549 632 5606 tribus
645 5550 691 5607 his
704 5567 825 5606 summa
844 5551 953 5622 negoti.

1103 3952 1195 4009 tenuit
1213 3970 1219 4021 ;
1235 3957 1264 4010 et
1277 3952 1429 4008 rimamini
1445 3953 1583 4024 11111111
1592 3951 1812 4027 prejudicium,
1825 3960 1909 4006 meum

1103 4058 1143 4098 an
1158 4057 1277 4097 suum.»
1294 4040 1351 4098 tllis
1366 4046 1467 4098 autem
1483 4057 1573 4116 super
1586 4040 1696 4098 talibus
1712 4041 1798 4098 dictis
1812 4043 1909 4110 stupen-

1102 4129 1201 4196 dibus,
1227 4129 1420 4186 subintulisse
1447 4134 1533 4187 caute
1559 4129 1687 4187 dicitur:
1715 4151 1730 4180 «
1744 4130 1775 4186 Si
1797 4131 1910 4184 nostram

1102 4218 1229 4291 gratiam
1242 4217 1306 4274 vult
1323 4219 1486 4292 promereri
1497 4218 1655 4287 ullatenus,
1671 4223 1760 4275 exeat
1779 4233 1797 4274 a
1815 4213 1910 4272 civitate

1065 4346 1087 4401 D
1102 4308 1282 4380 quantocius
1296 4307 1359 4381 ipse
1374 4311 1402 4365 et
1416 4307 1514 4364 omnis
1527 4307 1642 4364 familia
1661 4307 1726 4379 ejus
1743 4325 1752 4376 3
1782 4311 1809 4364 et
1831 4317 1911 4361 more-

1103 4399 1151 4452 tur
1165 4395 1196 4451 11
1211 4395 1282 4452 villa
1295 4413 1357 4453 uno
1371 4395 1509 4453 milliario
1524 4396 1563 4452 ab
1583 4396 1657 4452 urbe
1673 4399 1853 4467 segregatus,
1870 4389 1912 4445 do

1103 4499 1158 4539 nec
1171 4483 1285 4554 legatos
1300 4501 1370 4541 suos
1382 4484 1457 4541 mihi
1471 4485 1578 4555 mittat,
1588 4489 1617 4541 et
1629 4484 1703 4558 quid
1715 4483 1758 4541 illi
1772 4478 1913 4541 remanda·

1102 4588 1174 4629 vero
1189 4573 1301 4630 audiat.
1319 4572 1406 4641 Quod
1428 4574 1454 4630 si
1478 4573 1702 4647 floccipenderit
1720 4579 1831 4631 nostrae
1856 4583 1915 4643 pre·

1103 4661 1248 4734 ceptionis
1268 4661 1436 4731 consilium,
1464 4677 1519 4719 111
1545 4661 1723 4720 abdicamus
1749 4655 1915 4720 omnimodis

1103 4767 1173 4808 eum
1191 4769 1197 4819 ;
1213 4755 1242 4806 et
1255 4751 1407 4808 mittemus
1422 4751 1462 4808 ad
1480 4753 1689 4824 francigenas,
1702 4757 1734 4809 ut
1759 4767 1847 4826 super
1870 4749 1915 4804 hoc

1102 4841 1223 4912 negotio
1238 4841 1310 4898 dent
1323 4841 1412 4898 nobis
1426 4841 1545 4898 salubre
1573 4842 1740 4899 consilium.
1757 4866 1771 4894 a
1799 4841 1840 4899 tlli
1858 4849 1916 4894 vero

1103 4947 1172 5003 quae
1187 4931 1345 4988 audierant
1356 4930 1484 4987 ltodulfo
1496 4934 1589 4989 Tortae
1599 4932 1854 4989 renuntiaverunt.
1878 4925 1916 4982 tile

1102 5037 1174 5078 vero
1193 5021 1364 5092 egressione
1389 5038 1443 5079 sua
1472 5037 1656 5095 suorumque
1681 5027 1794 5096 putans
1819 5013 1916 5096 placari

1104 5110 1252 5166 seniorem
1277 5126 1389 5176 suum;
1412 5110 1486 5182 quin
1511 5109 1602 5166 etiam
1635 5109 1803 5168 formidans
1831 5119 1918 5179 super·

1102 5201 1262 5254 venturum
1277 5197 1426 5254 Francicae
1442 5196 1537 5266 gantis
1560 5197 1734 5268 exercitum,
1761 5194 1918 5268 digrediens

1102 5285 1269 5342 cumomni
1282 5284 1396 5342 familia
1410 5285 1564 5354 acivitate,
1588 5291 1723 5343 moratus
1735 5289 1782 5343 111
1807 5286 1837 5341 11
1860 5295 1917 5355 pra·

1103 5373 1138 5430 tis
1152 5375 1342 5432 rusticorum.
1374 5375 1494 5433 Interim
1529 5374 1693 5433 Richardus
1719 5381 1810 5432 tautae
1831 5371 1918 5429 indus

1102 5463 1164 5520 triae
1179 5480 1253 5537 puer
1263 5464 1423 5520 confirmat
1436 5464 1491 5521 sibi
1502 5469 1691 5522 sacramento
1706 5481 1785 5522 verae
1797 5461 1864 5520 fidei
1876 5457 1917 5513 de·

1102 5553 1164 5609 rios
1178 5554 1296 5624 milites,
1312 5555 1449 5612 sanciens
1464 5555 1583 5612 viuculo
1598 5554 1748 5612 fidelitatis
1774 5553 1863 5611 ctiam
1885 5552 1919 5602 to

253 5635 334 5696 111111
348 5635 719 5711 satellitibusconstipatus
750 5638 992 5710 prudentissimis
1017 5645 1048 5699 11
1102 5641 1159 5699 tius
1173 5642 1256 5700 urbis
1269 5644 1416 5702 concives.
1431 5647 1566 5702 insecuta
1580 5659 1714 5718 namque
1734 5643 1793 5712 die,
1824 5633 1917 5698 flodul-
