<?xml version="1.0" encoding="UTF-8"?>
<!DOCTYPE html PUBLIC "-//W3C//DTD XHTML 1.0 Transitional//EN"
    "http://www.w3.org/TR/xhtml1/DTD/xhtml1-transitional.dtd">
<html xmlns="http://www.w3.org/1999/xhtml" xml:lang="en" lang="en">
 <head>
  <title>
</title>
<meta http-equiv="Content-Type" content="text/html;charset=utf-8" />
  <meta name='ocr-system' content='tesseract 3.04.00' />
  <meta name='ocr-capabilities' content='ocr_page ocr_carea ocr_par ocr_line ocrx_word'/>
</head>
<body>
  <div class='ocr_page' id='page_1' title='image "./patrologiaecurs127unkngoog_0461.png"; bbox 0 0 3998 6182; ppageno 0'>
   <div class='ocr_carea' id='block_1_1' title="bbox 102 163 1820 248">
    <p class='ocr_par' dir='ltr' id='par_1_1' title="bbox 102 163 1820 248">
     <span class='ocr_line' id='line_1_1' title="bbox 102 163 1820 248; baseline -0.007 -2"><span class='ocrx_word' id='word_1_1' title='bbox 102 189 156 248; x_wconf 82' lang='lat' dir='ltr'><strong>etr</strong></span> <span class='ocrx_word' id='word_1_2' title='bbox 641 163 643 167; x_wconf 79' lang='grc'><strong>’</strong></span> <span class='ocrx_word' id='word_1_3' title='bbox 915 175 1007 234; x_wconf 76' lang='lat' dir='ltr'><strong>vira.</strong></span> <span class='ocrx_word' id='word_1_4' title='bbox 1768 177 1820 234; x_wconf 88' lang='lat' dir='ltr'><strong>ere</strong></span> 
     </span>
    </p>
   </div>
   <div class='ocr_carea' id='block_1_2' title="bbox 22 297 1822 380">
    <p class='ocr_par' dir='ltr' id='par_1_2' title="bbox 22 297 1822 380">
     <span class='ocr_line' id='line_1_2' title="bbox 22 297 1822 380; baseline -0.005 -17"><span class='ocrx_word' id='word_1_5' title='bbox 22 301 29 321; x_wconf 70' lang='lat'>¹</span> <span class='ocrx_word' id='word_1_6' title='bbox 136 304 317 372; x_wconf 75' lang='lat' dir='ltr'><strong>iactantiam</strong></span> <span class='ocrx_word' id='word_1_7' title='bbox 341 303 488 380; x_wconf 81' lang='lat' dir='ltr'><strong>superbie</strong></span> <span class='ocrx_word' id='word_1_8' title='bbox 518 303 628 362; x_wconf 89' lang='lat' dir='ltr'><strong>mentis</strong></span> <span class='ocrx_word' id='word_1_9' title='bbox 644 319 705 360; x_wconf 89' lang='lat' dir='ltr'><strong>ase</strong></span> <span class='ocrx_word' id='word_1_10' title='bbox 721 299 856 374; x_wconf 83' lang='lat' dir='ltr'><strong>rejiciens</strong></span> <span class='ocrx_word' id='word_1_11' title='bbox 880 311 932 354; x_wconf 78' lang='lat' dir='ltr'><strong>res</strong></span> <span class='ocrx_word' id='word_1_12' title='bbox 948 297 973 356; x_wconf 73' lang='grc' dir='ltr'><strong>Α</strong></span> <span class='ocrx_word' id='word_1_13' title='bbox 992 299 1199 372; x_wconf 79' lang='lat' dir='ltr'><strong>amico,lreato</strong></span> <span class='ocrx_word' id='word_1_14' title='bbox 1211 301 1348 360; x_wconf 90' lang='lat' dir='ltr'><strong>videlieet</strong></span> <span class='ocrx_word' id='word_1_15' title='bbox 1363 300 1515 376; x_wconf 86' lang='lat' dir='ltr'><strong>Dionysio,</strong></span> <span class='ocrx_word' id='word_1_16' title='bbox 1542 299 1677 358; x_wconf 88' lang='lat' dir='ltr'><strong>casulam</strong></span> <span class='ocrx_word' id='word_1_17' title='bbox 1692 299 1769 356; x_wconf 93' lang='lat' dir='ltr'><strong>miro</strong></span> <span class='ocrx_word' id='word_1_18' title='bbox 1778 299 1822 355; x_wconf 91' lang='lat' dir='ltr'><strong>iti-</strong></span> 
     </span>
    </p>
   </div>
   <div class='ocr_carea' id='block_1_3' title="bbox 18 385 1820 562">
    <p class='ocr_par' dir='ltr' id='par_1_3' title="bbox 18 385 1820 562">
     <span class='ocr_line' id='line_1_3' title="bbox 18 385 1820 469; baseline -0.011 -6"><span class='ocrx_word' id='word_1_19' title='bbox 18 389 29 428; x_wconf 61' lang='lat'>³</span> <span class='ocrx_word' id='word_1_20' title='bbox 101 395 224 462; x_wconf 79' lang='lat' dir='ltr'><strong>humitis</strong></span> <span class='ocrx_word' id='word_1_21' title='bbox 238 400 345 452; x_wconf 88' lang='lat' dir='ltr'><strong>etcum</strong></span> <span class='ocrx_word' id='word_1_22' title='bbox 357 392 511 466; x_wconf 77' lang='lat' dir='ltr'><strong>multiplici</strong></span> <span class='ocrx_word' id='word_1_23' title='bbox 527 394 636 469; x_wconf 88' lang='lat' dir='ltr'><strong>pietate</strong></span> <span class='ocrx_word' id='word_1_24' title='bbox 651 388 856 448; x_wconf 88' lang='lat' dir='ltr'><strong>nominandus</strong></span> <span class='ocrx_word' id='word_1_25' title='bbox 867 389 935 444; x_wconf 88' lang='lat' dir='ltr'><strong>Rot-</strong></span> <span class='ocrx_word' id='word_1_26' title='bbox 991 385 1060 443; x_wconf 91' lang='lat' dir='ltr'><strong>dem</strong></span> <span class='ocrx_word' id='word_1_27' title='bbox 1076 403 1165 462; x_wconf 91' lang='lat' dir='ltr'><strong>opere</strong></span> <span class='ocrx_word' id='word_1_28' title='bbox 1175 389 1286 448; x_wconf 88' lang='lat' dir='ltr'><strong>iactam</strong></span> <span class='ocrx_word' id='word_1_29' title='bbox 1298 389 1433 446; x_wconf 91' lang='lat' dir='ltr'><strong>eontulit.</strong></span> <span class='ocrx_word' id='word_1_30' title='bbox 1450 389 1502 447; x_wconf 95' lang='lat' dir='ltr'><strong>Cui</strong></span> <span class='ocrx_word' id='word_1_31' title='bbox 1517 392 1545 445; x_wconf 91' lang='lat' dir='ltr'><strong>et</strong></span> <span class='ocrx_word' id='word_1_32' title='bbox 1559 387 1650 456; x_wconf 88' lang='lat' dir='ltr'><strong>aliud,</strong></span> <span class='ocrx_word' id='word_1_33' title='bbox 1665 391 1820 444; x_wconf 83' lang='lat' dir='ltr'><strong>attentam</strong></span> 
     </span>
     <span class='ocr_line' id='line_1_4' title="bbox 18 475 1820 562; baseline -0.005 -19"><span class='ocrx_word' id='word_1_34' title='bbox 18 483 30 522; x_wconf 60' lang='grc' dir='ltr'><strong>’ἱ</strong></span> <span class='ocrx_word' id='word_1_35' title='bbox 101 485 204 546; x_wconf 85' lang='lat' dir='ltr'><strong>bertus</strong></span> <span class='ocrx_word' id='word_1_36' title='bbox 219 483 360 546; x_wconf 86' lang='lat' dir='ltr'><strong>studebat</strong></span> <span class='ocrx_word' id='word_1_37' title='bbox 372 482 413 540; x_wconf 92' lang='lat' dir='ltr'><strong>illi</strong></span> <span class='ocrx_word' id='word_1_38' title='bbox 429 498 547 562; x_wconf 87' lang='lat' dir='ltr'><strong>semper</strong></span> <span class='ocrx_word' id='word_1_39' title='bbox 570 481 688 558; x_wconf 88' lang='lat' dir='ltr'><strong>placere</strong></span> <span class='ocrx_word' id='word_1_40' title='bbox 703 478 862 536; x_wconf 86' lang='lat' dir='ltr'><strong>virtutibus</strong></span> <span class='ocrx_word' id='word_1_41' title='bbox 884 477 937 535; x_wconf 75' lang='lat' dir='ltr'><strong>bo</strong></span> <span class='ocrx_word' id='word_1_42' title='bbox 991 475 1116 534; x_wconf 77' lang='lat' dir='ltr'>decebat</span> <span class='ocrx_word' id='word_1_43' title='bbox 1133 478 1287 550; x_wconf 82' lang='lat' dir='ltr'><strong>laminam,</strong></span> <span class='ocrx_word' id='word_1_44' title='bbox 1314 485 1527 537; x_wconf 90' lang='lat' dir='ltr'><strong>ornamentum</strong></span> <span class='ocrx_word' id='word_1_45' title='bbox 1552 475 1710 546; x_wconf 77' lang='lat' dir='ltr'><strong>contexuit,</strong></span> <span class='ocrx_word' id='word_1_46' title='bbox 1737 476 1820 550; x_wconf 89' lang='lat' dir='ltr'><strong>quod</strong></span> 
     </span>
    </p>
   </div>
   <div class='ocr_carea' id='block_1_4' title="bbox 101 563 1821 648">
    <p class='ocr_par' dir='ltr' id='par_1_4' title="bbox 101 563 1821 648">
     <span class='ocr_line' id='line_1_5' title="bbox 101 563 1821 648; baseline -0.007 -16"><span class='ocrx_word' id='word_1_47' title='bbox 101 574 150 632; x_wconf 91' lang='lat' dir='ltr'><strong>nis</strong></span> <span class='ocrx_word' id='word_1_48' title='bbox 164 574 217 648; x_wconf 91' lang='lat' dir='ltr'><strong>qui</strong></span> <span class='ocrx_word' id='word_1_49' title='bbox 231 573 348 632; x_wconf 89' lang='lat' dir='ltr'><strong>habitat</strong></span> <span class='ocrx_word' id='word_1_50' title='bbox 360 573 391 629; x_wconf 93' lang='lat' dir='ltr'><strong>in</strong></span> <span class='ocrx_word' id='word_1_51' title='bbox 410 571 544 636; x_wconf 84' lang='lat' dir='ltr'><strong>excelsis.</strong></span> <span class='ocrx_word' id='word_1_52' title='bbox 561 571 700 630; x_wconf 89' lang='lat' dir='ltr'><strong>Bevitans</strong></span> <span class='ocrx_word' id='word_1_53' title='bbox 714 569 859 626; x_wconf 89' lang='lat' dir='ltr'><strong>sublimes</strong></span> <span class='ocrx_word' id='word_1_54' title='bbox 874 583 936 622; x_wconf 89' lang='lat' dir='ltr'><strong>sus·</strong></span> <span class='ocrx_word' id='word_1_55' title='bbox 991 569 1113 620; x_wconf 74' lang='lat' dir='ltr'><strong>vocatur</strong></span> <span class='ocrx_word' id='word_1_56' title='bbox 1125 567 1206 624; x_wconf 90' lang='lat' dir='ltr'><strong>orbis</strong></span> <span class='ocrx_word' id='word_1_57' title='bbox 1224 573 1379 636; x_wconf 85' lang='lat' dir='ltr'><strong>terrarum,</strong></span> <span class='ocrx_word' id='word_1_58' title='bbox 1396 567 1438 624; x_wconf 96' lang='lat' dir='ltr'><strong>illi</strong></span> <span class='ocrx_word' id='word_1_59' title='bbox 1462 567 1559 625; x_wconf 90' lang='lat' dir='ltr'><strong>Caroli</strong></span> <span class='ocrx_word' id='word_1_60' title='bbox 1581 565 1660 624; x_wconf 89' lang='lat' dir='ltr'><strong>Calvi</strong></span> <span class='ocrx_word' id='word_1_61' title='bbox 1674 563 1821 620; x_wconf 87' lang='lat' dir='ltr'><strong>dissimili·</strong></span> 
     </span>
    </p>
   </div>
   <div class='ocr_carea' id='block_1_5' title="bbox 18 653 1822 740">
    <p class='ocr_par' dir='ltr' id='par_1_5' title="bbox 18 653 1822 740">
     <span class='ocr_line' id='line_1_6' title="bbox 18 653 1822 740; baseline -0.007 -17"><span class='ocrx_word' id='word_1_62' title='bbox 18 690 25 700; x_wconf 90' lang='lat'><em>·</em></span> <span class='ocrx_word' id='word_1_63' title='bbox 102 663 233 740; x_wconf 83' lang='lat' dir='ltr'><strong>eipiebat</strong></span> <span class='ocrx_word' id='word_1_64' title='bbox 246 678 324 738; x_wconf 89' lang='lat' dir='ltr'><strong>ques</strong></span> <span class='ocrx_word' id='word_1_65' title='bbox 338 666 455 736; x_wconf 89' lang='lat' dir='ltr'><strong>peterat</strong></span> <span class='ocrx_word' id='word_1_66' title='bbox 466 661 607 732; x_wconf 84' lang='lat' dir='ltr'><strong>humiles,</strong></span> <span class='ocrx_word' id='word_1_67' title='bbox 631 661 683 736; x_wconf 89' lang='lat' dir='ltr'><strong>qui</strong></span> <span class='ocrx_word' id='word_1_68' title='bbox 699 659 784 717; x_wconf 91' lang='lat' dir='ltr'><strong>certis</strong></span> <span class='ocrx_word' id='word_1_69' title='bbox 799 653 938 728; x_wconf 89' lang='lat' dir='ltr'><strong>tempori·</strong></span> <span class='ocrx_word' id='word_1_70' title='bbox 993 670 1087 710; x_wconf 91' lang='lat' dir='ltr'><strong>mum.</strong></span> <span class='ocrx_word' id='word_1_71' title='bbox 1104 657 1247 730; x_wconf 74' lang='lat' dir='ltr'><strong>Sperabat</strong></span> <span class='ocrx_word' id='word_1_72' title='bbox 1261 659 1341 715; x_wconf 91' lang='lat' dir='ltr'><strong>enim</strong></span> <span class='ocrx_word' id='word_1_73' title='bbox 1356 675 1387 716; x_wconf 89' lang='lat' dir='ltr'><strong>se</strong></span> <span class='ocrx_word' id='word_1_74' title='bbox 1402 661 1461 716; x_wconf 88' lang='lat' dir='ltr'><strong>Deo</strong></span> <span class='ocrx_word' id='word_1_75' title='bbox 1476 656 1572 714; x_wconf 86' lang='lat' dir='ltr'><strong>tidelis</strong></span> <span class='ocrx_word' id='word_1_76' title='bbox 1587 655 1691 728; x_wconf 90' lang='lat' dir='ltr'><strong>regina</strong></span> <span class='ocrx_word' id='word_1_77' title='bbox 1705 659 1822 728; x_wconf 90' lang='lat' dir='ltr'><strong>partem</strong></span> 
     </span>
    </p>
   </div>
   <div class='ocr_carea' id='block_1_6' title="bbox 21 741 1822 822">
    <p class='ocr_par' dir='ltr' id='par_1_6' title="bbox 21 741 1822 822">
     <span class='ocr_line' id='line_1_7' title="bbox 21 741 1822 822; baseline -0.006 -14"><span class='ocrx_word' id='word_1_78' title='bbox 21 764 28 780; x_wconf 79' lang='lat'><strong>‘</strong></span> <span class='ocrx_word' id='word_1_79' title='bbox 101 752 163 813; x_wconf 77' lang='lat' dir='ltr'><strong>bers</strong></span> <span class='ocrx_word' id='word_1_80' title='bbox 179 769 263 810; x_wconf 87' lang='lat' dir='ltr'><strong>veras</strong></span> <span class='ocrx_word' id='word_1_81' title='bbox 277 767 346 814; x_wconf 88' lang='lat' dir='ltr'><strong>vero</strong></span> <span class='ocrx_word' id='word_1_82' title='bbox 362 755 422 808; x_wconf 87' lang='lat' dir='ltr'><strong>Beo</strong></span> <span class='ocrx_word' id='word_1_83' title='bbox 445 751 603 809; x_wconf 84' lang='lat' dir='ltr'><strong>redderent</strong></span> <span class='ocrx_word' id='word_1_84' title='bbox 621 750 736 810; x_wconf 89' lang='lat' dir='ltr'><strong>laudes.</strong></span> <span class='ocrx_word' id='word_1_85' title='bbox 759 744 893 820; x_wconf 89' lang='lat' dir='ltr'><strong>Suscepit</strong></span> <span class='ocrx_word' id='word_1_86' title='bbox 906 743 937 810; x_wconf 85' lang='lat' dir='ltr'><strong>in</strong></span> <span class='ocrx_word' id='word_1_87' title='bbox 991 741 1161 802; x_wconf 92' lang='lat' dir='ltr'><strong>babituram</strong></span> <span class='ocrx_word' id='word_1_88' title='bbox 1174 762 1242 802; x_wconf 90' lang='lat' dir='ltr'><strong>cum</strong></span> <span class='ocrx_word' id='word_1_89' title='bbox 1258 763 1303 816; x_wconf 89' lang='lat' dir='ltr'><strong>ee,</strong></span> <span class='ocrx_word' id='word_1_90' title='bbox 1327 747 1375 804; x_wconf 90' lang='lat' dir='ltr'><strong>oui</strong></span> <span class='ocrx_word' id='word_1_91' title='bbox 1386 746 1568 822; x_wconf 89' lang='lat' dir='ltr'><strong>promiserat</strong></span> <span class='ocrx_word' id='word_1_92' title='bbox 1591 748 1669 801; x_wconf 79' lang='lat' dir='ltr'><strong>licus</strong></span> <span class='ocrx_word' id='word_1_93' title='bbox 1682 757 1822 800; x_wconf 86' lang='lat' dir='ltr'><strong>sermone</strong></span> 
     </span>
    </p>
   </div>
   <div class='ocr_carea' id='block_1_7' title="bbox 102 831 1823 916">
    <p class='ocr_par' dir='ltr' id='par_1_7' title="bbox 17 831 1823 916">
     <span class='ocr_line' id='line_1_8' title="bbox 102 831 1823 916; baseline -0.006 -20.471"><span class='ocrx_word' id='word_1_94' title='bbox 102 841 162 900; x_wconf 90' lang='lat' dir='ltr'><strong>hoe</strong></span> <span class='ocrx_word' id='word_1_95' title='bbox 178 845 207 901; x_wconf 91' lang='lat' dir='ltr'><strong>et</strong></span> <span class='ocrx_word' id='word_1_96' title='bbox 224 840 396 916; x_wconf 77' lang='lat' dir='ltr'><strong>exemplum</strong></span> <span class='ocrx_word' id='word_1_97' title='bbox 420 840 459 898; x_wconf 88' lang='lat' dir='ltr'><strong>ab</strong></span> <span class='ocrx_word' id='word_1_98' title='bbox 486 839 646 898; x_wconf 80' lang='lat' dir='ltr'><strong>Ambrosio</strong></span> <span class='ocrx_word' id='word_1_99' title='bbox 673 837 937 896; x_wconf 84' lang='lat' dir='ltr'><strong>Mediolanensrum</strong></span> <span class='ocrx_word' id='word_1_100' title='bbox 991 847 1053 888; x_wconf 90' lang='lat' dir='ltr'><strong>non</strong></span> <span class='ocrx_word' id='word_1_101' title='bbox 1068 848 1154 889; x_wconf 89' lang='lat' dir='ltr'><strong>casso</strong></span> <span class='ocrx_word' id='word_1_102' title='bbox 1167 834 1395 908; x_wconf 88' lang='lat' dir='ltr'><strong>impetraturum</strong></span> <span class='ocrx_word' id='word_1_103' title='bbox 1407 851 1462 909; x_wconf 92' lang='lat' dir='ltr'><strong>pro</strong></span> <span class='ocrx_word' id='word_1_104' title='bbox 1476 834 1711 908; x_wconf 84' lang='lat' dir='ltr'><strong>quibuscunque</strong></span> <span class='ocrx_word' id='word_1_105' title='bbox 1724 831 1823 906; x_wconf 88' lang='lat' dir='ltr'><strong>petiis-</strong></span> 
     </span>
    </p>
   </div>
   <div class='ocr_carea' id='block_1_8' title="bbox 22 921 1821 1004">
    <p class='ocr_par' dir='ltr' id='par_1_8' title="bbox 22 921 1821 1004">
     <span class='ocr_line' id='line_1_9' title="bbox 22 921 1821 1004; baseline -0.006 -18"><span class='ocrx_word' id='word_1_106' title='bbox 22 949 27 959; x_wconf 67' lang='lat'>¹</span> <span class='ocrx_word' id='word_1_107' title='bbox 102 930 228 992; x_wconf 83' lang='lat' dir='ltr'><strong>civitatis</strong></span> <span class='ocrx_word' id='word_1_108' title='bbox 242 929 404 991; x_wconf 88' lang='lat' dir='ltr'><strong>venerabili</strong></span> <span class='ocrx_word' id='word_1_109' title='bbox 431 928 584 1004; x_wconf 88' lang='lat' dir='ltr'><strong>episcopo,</strong></span> <span class='ocrx_word' id='word_1_110' title='bbox 611 927 663 1001; x_wconf 92' lang='lat' dir='ltr'><strong>qui</strong></span> <span class='ocrx_word' id='word_1_111' title='bbox 690 927 777 983; x_wconf 90' lang='lat' dir='ltr'><strong>binos</strong></span> <span class='ocrx_word' id='word_1_112' title='bbox 802 921 938 980; x_wconf 74' lang='lat' dir='ltr'><strong>Ecclesiae</strong></span> <span class='ocrx_word' id='word_1_113' title='bbox 993 926 1045 977; x_wconf 90' lang='lat' dir='ltr'><strong>set.</strong></span> <span class='ocrx_word' id='word_1_114' title='bbox 1063 923 1176 980; x_wconf 85' lang='lat' dir='ltr'><strong>Etenim</strong></span> <span class='ocrx_word' id='word_1_115' title='bbox 1191 924 1268 980; x_wconf 90' lang='lat' dir='ltr'><strong>illius</strong></span> <span class='ocrx_word' id='word_1_116' title='bbox 1284 925 1424 982; x_wconf 91' lang='lat' dir='ltr'><strong>universa</strong></span> <span class='ocrx_word' id='word_1_117' title='bbox 1437 924 1595 998; x_wconf 88' lang='lat' dir='ltr'><strong>progenies</strong></span> <span class='ocrx_word' id='word_1_118' title='bbox 1611 921 1758 980; x_wconf 87' lang='lat' dir='ltr'><strong>famulam</strong></span> <span class='ocrx_word' id='word_1_119' title='bbox 1788 937 1821 977; x_wconf 86' lang='lat' dir='ltr'><strong>se</strong></span> 
     </span>
    </p>
   </div>
   <div class='ocr_carea' id='block_1_9' title="bbox 103 1009 1821 1094">
    <p class='ocr_par' dir='ltr' id='par_1_9' title="bbox 103 1009 1821 1094">
     <span class='ocr_line' id='line_1_10' title="bbox 103 1009 1821 1094; baseline -0.007 -18"><span class='ocrx_word' id='word_1_120' title='bbox 103 1036 179 1090; x_wconf 78' lang='lat' dir='ltr'><strong>suaa,</strong></span> <span class='ocrx_word' id='word_1_121' title='bbox 195 1019 243 1079; x_wconf 89' lang='lat' dir='ltr'><strong>oui</strong></span> <span class='ocrx_word' id='word_1_122' title='bbox 258 1018 449 1094; x_wconf 75' lang='lat' dir='ltr'><strong>prestiterat,</strong></span> <span class='ocrx_word' id='word_1_123' title='bbox 467 1017 590 1076; x_wconf 89' lang='lat' dir='ltr'><strong>elericos</strong></span> <span class='ocrx_word' id='word_1_124' title='bbox 602 1033 658 1092; x_wconf 91' lang='lat' dir='ltr'><strong>pro</strong></span> <span class='ocrx_word' id='word_1_125' title='bbox 672 1017 791 1074; x_wconf 89' lang='lat' dir='ltr'><strong>incessu</strong></span> <span class='ocrx_word' id='word_1_126' title='bbox 806 1011 938 1086; x_wconf 91' lang='lat' dir='ltr'><strong>superbo</strong></span> <span class='ocrx_word' id='word_1_127' title='bbox 991 1010 1065 1068; x_wconf 91' lang='lat' dir='ltr'><strong>tanti</strong></span> <span class='ocrx_word' id='word_1_128' title='bbox 1080 1012 1220 1084; x_wconf 88' lang='lat' dir='ltr'><strong>martyris</strong></span> <span class='ocrx_word' id='word_1_129' title='bbox 1233 1013 1262 1069; x_wconf 95' lang='lat' dir='ltr'><strong>in</strong></span> <span class='ocrx_word' id='word_1_130' title='bbox 1275 1013 1358 1069; x_wconf 90' lang='lat' dir='ltr'><strong>ornni</strong></span> <span class='ocrx_word' id='word_1_131' title='bbox 1366 1027 1454 1086; x_wconf 91' lang='lat' dir='ltr'><strong>opere</strong></span> <span class='ocrx_word' id='word_1_132' title='bbox 1462 1011 1678 1088; x_wconf 89' lang='lat' dir='ltr'><strong>proclamabat,</strong></span> <span class='ocrx_word' id='word_1_133' title='bbox 1689 1009 1821 1066; x_wconf 90' lang='lat' dir='ltr'><strong>reddens</strong></span> 
     </span>
    </p>
   </div>
   <div class='ocr_carea' id='block_1_10' title="bbox 16 1099 1821 1357">
    <p class='ocr_par' dir='ltr' id='par_1_10' title="bbox 16 1099 1821 1357">
     <span class='ocr_line' id='line_1_11' title="bbox 17 1099 1821 1178; baseline -0.006 -14"><span class='ocrx_word' id='word_1_134' title='bbox 17 1117 25 1142; x_wconf 82' lang='grc'><strong>’·</strong></span> <span class='ocrx_word' id='word_1_135' title='bbox 102 1107 247 1178; x_wconf 84' lang='lat' dir='ltr'><strong>gravibus</strong></span> <span class='ocrx_word' id='word_1_136' title='bbox 264 1107 384 1172; x_wconf 84' lang='lat' dir='ltr'><strong>tradidit</strong></span> <span class='ocrx_word' id='word_1_137' title='bbox 397 1106 547 1176; x_wconf 89' lang='lat' dir='ltr'><strong>lamentis,</strong></span> <span class='ocrx_word' id='word_1_138' title='bbox 568 1107 675 1168; x_wconf 87' lang='lat' dir='ltr'><strong>donee,</strong></span> <span class='ocrx_word' id='word_1_139' title='bbox 691 1105 806 1162; x_wconf 87' lang='lat' dir='ltr'><strong>calcato</strong></span> <span class='ocrx_word' id='word_1_140' title='bbox 821 1107 936 1158; x_wconf 90' lang='lat' dir='ltr'><strong>tumore</strong></span> <span class='ocrx_word' id='word_1_141' title='bbox 991 1100 1182 1158; x_wconf 81' lang='lat' dir='ltr'><strong>hominesue</strong></span> <span class='ocrx_word' id='word_1_142' title='bbox 1194 1119 1262 1176; x_wconf 74' lang='lat' dir='ltr'><strong>quir</strong></span> <span class='ocrx_word' id='word_1_143' title='bbox 1273 1106 1343 1158; x_wconf 77' lang='lat' dir='ltr'><strong>seint</strong></span> <span class='ocrx_word' id='word_1_144' title='bbox 1353 1102 1428 1158; x_wconf 91' lang='lat' dir='ltr'><strong>servi</strong></span> <span class='ocrx_word' id='word_1_145' title='bbox 1452 1101 1558 1160; x_wconf 80' lang='lat' dir='ltr'><strong>debitae</strong></span> <span class='ocrx_word' id='word_1_146' title='bbox 1571 1099 1718 1158; x_wconf 89' lang='lat' dir='ltr'><strong>servitutis</strong></span> <span class='ocrx_word' id='word_1_147' title='bbox 1733 1099 1821 1156; x_wconf 90' lang='lat' dir='ltr'><strong>obse-</strong></span> 
     </span>
     <span class='ocr_line' id='line_1_12' title="bbox 18 1187 1819 1270; baseline -0.004 -18"><span class='ocrx_word' id='word_1_148' title='bbox 18 1236 23 1244; x_wconf 82' lang='lat'><strong>.</strong></span> <span class='ocrx_word' id='word_1_149' title='bbox 103 1195 265 1270; x_wconf 77' lang='lat' dir='ltr'><strong>superbiae,</strong></span> <span class='ocrx_word' id='word_1_150' title='bbox 304 1195 494 1256; x_wconf 84' lang='lat' dir='ltr'><strong>addiscerent</strong></span> <span class='ocrx_word' id='word_1_151' title='bbox 526 1195 692 1252; x_wconf 88' lang='lat' dir='ltr'><strong>bumilitate</strong></span> <span class='ocrx_word' id='word_1_152' title='bbox 723 1207 858 1266; x_wconf 80' lang='lat' dir='ltr'><strong>pergere,</strong></span> <span class='ocrx_word' id='word_1_153' title='bbox 885 1187 936 1262; x_wconf 91' lang='lat' dir='ltr'><strong>qui</strong></span> <span class='ocrx_word' id='word_1_154' title='bbox 991 1189 1071 1264; x_wconf 88' lang='lat' dir='ltr'><strong>quia.</strong></span> <span class='ocrx_word' id='word_1_155' title='bbox 1090 1192 1180 1248; x_wconf 87' lang='lat' dir='ltr'><strong>Erant</strong></span> <span class='ocrx_word' id='word_1_156' title='bbox 1195 1190 1344 1264; x_wconf 86' lang='lat' dir='ltr'><strong>siquidem</strong></span> <span class='ocrx_word' id='word_1_157' title='bbox 1366 1191 1436 1248; x_wconf 89' lang='lat' dir='ltr'><strong>huic</strong></span> <span class='ocrx_word' id='word_1_158' title='bbox 1464 1188 1647 1262; x_wconf 89' lang='lat' dir='ltr'><strong>generationi</strong></span> <span class='ocrx_word' id='word_1_159' title='bbox 1675 1187 1819 1262; x_wconf 85' lang='lat' dir='ltr'><strong>speciales</strong></span> 
     </span>
     <span class='ocr_line' id='line_1_13' title="bbox 16 1275 1820 1357; baseline -0.006 -13"><span class='ocrx_word' id='word_1_160' title='bbox 16 1299 18 1334; x_wconf 65' lang='lat'>1</span> <span class='ocrx_word' id='word_1_161' title='bbox 101 1286 325 1346; x_wconf 87' lang='lat' dir='ltr'><strong>erantcorreeti</strong></span> <span class='ocrx_word' id='word_1_162' title='bbox 340 1286 424 1357; x_wconf 87' lang='lat' dir='ltr'><strong>virga</strong></span> <span class='ocrx_word' id='word_1_163' title='bbox 439 1284 632 1342; x_wconf 89' lang='lat' dir='ltr'><strong>sacerdotalis</strong></span> <span class='ocrx_word' id='word_1_164' title='bbox 649 1282 824 1356; x_wconf 76' lang='lat' dir='ltr'><strong>disciptinae.</strong></span> <span class='ocrx_word' id='word_1_165' title='bbox 855 1278 936 1335; x_wconf 88' lang='lat' dir='ltr'><strong>tdem</strong></span> <span class='ocrx_word' id='word_1_166' title='bbox 991 1277 1090 1346; x_wconf 83' lang='lat' dir='ltr'><strong>amici,</strong></span> <span class='ocrx_word' id='word_1_167' title='bbox 1107 1285 1210 1336; x_wconf 89' lang='lat' dir='ltr'><strong>saneta</strong></span> <span class='ocrx_word' id='word_1_168' title='bbox 1225 1279 1473 1350; x_wconf 83' lang='lat' dir='ltr'><strong>videlicctbtaria,</strong></span> <span class='ocrx_word' id='word_1_169' title='bbox 1495 1283 1619 1352; x_wconf 84' lang='lat' dir='ltr'><strong>atpater</strong></span> <span class='ocrx_word' id='word_1_170' title='bbox 1634 1281 1662 1336; x_wconf 92' lang='lat' dir='ltr'><strong>et</strong></span> <span class='ocrx_word' id='word_1_171' title='bbox 1682 1275 1745 1332; x_wconf 85' lang='lat' dir='ltr'><strong>dux</strong></span> <span class='ocrx_word' id='word_1_172' title='bbox 1757 1291 1820 1334; x_wconf 93' lang='lat' dir='ltr'><strong>mo·</strong></span> 
     </span>
    </p>
   </div>
   <div class='ocr_carea' id='block_1_11' title="bbox 100 1368 1821 1452">
    <p class='ocr_par' dir='ltr' id='par_1_11' title="bbox 100 1368 1821 1452">
     <span class='ocr_line' id='line_1_14' title="bbox 100 1368 1821 1452; baseline -0.005 -20"><span class='ocrx_word' id='word_1_173' title='bbox 100 1375 353 1452; x_wconf 78' lang='lat' dir='ltr'><strong>eamquebeatus</strong></span> <span class='ocrx_word' id='word_1_174' title='bbox 369 1374 513 1449; x_wconf 84' lang='lat' dir='ltr'><strong>pontifex,</strong></span> <span class='ocrx_word' id='word_1_175' title='bbox 527 1375 559 1431; x_wconf 93' lang='lat' dir='ltr'><strong>in</strong></span> <span class='ocrx_word' id='word_1_176' title='bbox 573 1377 699 1432; x_wconf 91' lang='lat' dir='ltr'><strong>tractatu</strong></span> <span class='ocrx_word' id='word_1_177' title='bbox 724 1375 766 1430; x_wconf 89' lang='lat' dir='ltr'><strong>Be</strong></span> <span class='ocrx_word' id='word_1_178' title='bbox 784 1368 896 1426; x_wconf 93' lang='lat' dir='ltr'><strong>diluvio</strong></span> <span class='ocrx_word' id='word_1_179' title='bbox 909 1371 938 1424; x_wconf 92' lang='lat' dir='ltr'><strong>et</strong></span> <span class='ocrx_word' id='word_1_180' title='bbox 990 1368 1158 1426; x_wconf 87' lang='lat' dir='ltr'><strong>nachorem</strong></span> <span class='ocrx_word' id='word_1_181' title='bbox 1187 1373 1308 1425; x_wconf 89' lang='lat' dir='ltr'><strong>sanctus</strong></span> <span class='ocrx_word' id='word_1_182' title='bbox 1331 1369 1517 1436; x_wconf 67' lang='lat' dir='ltr'><strong>Benedictus</strong></span> <span class='ocrx_word' id='word_1_183' title='bbox 1545 1371 1666 1425; x_wconf 89' lang='lat' dir='ltr'><strong>sanctus</strong></span> <span class='ocrx_word' id='word_1_184' title='bbox 1699 1381 1821 1440; x_wconf 87' lang='lat' dir='ltr'><strong>queque</strong></span> 
     </span>
    </p>
   </div>
   <div class='ocr_carea' id='block_1_12' title="bbox 14 1453 1823 2430">
    <p class='ocr_par' dir='ltr' id='par_1_12' title="bbox 15 1453 1823 1895">
     <span class='ocr_line' id='line_1_15' title="bbox 16 1453 1822 1534; baseline -0.007 -11"><span class='ocrx_word' id='word_1_185' title='bbox 16 1493 18 1508; x_wconf 39' lang='lat' dir='ltr'><strong>a</strong></span> <span class='ocrx_word' id='word_1_186' title='bbox 102 1481 174 1522; x_wconf 89' lang='lat' dir='ltr'><strong>area</strong></span> <span class='ocrx_word' id='word_1_187' title='bbox 187 1469 256 1534; x_wconf 79' lang='lat' dir='ltr'><strong>Nee,</strong></span> <span class='ocrx_word' id='word_1_188' title='bbox 272 1465 392 1524; x_wconf 87' lang='lat' dir='ltr'><strong>habitus</strong></span> <span class='ocrx_word' id='word_1_189' title='bbox 407 1466 464 1523; x_wconf 90' lang='lat' dir='ltr'><strong>hoo</strong></span> <span class='ocrx_word' id='word_1_190' title='bbox 488 1464 581 1520; x_wconf 92' lang='lat' dir='ltr'><strong>modo</strong></span> <span class='ocrx_word' id='word_1_191' title='bbox 597 1461 802 1532; x_wconf 82' lang='lat' dir='ltr'><strong>arrogantium</strong></span> <span class='ocrx_word' id='word_1_192' title='bbox 822 1456 937 1514; x_wconf 86' lang='lat' dir='ltr'><strong>curavit</strong></span> <span class='ocrx_word' id='word_1_193' title='bbox 991 1458 1142 1528; x_wconf 81' lang='lat' dir='ltr'><strong>Martinus,</strong></span> <span class='ocrx_word' id='word_1_194' title='bbox 1155 1463 1276 1520; x_wconf 88' lang='lat' dir='ltr'><strong>sanetus</strong></span> <span class='ocrx_word' id='word_1_195' title='bbox 1289 1475 1344 1514; x_wconf 91' lang='lat' dir='ltr'><strong>nec</strong></span> <span class='ocrx_word' id='word_1_196' title='bbox 1359 1475 1397 1516; x_wconf 91' lang='lat' dir='ltr'><strong>ne</strong></span> <span class='ocrx_word' id='word_1_197' title='bbox 1410 1459 1544 1516; x_wconf 76' lang='lat' dir='ltr'><strong>anianus</strong></span> <span class='ocrx_word' id='word_1_198' title='bbox 1559 1460 1650 1530; x_wconf 87' lang='lat' dir='ltr'><strong>etque</strong></span> <span class='ocrx_word' id='word_1_199' title='bbox 1672 1453 1822 1511; x_wconf 89' lang='lat' dir='ltr'><strong>victoriosi</strong></span> 
     </span>
     <span class='ocr_line' id='line_1_16' title="bbox 16 1542 1822 1628; baseline -0.008 -15"><span class='ocrx_word' id='word_1_200' title='bbox 16 1569 18 1602; x_wconf 58' lang='grc' dir='ltr'><strong>ι</strong></span> <span class='ocrx_word' id='word_1_201' title='bbox 103 1555 343 1626; x_wconf 87' lang='lat' dir='ltr'><strong>edicere,scilicet</strong></span> <span class='ocrx_word' id='word_1_202' title='bbox 356 1554 461 1628; x_wconf 92' lang='lat' dir='ltr'><strong>quales</strong></span> <span class='ocrx_word' id='word_1_203' title='bbox 475 1552 713 1610; x_wconf 58' lang='lat' dir='ltr'><strong>abscribittsaias</strong></span> <span class='ocrx_word' id='word_1_204' title='bbox 727 1549 836 1606; x_wconf 71' lang='lat' dir='ltr'><strong>iudaeae</strong></span> <span class='ocrx_word' id='word_1_205' title='bbox 846 1547 935 1617; x_wconf 87' lang='lat' dir='ltr'><strong>tilius,</strong></span> <span class='ocrx_word' id='word_1_206' title='bbox 990 1551 1138 1618; x_wconf 88' lang='lat' dir='ltr'><strong>martyres</strong></span> <span class='ocrx_word' id='word_1_207' title='bbox 1153 1547 1260 1604; x_wconf 90' lang='lat' dir='ltr'><strong>Christi</strong></span> <span class='ocrx_word' id='word_1_208' title='bbox 1272 1549 1425 1606; x_wconf 90' lang='lat' dir='ltr'><strong>Cornelius</strong></span> <span class='ocrx_word' id='word_1_209' title='bbox 1441 1553 1470 1608; x_wconf 87' lang='lat' dir='ltr'><strong>et</strong></span> <span class='ocrx_word' id='word_1_210' title='bbox 1494 1547 1661 1624; x_wconf 89' lang='lat' dir='ltr'><strong>Cyprianus</strong></span> <span class='ocrx_word' id='word_1_211' title='bbox 1674 1562 1680 1614; x_wconf 90' lang='lat'>;</span> <span class='ocrx_word' id='word_1_212' title='bbox 1701 1542 1822 1617; x_wconf 87' lang='lat' dir='ltr'><strong>optatis·</strong></span> 
     </span>
     <span class='ocr_line' id='line_1_17' title="bbox 15 1631 1823 1710; baseline -0.006 -6"><span class='ocrx_word' id='word_1_213' title='bbox 15 1683 17 1694; x_wconf 76' lang='lat'><strong>.</strong></span> <span class='ocrx_word' id='word_1_214' title='bbox 103 1645 262 1704; x_wconf 88' lang='lat' dir='ltr'><strong>oculorum</strong></span> <span class='ocrx_word' id='word_1_215' title='bbox 277 1645 424 1702; x_wconf 88' lang='lat' dir='ltr'><strong>micantes</strong></span> <span class='ocrx_word' id='word_1_216' title='bbox 446 1643 569 1700; x_wconf 90' lang='lat' dir='ltr'><strong>nutibus</strong></span> <span class='ocrx_word' id='word_1_217' title='bbox 583 1647 612 1700; x_wconf 92' lang='lat' dir='ltr'><strong>et</strong></span> <span class='ocrx_word' id='word_1_218' title='bbox 626 1643 686 1700; x_wconf 88' lang='lat' dir='ltr'><strong>alta</strong></span> <span class='ocrx_word' id='word_1_219' title='bbox 700 1658 731 1698; x_wconf 89' lang='lat' dir='ltr'><strong>se</strong></span> <span class='ocrx_word' id='word_1_220' title='bbox 744 1639 857 1698; x_wconf 86' lang='lat' dir='ltr'><strong>cervice</strong></span> <span class='ocrx_word' id='word_1_221' title='bbox 875 1639 937 1710; x_wconf 90' lang='lat' dir='ltr'><strong>jac·</strong></span> <span class='ocrx_word' id='word_1_222' title='bbox 951 1650 972 1709; x_wconf 75' lang='lat' dir='ltr'>fl</span> <span class='ocrx_word' id='word_1_223' title='bbox 991 1636 1086 1692; x_wconf 88' lang='lat' dir='ltr'><strong>simus</strong></span> <span class='ocrx_word' id='word_1_224' title='bbox 1098 1652 1168 1694; x_wconf 88' lang='lat' dir='ltr'><strong>vero</strong></span> <span class='ocrx_word' id='word_1_225' title='bbox 1183 1636 1330 1707; x_wconf 88' lang='lat' dir='ltr'><strong>gloriosus</strong></span> <span class='ocrx_word' id='word_1_226' title='bbox 1344 1641 1459 1710; x_wconf 84' lang='lat' dir='ltr'><strong>martyr</strong></span> <span class='ocrx_word' id='word_1_227' title='bbox 1482 1636 1641 1708; x_wconf 85' lang='lat' dir='ltr'><strong>Dionysius</strong></span> <span class='ocrx_word' id='word_1_228' title='bbox 1663 1649 1697 1690; x_wconf 91' lang='lat' dir='ltr'><strong>ae</strong></span> <span class='ocrx_word' id='word_1_229' title='bbox 1710 1631 1823 1704; x_wconf 80' lang='lat' dir='ltr'><strong>inclyta</strong></span> 
     </span>
     <span class='ocr_line' id='line_1_18' title="bbox 15 1721 1822 1806; baseline -0.008 -11"><span class='ocrx_word' id='word_1_230' title='bbox 15 1749 17 1756; x_wconf 87' lang='lat'>&#39;</span> <span class='ocrx_word' id='word_1_231' title='bbox 103 1739 210 1794; x_wconf 83' lang='lat' dir='ltr'><strong>tentes.</strong></span> <span class='ocrx_word' id='word_1_232' title='bbox 236 1737 311 1792; x_wconf 93' lang='lat' dir='ltr'><strong>Sunt</strong></span> <span class='ocrx_word' id='word_1_233' title='bbox 324 1733 406 1792; x_wconf 91' lang='lat' dir='ltr'><strong>enim</strong></span> <span class='ocrx_word' id='word_1_234' title='bbox 418 1733 593 1806; x_wconf 89' lang='lat' dir='ltr'><strong>hujusmodi</strong></span> <span class='ocrx_word' id='word_1_235' title='bbox 607 1733 753 1802; x_wconf 82' lang='lat' dir='ltr'><strong>erigentes</strong></span> <span class='ocrx_word' id='word_1_236' title='bbox 767 1729 935 1804; x_wconf 89' lang='lat' dir='ltr'><strong>supercilia,</strong></span> <span class='ocrx_word' id='word_1_237' title='bbox 990 1726 1074 1798; x_wconf 90' lang='lat' dir='ltr'><strong>virgo</strong></span> <span class='ocrx_word' id='word_1_238' title='bbox 1086 1725 1175 1784; x_wconf 90' lang='lat' dir='ltr'><strong>beata</strong></span> <span class='ocrx_word' id='word_1_239' title='bbox 1199 1725 1359 1796; x_wconf 78' lang='lat' dir='ltr'><strong>Beneveia,</strong></span> <span class='ocrx_word' id='word_1_240' title='bbox 1380 1730 1481 1784; x_wconf 87' lang='lat' dir='ltr'><strong>Fertur</strong></span> <span class='ocrx_word' id='word_1_241' title='bbox 1506 1731 1607 1786; x_wconf 90' lang='lat' dir='ltr'><strong>autem</strong></span> <span class='ocrx_word' id='word_1_242' title='bbox 1630 1721 1743 1780; x_wconf 78' lang='lat' dir='ltr'><strong>dixisse</strong></span> <span class='ocrx_word' id='word_1_243' title='bbox 1759 1737 1822 1780; x_wconf 73' lang='lat' dir='ltr'><strong>me</strong></span> 
     </span>
     <span class='ocr_line' id='line_1_19' title="bbox 15 1814 1300 1895; baseline -0.009 -12"><span class='ocrx_word' id='word_1_244' title='bbox 15 1855 17 1874; x_wconf 68' lang='lat' dir='ltr'><strong>s</strong></span> <span class='ocrx_word' id='word_1_245' title='bbox 101 1824 207 1882; x_wconf 88' lang='lat' dir='ltr'><strong>inflato</strong></span> <span class='ocrx_word' id='word_1_246' title='bbox 222 1822 324 1894; x_wconf 86' lang='lat' dir='ltr'><strong>corde,</strong></span> <span class='ocrx_word' id='word_1_247' title='bbox 348 1822 427 1879; x_wconf 87' lang='lat' dir='ltr'><strong>elato</strong></span> <span class='ocrx_word' id='word_1_248' title='bbox 441 1827 570 1895; x_wconf 88' lang='lat' dir='ltr'><strong>pectore,</strong></span> <span class='ocrx_word' id='word_1_249' title='bbox 582 1821 694 1878; x_wconf 90' lang='lat' dir='ltr'><strong>cervice</strong></span> <span class='ocrx_word' id='word_1_250' title='bbox 716 1820 868 1892; x_wconf 86' lang='lat' dir='ltr'><strong>resupina,</strong></span> <span class='ocrx_word' id='word_1_251' title='bbox 884 1817 936 1892; x_wconf 91' lang='lat' dir='ltr'><strong>qui</strong></span> <span class='ocrx_word' id='word_1_252' title='bbox 990 1815 1069 1874; x_wconf 89' lang='lat' dir='ltr'><strong>riens</strong></span> <span class='ocrx_word' id='word_1_253' title='bbox 1080 1814 1180 1871; x_wconf 90' lang='lat' dir='ltr'><strong>bonus</strong></span> <span class='ocrx_word' id='word_1_254' title='bbox 1193 1817 1278 1872; x_wconf 86' lang='lat' dir='ltr'><strong>Pater</strong></span> <span class='ocrx_word' id='word_1_255' title='bbox 1294 1835 1300 1872; x_wconf 92' lang='lat'>:</span> 
     </span>
    </p>

    <p class='ocr_par' dir='ltr' id='par_1_13' title="bbox 14 1899 1822 2430">
     <span class='ocr_line' id='line_1_20' title="bbox 15 1899 1822 1986; baseline -0.006 -20"><span class='ocrx_word' id='word_1_256' title='bbox 15 1929 17 1950; x_wconf 76' lang='lat'><strong>¹</strong></span> <span class='ocrx_word' id='word_1_257' title='bbox 104 1912 206 1978; x_wconf 87' lang='lat' dir='ltr'><strong>solum</strong></span> <span class='ocrx_word' id='word_1_258' title='bbox 220 1912 346 1986; x_wconf 91' lang='lat' dir='ltr'><strong>quidem</strong></span> <span class='ocrx_word' id='word_1_259' title='bbox 360 1911 473 1984; x_wconf 89' lang='lat' dir='ltr'><strong>pedum</strong></span> <span class='ocrx_word' id='word_1_260' title='bbox 484 1911 695 1984; x_wconf 74' lang='lat' dir='ltr'><strong>praestringant</strong></span> <span class='ocrx_word' id='word_1_261' title='bbox 717 1909 858 1979; x_wconf 83' lang='lat' dir='ltr'><strong>vestigiis,</strong></span> <span class='ocrx_word' id='word_1_262' title='bbox 876 1913 936 1964; x_wconf 92' lang='lat' dir='ltr'><strong>toto</strong></span> <span class='ocrx_word' id='word_1_263' title='bbox 1026 1927 1039 1952; x_wconf 76' lang='lat' dir='ltr'><strong>r</strong></span> <span class='ocrx_word' id='word_1_264' title='bbox 1053 1906 1074 1962; x_wconf 92' lang='lat'>0</span> <span class='ocrx_word' id='word_1_265' title='bbox 1086 1904 1198 1978; x_wconf 91' lang='lat' dir='ltr'><strong>optime</strong></span> <span class='ocrx_word' id='word_1_266' title='bbox 1212 1903 1264 1974; x_wconf 86' lang='lat' dir='ltr'><strong>fili,</strong></span> <span class='ocrx_word' id='word_1_267' title='bbox 1275 1921 1330 1978; x_wconf 90' lang='lat' dir='ltr'><strong>per</strong></span> <span class='ocrx_word' id='word_1_268' title='bbox 1340 1907 1475 1962; x_wconf 88' lang='lat' dir='ltr'><strong>sanctam</strong></span> <span class='ocrx_word' id='word_1_269' title='bbox 1489 1906 1518 1961; x_wconf 91' lang='lat' dir='ltr'><strong>et</strong></span> <span class='ocrx_word' id='word_1_270' title='bbox 1532 1902 1721 1960; x_wconf 86' lang='lat' dir='ltr'><strong>individuam</strong></span> <span class='ocrx_word' id='word_1_271' title='bbox 1728 1899 1822 1960; x_wconf 87' lang='lat' dir='ltr'><strong>Trini-</strong></span> 
     </span>
     <span class='ocr_line' id='line_1_21' title="bbox 15 1993 1821 2074; baseline -0.002 -22"><span class='ocrx_word' id='word_1_272' title='bbox 15 2023 19 2052; x_wconf 74' lang='grc' dir='ltr'>ι</span> <span class='ocrx_word' id='word_1_273' title='bbox 105 2005 208 2059; x_wconf 89' lang='lat' dir='ltr'><strong>autem</strong></span> <span class='ocrx_word' id='word_1_274' title='bbox 225 2016 257 2056; x_wconf 91' lang='lat' dir='ltr'><strong>se</strong></span> <span class='ocrx_word' id='word_1_275' title='bbox 268 2000 510 2072; x_wconf 89' lang='lat' dir='ltr'><strong>librantcorpore</strong></span> <span class='ocrx_word' id='word_1_276' title='bbox 525 2004 553 2055; x_wconf 92' lang='lat' dir='ltr'><strong>et</strong></span> <span class='ocrx_word' id='word_1_277' title='bbox 563 1998 644 2056; x_wconf 90' lang='lat' dir='ltr'><strong>inani</strong></span> <span class='ocrx_word' id='word_1_278' title='bbox 659 1997 848 2074; x_wconf 90' lang='lat' dir='ltr'><strong>suspendunt</strong></span> <span class='ocrx_word' id='word_1_279' title='bbox 858 2001 936 2052; x_wconf 85' lang='lat' dir='ltr'><strong>tena·</strong></span> <span class='ocrx_word' id='word_1_280' title='bbox 992 1999 1081 2052; x_wconf 88' lang='lat' dir='ltr'><strong>tatem</strong></span> <span class='ocrx_word' id='word_1_281' title='bbox 1096 2001 1122 2052; x_wconf 89' lang='lat' dir='ltr'><strong>te</strong></span> <span class='ocrx_word' id='word_1_282' title='bbox 1133 1995 1274 2065; x_wconf 87' lang='lat' dir='ltr'><strong>obtestor,</strong></span> <span class='ocrx_word' id='word_1_283' title='bbox 1291 1995 1466 2069; x_wconf 89' lang='lat' dir='ltr'><strong>nequando</strong></span> <span class='ocrx_word' id='word_1_284' title='bbox 1480 1993 1758 2067; x_wconf 88' lang='lat' dir='ltr'><strong>animussubripiat</strong></span> <span class='ocrx_word' id='word_1_285' title='bbox 1772 2007 1821 2050; x_wconf 88' lang='lat' dir='ltr'><strong>ae·</strong></span> 
     </span>
     <span class='ocr_line' id='line_1_22' title="bbox 14 2080 1820 2162; baseline -0.003 -20"><span class='ocrx_word' id='word_1_286' title='bbox 14 2135 16 2142; x_wconf 68' lang='lat'><strong>.</strong></span> <span class='ocrx_word' id='word_1_287' title='bbox 104 2089 195 2146; x_wconf 93' lang='lat' dir='ltr'><strong>mine.</strong></span> <span class='ocrx_word' id='word_1_288' title='bbox 213 2093 245 2146; x_wconf 91' lang='lat' dir='ltr'><strong>tn</strong></span> <span class='ocrx_word' id='word_1_289' title='bbox 274 2090 376 2162; x_wconf 88' lang='lat' dir='ltr'><strong>priore</strong></span> <span class='ocrx_word' id='word_1_290' title='bbox 401 2103 506 2160; x_wconf 88' lang='lat' dir='ltr'><strong>gressu</strong></span> <span class='ocrx_word' id='word_1_291' title='bbox 528 2088 687 2162; x_wconf 87' lang='lat' dir='ltr'><strong>prodeunt,</strong></span> <span class='ocrx_word' id='word_1_292' title='bbox 715 2087 747 2142; x_wconf 90' lang='lat' dir='ltr'><strong>in</strong></span> <span class='ocrx_word' id='word_1_293' title='bbox 771 2085 936 2158; x_wconf 88' lang='lat' dir='ltr'><strong>posteriora</strong></span> <span class='ocrx_word' id='word_1_294' title='bbox 989 2086 1143 2158; x_wconf 88' lang='lat' dir='ltr'><strong>quiescere</strong></span> <span class='ocrx_word' id='word_1_295' title='bbox 1157 2085 1287 2142; x_wconf 88' lang='lat' dir='ltr'><strong>consiliis</strong></span> <span class='ocrx_word' id='word_1_296' title='bbox 1301 2085 1502 2153; x_wconf 83' lang='lat' dir='ltr'><strong>edrrlantium,</strong></span> <span class='ocrx_word' id='word_1_297' title='bbox 1517 2083 1562 2142; x_wconf 89' lang='lat' dir='ltr'><strong>vel</strong></span> <span class='ocrx_word' id='word_1_298' title='bbox 1577 2083 1756 2142; x_wconf 90' lang='lat' dir='ltr'><strong>muneribus</strong></span> <span class='ocrx_word' id='word_1_299' title='bbox 1765 2080 1820 2138; x_wconf 92' lang='lat' dir='ltr'><strong>do·</strong></span> 
     </span>
     <span class='ocr_line' id='line_1_23' title="bbox 14 2173 1821 2249; baseline 0.002 -23"><span class='ocrx_word' id='word_1_300' title='bbox 14 2201 16 2226; x_wconf 72' lang='grc' dir='ltr'>ι</span> <span class='ocrx_word' id='word_1_301' title='bbox 102 2174 244 2232; x_wconf 90' lang='lat' dir='ltr'><strong>verticem</strong></span> <span class='ocrx_word' id='word_1_302' title='bbox 256 2175 443 2242; x_wconf 84' lang='lat' dir='ltr'><strong>reclinantes,</strong></span> <span class='ocrx_word' id='word_1_303' title='bbox 460 2173 569 2230; x_wconf 89' lang='lat' dir='ltr'><strong>eoelum</strong></span> <span class='ocrx_word' id='word_1_304' title='bbox 585 2177 721 2248; x_wconf 85' lang='lat' dir='ltr'><strong>spectant</strong></span> <span class='ocrx_word' id='word_1_305' title='bbox 737 2178 865 2232; x_wconf 88' lang='lat' dir='ltr'><strong>:terram</strong></span> <span class='ocrx_word' id='word_1_306' title='bbox 881 2190 935 2233; x_wconf 93' lang='lat' dir='ltr'><strong>au·</strong></span> <span class='ocrx_word' id='word_1_307' title='bbox 989 2179 1098 2249; x_wconf 88' lang='lat' dir='ltr'><strong>nisque</strong></span> <span class='ocrx_word' id='word_1_308' title='bbox 1109 2176 1264 2237; x_wconf 82' lang='lat' dir='ltr'><strong>venenatis</strong></span> <span class='ocrx_word' id='word_1_309' title='bbox 1275 2179 1303 2232; x_wconf 90' lang='lat' dir='ltr'><strong>te</strong></span> <span class='ocrx_word' id='word_1_310' title='bbox 1323 2177 1362 2236; x_wconf 87' lang='lat' dir='ltr'><strong>ad</strong></span> <span class='ocrx_word' id='word_1_311' title='bbox 1372 2180 1442 2234; x_wconf 92' lang='lat' dir='ltr'><strong>vota</strong></span> <span class='ocrx_word' id='word_1_312' title='bbox 1456 2192 1512 2232; x_wconf 89' lang='lat' dir='ltr'><strong>sua</strong></span> <span class='ocrx_word' id='word_1_313' title='bbox 1526 2173 1660 2246; x_wconf 89' lang='lat' dir='ltr'><strong>maligna</strong></span> <span class='ocrx_word' id='word_1_314' title='bbox 1670 2173 1821 2232; x_wconf 87' lang='lat' dir='ltr'><strong>adducere</strong></span> 
     </span>
     <span class='ocr_line' id='line_1_24' title="bbox 14 2261 1822 2338; baseline 0.001 -22"><span class='ocrx_word' id='word_1_315' title='bbox 14 2303 15 2310; x_wconf 71' lang='lat'><strong>.</strong></span> <span class='ocrx_word' id='word_1_316' title='bbox 99 2265 161 2318; x_wconf 90' lang='lat' dir='ltr'><strong>tem</strong></span> <span class='ocrx_word' id='word_1_317' title='bbox 174 2261 340 2331; x_wconf 79' lang='lat' dir='ltr'><strong>fastidiunt,</strong></span> <span class='ocrx_word' id='word_1_318' title='bbox 356 2267 502 2336; x_wconf 81' lang='lat' dir='ltr'><strong>tanquam</strong></span> <span class='ocrx_word' id='word_1_319' title='bbox 514 2262 635 2318; x_wconf 88' lang='lat' dir='ltr'><strong>cervicis</strong></span> <span class='ocrx_word' id='word_1_320' title='bbox 658 2262 762 2320; x_wconf 87' lang='lat' dir='ltr'><strong>dolore</strong></span> <span class='ocrx_word' id='word_1_321' title='bbox 775 2261 885 2334; x_wconf 81' lang='lat' dir='ltr'><strong>suffiri,</strong></span> <span class='ocrx_word' id='word_1_322' title='bbox 904 2267 937 2319; x_wconf 92' lang='lat' dir='ltr'><strong>ut</strong></span> <span class='ocrx_word' id='word_1_323' title='bbox 990 2265 1173 2338; x_wconf 82' lang='lat' dir='ltr'><strong>cupientium</strong></span> <span class='ocrx_word' id='word_1_324' title='bbox 1183 2281 1219 2327; x_wconf 80' lang='lat' dir='ltr'><strong>ex</strong></span> <span class='ocrx_word' id='word_1_325' title='bbox 1230 2265 1277 2327; x_wconf 88' lang='lat' dir='ltr'><strong>bis</strong></span> <span class='ocrx_word' id='word_1_326' title='bbox 1289 2264 1417 2330; x_wconf 83' lang='lat' dir='ltr'><strong>abbatiis</strong></span> <span class='ocrx_word' id='word_1_327' title='bbox 1428 2281 1497 2338; x_wconf 80' lang='lat' dir='ltr'><strong>quse</strong></span> <span class='ocrx_word' id='word_1_328' title='bbox 1513 2263 1566 2320; x_wconf 91' lang='lat' dir='ltr'><strong>tibi</strong></span> <span class='ocrx_word' id='word_1_329' title='bbox 1577 2265 1749 2338; x_wconf 88' lang='lat' dir='ltr'><strong>postBeum</strong></span> <span class='ocrx_word' id='word_1_330' title='bbox 1757 2277 1822 2336; x_wconf 90' lang='lat' dir='ltr'><strong>per-</strong></span> 
     </span>
     <span class='ocr_line' id='line_1_25' title="bbox 14 2349 1821 2430; baseline 0.001 -25"><span class='ocrx_word' id='word_1_331' title='bbox 14 2387 15 2392; x_wconf 45' lang='lat'><strong>.</strong></span> <span class='ocrx_word' id='word_1_332' title='bbox 98 2366 169 2406; x_wconf 86' lang='lat' dir='ltr'><strong>earn</strong></span> <span class='ocrx_word' id='word_1_333' title='bbox 182 2349 326 2410; x_wconf 87' lang='lat' dir='ltr'><strong>inclinare</strong></span> <span class='ocrx_word' id='word_1_334' title='bbox 341 2366 402 2406; x_wconf 91' lang='lat' dir='ltr'><strong>non</strong></span> <span class='ocrx_word' id='word_1_335' title='bbox 418 2351 544 2422; x_wconf 86' lang='lat' dir='ltr'><strong>possint.</strong></span> <span class='ocrx_word' id='word_1_336' title='bbox 563 2354 620 2408; x_wconf 87' lang='lat' dir='ltr'><strong>llos</strong></span> <span class='ocrx_word' id='word_1_337' title='bbox 636 2352 725 2422; x_wconf 86' lang='lat' dir='ltr'><strong>igitur</strong></span> <span class='ocrx_word' id='word_1_338' title='bbox 737 2350 846 2409; x_wconf 90' lang='lat' dir='ltr'><strong>delevit</strong></span> <span class='ocrx_word' id='word_1_339' title='bbox 858 2355 936 2410; x_wconf 86' lang='lat' dir='ltr'><strong>Beue</strong></span> <span class='ocrx_word' id='word_1_340' title='bbox 990 2355 1146 2428; x_wconf 87' lang='lat' dir='ltr'><strong>petualitcr</strong></span> <span class='ocrx_word' id='word_1_341' title='bbox 1159 2355 1265 2430; x_wconf 83' lang='lat' dir='ltr'><strong>delego</strong></span> <span class='ocrx_word' id='word_1_342' title='bbox 1278 2373 1286 2422; x_wconf 75' lang='lat' dir='ltr'><strong>i</strong></span> <span class='ocrx_word' id='word_1_343' title='bbox 1300 2370 1374 2412; x_wconf 90' lang='lat' dir='ltr'><strong>neve</strong></span> <span class='ocrx_word' id='word_1_344' title='bbox 1389 2353 1483 2410; x_wconf 90' lang='lat' dir='ltr'><strong>animi</strong></span> <span class='ocrx_word' id='word_1_345' title='bbox 1497 2352 1615 2410; x_wconf 90' lang='lat' dir='ltr'><strong>levitate</strong></span> <span class='ocrx_word' id='word_1_346' title='bbox 1625 2353 1733 2412; x_wconf 83' lang='lat' dir='ltr'><strong>ductus</strong></span> <span class='ocrx_word' id='word_1_347' title='bbox 1745 2366 1821 2426; x_wconf 89' lang='lat' dir='ltr'><strong>quo-</strong></span> 
     </span>
    </p>
   </div>
   <div class='ocr_carea' id='block_1_13' title="bbox 95 2437 1824 4660">
    <p class='ocr_par' dir='ltr' id='par_1_14' title="bbox 95 2437 1824 4660">
     <span class='ocr_line' id='line_1_26' title="bbox 98 2437 1822 2515; baseline 0.001 -19"><span class='ocrx_word' id='word_1_348' title='bbox 98 2437 138 2506; x_wconf 82' lang='lat' dir='ltr'><strong>de</strong></span> <span class='ocrx_word' id='word_1_349' title='bbox 153 2438 229 2496; x_wconf 91' lang='lat' dir='ltr'><strong>libro</strong></span> <span class='ocrx_word' id='word_1_350' title='bbox 258 2441 337 2510; x_wconf 86' lang='lat' dir='ltr'><strong>vitae,</strong></span> <span class='ocrx_word' id='word_1_351' title='bbox 353 2440 458 2498; x_wconf 89' lang='lat' dir='ltr'><strong>dicens</strong></span> <span class='ocrx_word' id='word_1_352' title='bbox 475 2459 482 2498; x_wconf 86' lang='lat'>:</span> <span class='ocrx_word' id='word_1_353' title='bbox 500 2441 601 2498; x_wconf 86' lang='lat' dir='ltr'><strong>Omnis</strong></span> <span class='ocrx_word' id='word_1_354' title='bbox 616 2443 667 2514; x_wconf 86' lang='lat' dir='ltr'><strong>qui</strong></span> <span class='ocrx_word' id='word_1_355' title='bbox 688 2457 721 2498; x_wconf 88' lang='lat' dir='ltr'><strong>se</strong></span> <span class='ocrx_word' id='word_1_356' title='bbox 740 2443 867 2508; x_wconf 76' lang='lat' dir='ltr'><strong>cantior,</strong></span> <span class='ocrx_word' id='word_1_357' title='bbox 884 2443 937 2496; x_wconf 84' lang='lat' dir='ltr'><strong>tru-</strong></span> <span class='ocrx_word' id='word_1_358' title='bbox 989 2444 1061 2509; x_wconf 81' lang='lat' dir='ltr'><strong>lihet</strong></span> <span class='ocrx_word' id='word_1_359' title='bbox 1074 2444 1165 2506; x_wconf 88' lang='lat' dir='ltr'><strong>modo</strong></span> <span class='ocrx_word' id='word_1_360' title='bbox 1176 2443 1338 2513; x_wconf 79' lang='lat' dir='ltr'><strong>distrahas,</strong></span> <span class='ocrx_word' id='word_1_361' title='bbox 1353 2441 1477 2515; x_wconf 89' lang='lat' dir='ltr'><strong>diripias</strong></span> <span class='ocrx_word' id='word_1_362' title='bbox 1487 2441 1590 2502; x_wconf 87' lang='lat' dir='ltr'><strong>antire</strong></span> <span class='ocrx_word' id='word_1_363' title='bbox 1600 2441 1746 2502; x_wconf 83' lang='lat' dir='ltr'><strong>excitante</strong></span> <span class='ocrx_word' id='word_1_364' title='bbox 1760 2440 1822 2498; x_wconf 89' lang='lat' dir='ltr'><strong>dis·</strong></span> 
     </span>
     <span class='ocr_line' id='line_1_27' title="bbox 98 2528 1821 2614; baseline 0.001 -28"><span class='ocrx_word' id='word_1_365' title='bbox 98 2530 271 2590; x_wconf 84' lang='lat' dir='ltr'><strong>mr&#39;tiobr&#39;tur</strong></span> <span class='ocrx_word' id='word_1_366' title='bbox 283 2531 365 2603; x_wconf 85' lang='lat' dir='ltr'><strong>(Luc.</strong></span> <span class='ocrx_word' id='word_1_367' title='bbox 381 2547 441 2599; x_wconf 79' lang='lat' dir='ltr'><strong>niv,</strong></span> <span class='ocrx_word' id='word_1_368' title='bbox 458 2531 511 2604; x_wconf 86' lang='lat' dir='ltr'><strong>tt).</strong></span> <span class='ocrx_word' id='word_1_369' title='bbox 537 2535 595 2587; x_wconf 88' lang='lat' dir='ltr'><strong>Nec</strong></span> <span class='ocrx_word' id='word_1_370' title='bbox 605 2531 682 2587; x_wconf 87' lang='lat' dir='ltr'><strong>inter</strong></span> <span class='ocrx_word' id='word_1_371' title='bbox 696 2531 803 2587; x_wconf 90' lang='lat' dir='ltr'><strong>merita</strong></span> <span class='ocrx_word' id='word_1_372' title='bbox 818 2537 936 2588; x_wconf 89' lang='lat' dir='ltr'><strong>sancto·</strong></span> <span class='ocrx_word' id='word_1_373' title='bbox 991 2532 1080 2606; x_wconf 82' lang='lat' dir='ltr'><strong>sipes.</strong></span> <span class='ocrx_word' id='word_1_374' title='bbox 1093 2531 1345 2614; x_wconf 76' lang='lat' dir='ltr'><strong>Speeialitervero</strong></span> <span class='ocrx_word' id='word_1_375' title='bbox 1367 2530 1421 2587; x_wconf 90' lang='lat' dir='ltr'><strong>tibi</strong></span> <span class='ocrx_word' id='word_1_376' title='bbox 1433 2529 1551 2588; x_wconf 83' lang='lat' dir='ltr'><strong>incmco</strong></span> <span class='ocrx_word' id='word_1_377' title='bbox 1566 2529 1649 2587; x_wconf 89' lang='lat' dir='ltr'><strong>nullo</strong></span> <span class='ocrx_word' id='word_1_378' title='bbox 1662 2533 1750 2603; x_wconf 86' lang='lat' dir='ltr'><strong>pacto</strong></span> <span class='ocrx_word' id='word_1_379' title='bbox 1764 2528 1821 2589; x_wconf 90' lang='lat' dir='ltr'><strong>du·</strong></span> 
     </span>
     <span class='ocr_line' id='line_1_28' title="bbox 98 2617 1824 2692; baseline 0 -18"><span class='ocrx_word' id='word_1_380' title='bbox 98 2636 172 2678; x_wconf 91' lang='lat' dir='ltr'><strong>rum</strong></span> <span class='ocrx_word' id='word_1_381' title='bbox 188 2621 367 2678; x_wconf 90' lang='lat' dir='ltr'><strong>commentis</strong></span> <span class='ocrx_word' id='word_1_382' title='bbox 383 2621 448 2692; x_wconf 87' lang='lat' dir='ltr'><strong>[ol.,</strong></span> <span class='ocrx_word' id='word_1_383' title='bbox 469 2619 663 2684; x_wconf 89' lang='lat' dir='ltr'><strong>commeritis]</strong></span> <span class='ocrx_word' id='word_1_384' title='bbox 691 2619 762 2676; x_wconf 89' lang='lat' dir='ltr'><strong>iacit</strong></span> <span class='ocrx_word' id='word_1_385' title='bbox 785 2621 937 2678; x_wconf 82' lang='lat' dir='ltr'><strong>adhaerere</strong></span> <span class='ocrx_word' id='word_1_386' title='bbox 992 2637 1057 2687; x_wconf 88' lang='lat' dir='ltr'><strong>oem</strong></span> <span class='ocrx_word' id='word_1_387' title='bbox 1070 2620 1218 2690; x_wconf 82' lang='lat' dir='ltr'><strong>omnium,</strong></span> <span class='ocrx_word' id='word_1_388' title='bbox 1232 2622 1349 2678; x_wconf 84' lang='lat' dir='ltr'><strong>Patrem</strong></span> <span class='ocrx_word' id='word_1_389' title='bbox 1363 2619 1431 2676; x_wconf 90' lang='lat' dir='ltr'><strong>dice</strong></span> <span class='ocrx_word' id='word_1_390' title='bbox 1447 2617 1650 2686; x_wconf 86' lang='lat' dir='ltr'><strong>Benedictum,</strong></span> <span class='ocrx_word' id='word_1_391' title='bbox 1662 2622 1718 2674; x_wconf 89' lang='lat' dir='ltr'><strong>ate</strong></span> <span class='ocrx_word' id='word_1_392' title='bbox 1730 2617 1824 2692; x_wconf 88' lang='lat' dir='ltr'><strong>patia-</strong></span> 
     </span>
     <span class='ocr_line' id='line_1_29' title="bbox 98 2705 1824 2782; baseline -0.001 -16"><span class='ocrx_word' id='word_1_393' title='bbox 98 2708 286 2770; x_wconf 88' lang='lat' dir='ltr'><strong>eoelestibus.</strong></span> <span class='ocrx_word' id='word_1_394' title='bbox 305 2709 373 2766; x_wconf 78' lang='lat' dir='ltr'><strong>Haeo</strong></span> <span class='ocrx_word' id='word_1_395' title='bbox 392 2708 505 2764; x_wconf 88' lang='lat' dir='ltr'><strong>ideireo</strong></span> <span class='ocrx_word' id='word_1_396' title='bbox 524 2708 667 2776; x_wconf 89' lang='lat' dir='ltr'><strong>divimus,</strong></span> <span class='ocrx_word' id='word_1_397' title='bbox 695 2714 729 2765; x_wconf 92' lang='lat' dir='ltr'><strong>ut</strong></span> <span class='ocrx_word' id='word_1_398' title='bbox 755 2715 938 2779; x_wconf 84' lang='lat' dir='ltr'><strong>cognoscant</strong></span> <span class='ocrx_word' id='word_1_399' title='bbox 991 2709 1031 2769; x_wconf 91' lang='lat' dir='ltr'><strong>ris</strong></span> <span class='ocrx_word' id='word_1_400' title='bbox 1045 2709 1155 2782; x_wconf 90' lang='lat' dir='ltr'><strong>divelli,</strong></span> <span class='ocrx_word' id='word_1_401' title='bbox 1171 2709 1254 2767; x_wconf 89' lang='lat' dir='ltr'><strong>ilium</strong></span> <span class='ocrx_word' id='word_1_402' title='bbox 1270 2709 1353 2782; x_wconf 91' lang='lat' dir='ltr'><strong>apud</strong></span> <span class='ocrx_word' id='word_1_403' title='bbox 1363 2724 1557 2766; x_wconf 89' lang='lat' dir='ltr'><strong>communem</strong></span> <span class='ocrx_word' id='word_1_404' title='bbox 1571 2705 1705 2764; x_wconf 75' lang='lat' dir='ltr'><strong>iudicem</strong></span> <span class='ocrx_word' id='word_1_405' title='bbox 1720 2705 1824 2765; x_wconf 74' lang='lat' dir='ltr'><strong>salutis</strong></span> 
     </span>
     <span class='ocr_line' id='line_1_30' title="bbox 97 2793 1824 2876; baseline -0.001 -23"><span class='ocrx_word' id='word_1_406' title='bbox 97 2814 210 2856; x_wconf 90' lang='lat' dir='ltr'><strong>omnes</strong></span> <span class='ocrx_word' id='word_1_407' title='bbox 224 2799 292 2875; x_wconf 90' lang='lat' dir='ltr'><strong>quis</strong></span> <span class='ocrx_word' id='word_1_408' title='bbox 305 2797 336 2854; x_wconf 94' lang='lat' dir='ltr'><strong>in</strong></span> <span class='ocrx_word' id='word_1_409' title='bbox 350 2802 433 2855; x_wconf 90' lang='lat' dir='ltr'><strong>tanto</strong></span> <span class='ocrx_word' id='word_1_410' title='bbox 445 2800 627 2856; x_wconf 82' lang='lat' dir='ltr'><strong>Francorum</strong></span> <span class='ocrx_word' id='word_1_411' title='bbox 641 2797 820 2871; x_wconf 86' lang='lat' dir='ltr'><strong>imperatore</strong></span> <span class='ocrx_word' id='word_1_412' title='bbox 830 2799 938 2868; x_wconf 84' lang='lat' dir='ltr'><strong>mmrdi</strong></span> <span class='ocrx_word' id='word_1_413' title='bbox 991 2799 1117 2868; x_wconf 89' lang='lat' dir='ltr'><strong>aditum,</strong></span> <span class='ocrx_word' id='word_1_414' title='bbox 1134 2798 1354 2872; x_wconf 84' lang='lat' dir='ltr'><strong>tranquillitatis</strong></span> <span class='ocrx_word' id='word_1_415' title='bbox 1368 2802 1489 2876; x_wconf 90' lang='lat' dir='ltr'><strong>portum</strong></span> <span class='ocrx_word' id='word_1_416' title='bbox 1502 2802 1631 2872; x_wconf 88' lang='lat' dir='ltr'><strong>postque</strong></span> <span class='ocrx_word' id='word_1_417' title='bbox 1644 2795 1742 2854; x_wconf 90' lang='lat' dir='ltr'><strong>carnis</strong></span> <span class='ocrx_word' id='word_1_418' title='bbox 1758 2793 1824 2853; x_wconf 61' lang='lat' dir='ltr'><strong>obi«</strong></span> 
     </span>
     <span class='ocr_line' id='line_1_31' title="bbox 96 2886 1414 2962; baseline -0.002 -20"><span class='ocrx_word' id='word_1_419' title='bbox 96 2887 192 2947; x_wconf 88' lang='lat' dir='ltr'><strong>luerit</strong></span> <span class='ocrx_word' id='word_1_420' title='bbox 205 2887 375 2962; x_wconf 90' lang='lat' dir='ltr'><strong>despectus,</strong></span> <span class='ocrx_word' id='word_1_421' title='bbox 391 2887 443 2962; x_wconf 92' lang='lat' dir='ltr'><strong>qui</strong></span> <span class='ocrx_word' id='word_1_422' title='bbox 469 2886 635 2954; x_wconf 89' lang='lat' dir='ltr'><strong>humilitate</strong></span> <span class='ocrx_word' id='word_1_423' title='bbox 663 2892 766 2944; x_wconf 86' lang='lat' dir='ltr'><strong>saneta</strong></span> <span class='ocrx_word' id='word_1_424' title='bbox 792 2888 937 2956; x_wconf 84' lang='lat' dir='ltr'><strong>coelorum</strong></span> <span class='ocrx_word' id='word_1_425' title='bbox 991 2895 1057 2954; x_wconf 87' lang='lat' dir='ltr'><strong>tum</strong></span> <span class='ocrx_word' id='word_1_426' title='bbox 1072 2889 1237 2948; x_wconf 87' lang='lat' dir='ltr'><strong>securitatis</strong></span> <span class='ocrx_word' id='word_1_427' title='bbox 1251 2889 1381 2962; x_wconf 88' lang='lat' dir='ltr'><strong>asylum.</strong></span> <span class='ocrx_word' id='word_1_428' title='bbox 1399 2911 1414 2940; x_wconf 71' lang='lat' dir='ltr'><strong>a</strong></span> 
     </span>
     <span class='ocr_line' id='line_1_32' title="bbox 97 2973 1823 3072; baseline 0 -38"><span class='ocrx_word' id='word_1_429' title='bbox 97 2975 240 3050; x_wconf 89' lang='lat' dir='ltr'><strong>possedit</strong></span> <span class='ocrx_word' id='word_1_430' title='bbox 251 2992 355 3048; x_wconf 87' lang='lat' dir='ltr'><strong>regna.</strong></span> <span class='ocrx_word' id='word_1_431' title='bbox 956 3007 976 3072; x_wconf 65' lang='lat' dir='ltr'><strong>G</strong></span> <span class='ocrx_word' id='word_1_432' title='bbox 1027 2982 1098 3053; x_wconf 74' lang='lat' dir='ltr'><strong>Quae</strong></span> <span class='ocrx_word' id='word_1_433' title='bbox 1114 2983 1215 3038; x_wconf 71' lang='lat' dir='ltr'><strong>auum</strong></span> <span class='ocrx_word' id='word_1_434' title='bbox 1224 2979 1288 3035; x_wconf 78' lang='lat' dir='ltr'><strong>haee</strong></span> <span class='ocrx_word' id='word_1_435' title='bbox 1301 2977 1409 3036; x_wconf 88' lang='lat' dir='ltr'><strong>aneilla</strong></span> <span class='ocrx_word' id='word_1_436' title='bbox 1420 2977 1584 3050; x_wconf 85' lang='lat' dir='ltr'><strong>Bei,mater</strong></span> <span class='ocrx_word' id='word_1_437' title='bbox 1595 2973 1823 3052; x_wconf 86' lang='lat' dir='ltr'><strong>prudentissimi</strong></span> 
     </span>
     <span class='ocr_line' id='line_1_33' title="bbox 990 3066 1822 3142; baseline -0.004 -15"><span class='ocrx_word' id='word_1_438' title='bbox 990 3070 1069 3140; x_wconf 86' lang='lat' dir='ltr'><strong>regis</strong></span> <span class='ocrx_word' id='word_1_439' title='bbox 1083 3069 1223 3140; x_wconf 85' lang='lat' dir='ltr'><strong>lietberti,</strong></span> <span class='ocrx_word' id='word_1_440' title='bbox 1234 3085 1327 3142; x_wconf 90' lang='lat' dir='ltr'><strong>opera</strong></span> <span class='ocrx_word' id='word_1_441' title='bbox 1340 3068 1422 3126; x_wconf 89' lang='lat' dir='ltr'><strong>bona</strong></span> <span class='ocrx_word' id='word_1_442' title='bbox 1436 3067 1545 3134; x_wconf 86' lang='lat' dir='ltr'><strong>iecerit,</strong></span> <span class='ocrx_word' id='word_1_443' title='bbox 1561 3069 1666 3142; x_wconf 87' lang='lat' dir='ltr'><strong>paneis</strong></span> <span class='ocrx_word' id='word_1_444' title='bbox 1676 3066 1822 3126; x_wconf 86' lang='lat' dir='ltr'><strong>adnotare</strong></span> 
     </span>
     <span class='ocr_line' id='line_1_34' title="bbox 141 3153 1821 3232; baseline 0.001 -24"><span class='ocrx_word' id='word_1_445' title='bbox 141 3153 237 3225; x_wconf 87' lang='lat' dir='ltr'><strong>Hujus</strong></span> <span class='ocrx_word' id='word_1_446' title='bbox 248 3153 338 3226; x_wconf 87' lang='lat' dir='ltr'><strong>igitur</strong></span> <span class='ocrx_word' id='word_1_447' title='bbox 352 3153 455 3228; x_wconf 85' lang='lat' dir='ltr'><strong>inclyti</strong></span> <span class='ocrx_word' id='word_1_448' title='bbox 465 3154 545 3226; x_wconf 84' lang='lat' dir='ltr'><strong>regis</strong></span> <span class='ocrx_word' id='word_1_449' title='bbox 558 3170 632 3217; x_wconf 81' lang='lat' dir='ltr'><strong>avus</strong></span> <span class='ocrx_word' id='word_1_450' title='bbox 646 3157 742 3226; x_wconf 77' lang='lat' dir='ltr'><strong>nugo,</strong></span> <span class='ocrx_word' id='word_1_451' title='bbox 751 3169 806 3228; x_wconf 88' lang='lat' dir='ltr'><strong>pro</strong></span> <span class='ocrx_word' id='word_1_452' title='bbox 816 3155 935 3230; x_wconf 86' lang='lat' dir='ltr'><strong>pietate,</strong></span> <span class='ocrx_word' id='word_1_453' title='bbox 990 3158 1071 3218; x_wconf 88' lang='lat' dir='ltr'><strong>libet.</strong></span> <span class='ocrx_word' id='word_1_454' title='bbox 1099 3162 1165 3232; x_wconf 89' lang='lat' dir='ltr'><strong>lpse</strong></span> <span class='ocrx_word' id='word_1_455' title='bbox 1176 3157 1295 3230; x_wconf 85' lang='lat' dir='ltr'><strong>juvenis</strong></span> <span class='ocrx_word' id='word_1_456' title='bbox 1317 3156 1476 3216; x_wconf 86' lang='lat' dir='ltr'><strong>laborabat</strong></span> <span class='ocrx_word' id='word_1_457' title='bbox 1490 3156 1558 3214; x_wconf 90' lang='lat' dir='ltr'><strong>lorti</strong></span> <span class='ocrx_word' id='word_1_458' title='bbox 1571 3155 1743 3216; x_wconf 87' lang='lat' dir='ltr'><strong>infirmitate</strong></span> <span class='ocrx_word' id='word_1_459' title='bbox 1756 3169 1821 3210; x_wconf 85' lang='lat' dir='ltr'><strong>cor·</strong></span> 
     </span>
     <span class='ocr_line' id='line_1_35' title="bbox 96 3243 1821 3324; baseline 0 -24"><span class='ocrx_word' id='word_1_460' title='bbox 96 3244 252 3314; x_wconf 87' lang='lat' dir='ltr'><strong>bonitate,</strong></span> <span class='ocrx_word' id='word_1_461' title='bbox 266 3243 439 3302; x_wconf 84' lang='lat' dir='ltr'><strong>tortitudine</strong></span> <span class='ocrx_word' id='word_1_462' title='bbox 455 3248 578 3316; x_wconf 80' lang='lat' dir='ltr'><strong>ttagnus</strong></span> <span class='ocrx_word' id='word_1_463' title='bbox 593 3244 702 3312; x_wconf 88' lang='lat' dir='ltr'><strong>dictus,</strong></span> <span class='ocrx_word' id='word_1_464' title='bbox 719 3247 937 3303; x_wconf 88' lang='lat' dir='ltr'><strong>monasterinm</strong></span> <span class='ocrx_word' id='word_1_465' title='bbox 991 3249 1082 3324; x_wconf 87' lang='lat' dir='ltr'><strong>poris,</strong></span> <span class='ocrx_word' id='word_1_466' title='bbox 1098 3249 1136 3304; x_wconf 91' lang='lat' dir='ltr'><strong>de</strong></span> <span class='ocrx_word' id='word_1_467' title='bbox 1150 3264 1213 3322; x_wconf 89' lang='lat' dir='ltr'><strong>qua</strong></span> <span class='ocrx_word' id='word_1_468' title='bbox 1229 3251 1292 3304; x_wconf 90' lang='lat' dir='ltr'><strong>erat</strong></span> <span class='ocrx_word' id='word_1_469' title='bbox 1306 3245 1384 3320; x_wconf 84' lang='lat' dir='ltr'><strong>patri</strong></span> <span class='ocrx_word' id='word_1_470' title='bbox 1396 3249 1425 3302; x_wconf 91' lang='lat' dir='ltr'><strong>et</strong></span> <span class='ocrx_word' id='word_1_471' title='bbox 1437 3245 1525 3304; x_wconf 87' lang='lat' dir='ltr'><strong>matri</strong></span> <span class='ocrx_word' id='word_1_472' title='bbox 1539 3246 1571 3301; x_wconf 94' lang='lat' dir='ltr'><strong>in</strong></span> <span class='ocrx_word' id='word_1_473' title='bbox 1585 3246 1691 3303; x_wconf 88' lang='lat' dir='ltr'><strong>timore</strong></span> <span class='ocrx_word' id='word_1_474' title='bbox 1704 3243 1821 3316; x_wconf 85' lang='lat' dir='ltr'><strong>pericu-</strong></span> 
     </span>
     <span class='ocr_line' id='line_1_36' title="bbox 97 3331 1822 3410; baseline -0.002 -18"><span class='ocrx_word' id='word_1_475' title='bbox 97 3337 131 3392; x_wconf 90' lang='lat' dir='ltr'><strong>S.</strong></span> <span class='ocrx_word' id='word_1_476' title='bbox 147 3332 279 3405; x_wconf 86' lang='lat' dir='ltr'><strong>tttaglorii</strong></span> <span class='ocrx_word' id='word_1_477' title='bbox 293 3334 472 3390; x_wconf 86' lang='lat' dir='ltr'><strong>contessoris</strong></span> <span class='ocrx_word' id='word_1_478' title='bbox 492 3333 597 3392; x_wconf 86' lang='lat' dir='ltr'><strong>Christi</strong></span> <span class='ocrx_word' id='word_1_479' title='bbox 616 3333 779 3392; x_wconf 84' lang='lat' dir='ltr'><strong>incivitate</strong></span> <span class='ocrx_word' id='word_1_480' title='bbox 807 3333 937 3400; x_wconf 84' lang='lat' dir='ltr'><strong>Parisius</strong></span> <span class='ocrx_word' id='word_1_481' title='bbox 990 3337 1063 3394; x_wconf 92' lang='lat' dir='ltr'><strong>lum.</strong></span> <span class='ocrx_word' id='word_1_482' title='bbox 1080 3340 1207 3410; x_wconf 85' lang='lat' dir='ltr'><strong>Proque</strong></span> <span class='ocrx_word' id='word_1_483' title='bbox 1218 3334 1325 3392; x_wconf 89' lang='lat' dir='ltr'><strong>tecitin</strong></span> <span class='ocrx_word' id='word_1_484' title='bbox 1339 3333 1584 3392; x_wconf 89' lang='lat' dir='ltr'><strong>senioriecolesia</strong></span> <span class='ocrx_word' id='word_1_485' title='bbox 1598 3331 1822 3392; x_wconf 80' lang='lat' dir='ltr'><strong>Aurelianensis</strong></span> 
     </span>
     <span class='ocr_line' id='line_1_37' title="bbox 96 3420 1822 3500; baseline 0.003 -23"><span class='ocrx_word' id='word_1_486' title='bbox 96 3421 194 3478; x_wconf 89' lang='lat' dir='ltr'><strong>simul</strong></span> <span class='ocrx_word' id='word_1_487' title='bbox 211 3437 281 3478; x_wconf 92' lang='lat' dir='ltr'><strong>cum</strong></span> <span class='ocrx_word' id='word_1_488' title='bbox 303 3420 364 3479; x_wconf 89' lang='lat' dir='ltr'><strong>filio</strong></span> <span class='ocrx_word' id='word_1_489' title='bbox 393 3426 569 3479; x_wconf 90' lang='lat' dir='ltr'><strong>construens</strong></span> <span class='ocrx_word' id='word_1_490' title='bbox 595 3421 743 3490; x_wconf 91' lang='lat' dir='ltr'><strong>nobiliter,</strong></span> <span class='ocrx_word' id='word_1_491' title='bbox 769 3423 936 3481; x_wconf 89' lang='lat' dir='ltr'><strong>monachos</strong></span> <span class='ocrx_word' id='word_1_492' title='bbox 991 3427 1126 3498; x_wconf 92' lang='lat' dir='ltr'><strong>civitatis,</strong></span> <span class='ocrx_word' id='word_1_493' title='bbox 1141 3441 1236 3500; x_wconf 89' lang='lat' dir='ltr'><strong>quarn</strong></span> <span class='ocrx_word' id='word_1_494' title='bbox 1247 3429 1369 3482; x_wconf 91' lang='lat' dir='ltr'><strong>sanetus</strong></span> <span class='ocrx_word' id='word_1_495' title='bbox 1384 3424 1522 3480; x_wconf 86' lang='lat' dir='ltr'><strong>Evurtius</strong></span> <span class='ocrx_word' id='word_1_496' title='bbox 1533 3439 1587 3498; x_wconf 92' lang='lat' dir='ltr'><strong>per</strong></span> <span class='ocrx_word' id='word_1_497' title='bbox 1601 3423 1652 3482; x_wconf 89' lang='lat' dir='ltr'><strong>Bei</strong></span> <span class='ocrx_word' id='word_1_498' title='bbox 1666 3422 1822 3488; x_wconf 77' lang='lat' dir='ltr'><strong>dexteram</strong></span> 
     </span>
     <span class='ocr_line' id='line_1_38' title="bbox 96 3510 1821 3586; baseline 0.002 -18"><span class='ocrx_word' id='word_1_499' title='bbox 96 3511 161 3568; x_wconf 90' lang='lat' dir='ltr'><strong>sub</strong></span> <span class='ocrx_word' id='word_1_500' title='bbox 177 3510 281 3584; x_wconf 87' lang='lat' dir='ltr'><strong>regula</strong></span> <span class='ocrx_word' id='word_1_501' title='bbox 296 3512 388 3586; x_wconf 82' lang='lat' dir='ltr'><strong>patris</strong></span> <span class='ocrx_word' id='word_1_502' title='bbox 404 3513 552 3570; x_wconf 88' lang='lat' dir='ltr'><strong>Benedicti</strong></span> <span class='ocrx_word' id='word_1_503' title='bbox 577 3513 672 3570; x_wconf 91' lang='lat' dir='ltr'><strong>vivere</strong></span> <span class='ocrx_word' id='word_1_504' title='bbox 687 3517 810 3586; x_wconf 87' lang='lat' dir='ltr'><strong>paratos</strong></span> <span class='ocrx_word' id='word_1_505' title='bbox 821 3513 863 3573; x_wconf 86' lang='lat' dir='ltr'><strong>ihi</strong></span> <span class='ocrx_word' id='word_1_506' title='bbox 879 3512 937 3568; x_wconf 92' lang='lat' dir='ltr'><strong>col·</strong></span> <span class='ocrx_word' id='word_1_507' title='bbox 990 3516 1128 3574; x_wconf 81' lang='lat' dir='ltr'><strong>fundavit</strong></span> <span class='ocrx_word' id='word_1_508' title='bbox 1140 3521 1168 3572; x_wconf 92' lang='lat' dir='ltr'><strong>et</strong></span> <span class='ocrx_word' id='word_1_509' title='bbox 1183 3531 1266 3574; x_wconf 87' lang='lat' dir='ltr'><strong>more</strong></span> <span class='ocrx_word' id='word_1_510' title='bbox 1281 3512 1481 3572; x_wconf 85' lang='lat' dir='ltr'><strong>ecclesiastico</strong></span> <span class='ocrx_word' id='word_1_511' title='bbox 1499 3513 1652 3572; x_wconf 78' lang='lat' dir='ltr'><strong>bencelixit</strong></span> <span class='ocrx_word' id='word_1_512' title='bbox 1663 3513 1693 3570; x_wconf 90' lang='lat' dir='ltr'><strong>in</strong></span> <span class='ocrx_word' id='word_1_513' title='bbox 1708 3513 1821 3575; x_wconf 69' lang='lat' dir='ltr'><strong>saneim</strong></span> 
     </span>
     <span class='ocr_line' id='line_1_39' title="bbox 95 3599 1822 3678; baseline 0 -20"><span class='ocrx_word' id='word_1_514' title='bbox 95 3603 192 3674; x_wconf 89' lang='lat' dir='ltr'><strong>locat,</strong></span> <span class='ocrx_word' id='word_1_515' title='bbox 206 3607 236 3658; x_wconf 92' lang='lat' dir='ltr'><strong>et</strong></span> <span class='ocrx_word' id='word_1_516' title='bbox 249 3603 279 3658; x_wconf 89' lang='lat' dir='ltr'><strong>in</strong></span> <span class='ocrx_word' id='word_1_517' title='bbox 291 3618 366 3660; x_wconf 90' lang='lat' dir='ltr'><strong>aure</strong></span> <span class='ocrx_word' id='word_1_518' title='bbox 378 3602 424 3660; x_wconf 89' lang='lat' dir='ltr'><strong>vel</strong></span> <span class='ocrx_word' id='word_1_519' title='bbox 439 3609 562 3676; x_wconf 86' lang='lat' dir='ltr'><strong>argento</strong></span> <span class='ocrx_word' id='word_1_520' title='bbox 572 3603 674 3660; x_wconf 92' lang='lat' dir='ltr'><strong>locum</strong></span> <span class='ocrx_word' id='word_1_521' title='bbox 687 3602 787 3678; x_wconf 90' lang='lat' dir='ltr'><strong>ipsum</strong></span> <span class='ocrx_word' id='word_1_522' title='bbox 803 3603 892 3674; x_wconf 91' lang='lat' dir='ltr'><strong>dicat,</strong></span> <span class='ocrx_word' id='word_1_523' title='bbox 908 3607 936 3660; x_wconf 90' lang='lat' dir='ltr'><strong>et</strong></span> <span class='ocrx_word' id='word_1_524' title='bbox 990 3610 1018 3664; x_wconf 91' lang='lat' dir='ltr'><strong>et</strong></span> <span class='ocrx_word' id='word_1_525' title='bbox 1030 3605 1155 3664; x_wconf 87' lang='lat' dir='ltr'><strong>vivifices</strong></span> <span class='ocrx_word' id='word_1_526' title='bbox 1172 3605 1273 3662; x_wconf 88' lang='lat' dir='ltr'><strong>Crucis</strong></span> <span class='ocrx_word' id='word_1_527' title='bbox 1287 3606 1402 3662; x_wconf 91' lang='lat' dir='ltr'><strong>bonore</strong></span> <span class='ocrx_word' id='word_1_528' title='bbox 1413 3604 1578 3676; x_wconf 77' lang='lat' dir='ltr'><strong>imaginem</strong></span> <span class='ocrx_word' id='word_1_529' title='bbox 1592 3599 1709 3672; x_wconf 83' lang='lat' dir='ltr'><strong>Bomini</strong></span> <span class='ocrx_word' id='word_1_530' title='bbox 1723 3606 1752 3660; x_wconf 90' lang='lat' dir='ltr'><strong>et</strong></span> <span class='ocrx_word' id='word_1_531' title='bbox 1761 3600 1822 3658; x_wconf 76' lang='lat' dir='ltr'><strong>Sal·</strong></span> 
     </span>
     <span class='ocr_line' id='line_1_40' title="bbox 96 3691 1821 3767; baseline 0.003 -19"><span class='ocrx_word' id='word_1_532' title='bbox 96 3693 216 3748; x_wconf 82' lang='lat' dir='ltr'><strong>caeteris</strong></span> <span class='ocrx_word' id='word_1_533' title='bbox 229 3691 424 3766; x_wconf 90' lang='lat' dir='ltr'><strong>ornamentis,</strong></span> <span class='ocrx_word' id='word_1_534' title='bbox 439 3708 495 3767; x_wconf 92' lang='lat' dir='ltr'><strong>pro</strong></span> <span class='ocrx_word' id='word_1_535' title='bbox 506 3693 600 3750; x_wconf 90' lang='lat' dir='ltr'><strong>salute</strong></span> <span class='ocrx_word' id='word_1_536' title='bbox 617 3697 716 3750; x_wconf 89' lang='lat' dir='ltr'><strong>suaet</strong></span> <span class='ocrx_word' id='word_1_537' title='bbox 733 3693 786 3749; x_wconf 89' lang='lat' dir='ltr'><strong>titii</strong></span> <span class='ocrx_word' id='word_1_538' title='bbox 800 3709 836 3750; x_wconf 89' lang='lat' dir='ltr'><strong>ac</strong></span> <span class='ocrx_word' id='word_1_539' title='bbox 860 3693 936 3750; x_wconf 91' lang='lat' dir='ltr'><strong>lutu·</strong></span> <span class='ocrx_word' id='word_1_540' title='bbox 988 3695 1100 3754; x_wconf 87' lang='lat' dir='ltr'><strong>vetoris</strong></span> <span class='ocrx_word' id='word_1_541' title='bbox 1113 3693 1208 3752; x_wconf 90' lang='lat' dir='ltr'><strong>nostri</strong></span> <span class='ocrx_word' id='word_1_542' title='bbox 1223 3697 1293 3752; x_wconf 82' lang='lat' dir='ltr'><strong>lesu</strong></span> <span class='ocrx_word' id='word_1_543' title='bbox 1313 3693 1418 3752; x_wconf 90' lang='lat' dir='ltr'><strong>Christi</strong></span> <span class='ocrx_word' id='word_1_544' title='bbox 1439 3693 1599 3767; x_wconf 88' lang='lat' dir='ltr'><strong>pendentis</strong></span> <span class='ocrx_word' id='word_1_545' title='bbox 1621 3693 1766 3762; x_wconf 75' lang='lat' dir='ltr'><strong>inarum,</strong></span> <span class='ocrx_word' id='word_1_546' title='bbox 1781 3707 1821 3754; x_wconf 74' lang='lat' dir='ltr'><strong>ex</strong></span> 
     </span>
     <span class='ocr_line' id='line_1_41' title="bbox 96 3781 1821 3858; baseline 0.001 -21"><span class='ocrx_word' id='word_1_547' title='bbox 96 3799 143 3837; x_wconf 87' lang='lat' dir='ltr'><strong>ree</strong></span> <span class='ocrx_word' id='word_1_548' title='bbox 172 3781 360 3854; x_wconf 86' lang='lat' dir='ltr'><strong>posteritatis.</strong></span> <span class='ocrx_word' id='word_1_549' title='bbox 390 3785 480 3840; x_wconf 82' lang='lat' dir='ltr'><strong>Mater</strong></span> <span class='ocrx_word' id='word_1_550' title='bbox 512 3797 634 3856; x_wconf 87' lang='lat' dir='ltr'><strong>quoqne</strong></span> <span class='ocrx_word' id='word_1_551' title='bbox 663 3781 727 3851; x_wconf 86' lang='lat' dir='ltr'><strong>ejus</strong></span> <span class='ocrx_word' id='word_1_552' title='bbox 763 3781 936 3855; x_wconf 86' lang='lat' dir='ltr'><strong>supradicta</strong></span> <span class='ocrx_word' id='word_1_553' title='bbox 990 3800 1064 3840; x_wconf 90' lang='lat' dir='ltr'><strong>auro</strong></span> <span class='ocrx_word' id='word_1_554' title='bbox 1080 3799 1168 3858; x_wconf 91' lang='lat' dir='ltr'><strong>puro,</strong></span> <span class='ocrx_word' id='word_1_555' title='bbox 1184 3783 1436 3840; x_wconf 87' lang='lat' dir='ltr'><strong>utliberaretura</strong></span> <span class='ocrx_word' id='word_1_556' title='bbox 1450 3783 1553 3843; x_wconf 88' lang='lat' dir='ltr'><strong>mertis</strong></span> <span class='ocrx_word' id='word_1_557' title='bbox 1567 3782 1711 3855; x_wconf 70' lang='lat' dir='ltr'><strong>periculo,</strong></span> <span class='ocrx_word' id='word_1_558' title='bbox 1726 3795 1821 3852; x_wconf 86' lang='lat' dir='ltr'><strong>quem</strong></span> 
     </span>
     <span class='ocr_line' id='line_1_42' title="bbox 99 3869 1820 3945; baseline -0.001 -19"><span class='ocrx_word' id='word_1_559' title='bbox 99 3869 287 3938; x_wconf 73' lang='lat' dir='ltr'><strong>adhelaidis,</strong></span> <span class='ocrx_word' id='word_1_560' title='bbox 317 3870 498 3928; x_wconf 87' lang='lat' dir='ltr'><strong>admiranda</strong></span> <span class='ocrx_word' id='word_1_561' title='bbox 523 3871 594 3926; x_wconf 91' lang='lat' dir='ltr'><strong>satis</strong></span> <span class='ocrx_word' id='word_1_562' title='bbox 610 3869 640 3926; x_wconf 92' lang='lat' dir='ltr'><strong>in</strong></span> <span class='ocrx_word' id='word_1_563' title='bbox 656 3874 762 3926; x_wconf 86' lang='lat' dir='ltr'><strong>sanata</strong></span> <span class='ocrx_word' id='word_1_564' title='bbox 776 3869 936 3926; x_wconf 91' lang='lat' dir='ltr'><strong>devotione</strong></span> <span class='ocrx_word' id='word_1_565' title='bbox 990 3876 1067 3936; x_wconf 87' lang='lat' dir='ltr'><strong>Deus</strong></span> <span class='ocrx_word' id='word_1_566' title='bbox 1090 3873 1282 3945; x_wconf 87' lang='lat' dir='ltr'><strong>omnipotens</strong></span> <span class='ocrx_word' id='word_1_567' title='bbox 1294 3872 1360 3942; x_wconf 77' lang='lat' dir='ltr'><strong>Jam</strong></span> <span class='ocrx_word' id='word_1_568' title='bbox 1374 3871 1458 3945; x_wconf 93' lang='lat' dir='ltr'><strong>apud</strong></span> <span class='ocrx_word' id='word_1_569' title='bbox 1477 3887 1509 3928; x_wconf 79' lang='lat' dir='ltr'><strong>ee</strong></span> <span class='ocrx_word' id='word_1_570' title='bbox 1527 3871 1701 3930; x_wconf 81' lang='lat' dir='ltr'><strong>decreverat</strong></span> <span class='ocrx_word' id='word_1_571' title='bbox 1714 3883 1820 3938; x_wconf 88' lang='lat' dir='ltr'><strong>regne·</strong></span> 
     </span>
     <span class='ocr_line' id='line_1_43' title="bbox 96 3956 1818 4034; baseline -0.013 -1"><span class='ocrx_word' id='word_1_572' title='bbox 96 3961 216 4034; x_wconf 81' lang='lat' dir='ltr'><strong>regina,</strong></span> <span class='ocrx_word' id='word_1_573' title='bbox 231 3960 299 4017; x_wconf 65' lang='lat' dir='ltr'><strong>fecii</strong></span> <span class='ocrx_word' id='word_1_574' title='bbox 315 3959 530 4018; x_wconf 90' lang='lat' dir='ltr'><strong>monasterium</strong></span> <span class='ocrx_word' id='word_1_575' title='bbox 546 3959 641 4017; x_wconf 69' lang='grc' dir='ltr'><strong>38ὓοῑὶ</strong></span> <span class='ocrx_word' id='word_1_576' title='bbox 667 3958 878 4030; x_wconf 59' lang='grc' dir='ltr'><strong>,Ρΐωῌῦᾶῑῶἱΰ</strong></span> <span class='ocrx_word' id='word_1_577' title='bbox 895 3959 935 4016; x_wconf 70' lang='lat' dir='ltr'><strong>cl·</strong></span> <span class='ocrx_word' id='word_1_578' title='bbox 989 3970 1091 4023; x_wconf 81' lang='lat' dir='ltr'><strong>turum</strong></span> <span class='ocrx_word' id='word_1_579' title='bbox 1116 3962 1147 4020; x_wconf 89' lang='lat' dir='ltr'><strong>in</strong></span> <span class='ocrx_word' id='word_1_580' title='bbox 1172 3961 1298 4020; x_wconf 89' lang='lat' dir='ltr'><strong>mundo.</strong></span> <span class='ocrx_word' id='word_1_581' title='bbox 1325 3965 1400 4018; x_wconf 85' lang='lat' dir='ltr'><strong>Nam</strong></span> <span class='ocrx_word' id='word_1_582' title='bbox 1414 3964 1443 4016; x_wconf 91' lang='lat' dir='ltr'><strong>et</strong></span> <span class='ocrx_word' id='word_1_583' title='bbox 1467 3959 1532 4029; x_wconf 81' lang='lat' dir='ltr'><strong>ejus</strong></span> <span class='ocrx_word' id='word_1_584' title='bbox 1547 3959 1653 4016; x_wconf 91' lang='lat' dir='ltr'><strong>virtute</strong></span> <span class='ocrx_word' id='word_1_585' title='bbox 1674 3956 1818 4014; x_wconf 84' lang='lat' dir='ltr'><strong>liberatus</strong></span> 
     </span>
     <span class='ocr_line' id='line_1_44' title="bbox 96 4045 1819 4124; baseline -0.003 -17"><span class='ocrx_word' id='word_1_586' title='bbox 96 4052 191 4122; x_wconf 73' lang='lat' dir='ltr'><strong>ritate</strong></span> <span class='ocrx_word' id='word_1_587' title='bbox 206 4049 428 4124; x_wconf 79' lang='lat' dir='ltr'><strong>Silvanectensi,</strong></span> <span class='ocrx_word' id='word_1_588' title='bbox 444 4049 497 4106; x_wconf 91' lang='lat' dir='ltr'><strong>ubi</strong></span> <span class='ocrx_word' id='word_1_589' title='bbox 511 4047 673 4105; x_wconf 91' lang='lat' dir='ltr'><strong>duodecim</strong></span> <span class='ocrx_word' id='word_1_590' title='bbox 687 4045 727 4106; x_wconf 92' lang='lat' dir='ltr'><strong>ad</strong></span> <span class='ocrx_word' id='word_1_591' title='bbox 742 4047 936 4120; x_wconf 78' lang='lat' dir='ltr'><strong>serviendum</strong></span> <span class='ocrx_word' id='word_1_592' title='bbox 989 4057 1043 4109; x_wconf 89' lang='lat' dir='ltr'><strong>est.</strong></span> <span class='ocrx_word' id='word_1_593' title='bbox 1054 4051 1179 4110; x_wconf 83' lang='lat' dir='ltr'><strong>[tederet</strong></span> <span class='ocrx_word' id='word_1_594' title='bbox 1193 4055 1294 4114; x_wconf 84' lang='lat' dir='ltr'><strong>autem</strong></span> <span class='ocrx_word' id='word_1_595' title='bbox 1305 4053 1334 4106; x_wconf 91' lang='lat' dir='ltr'><strong>ct</strong></span> <span class='ocrx_word' id='word_1_596' title='bbox 1346 4055 1432 4123; x_wconf 86' lang='lat' dir='ltr'><strong>pater</strong></span> <span class='ocrx_word' id='word_1_597' title='bbox 1453 4063 1508 4122; x_wconf 88' lang='lat' dir='ltr'><strong>pro</strong></span> <span class='ocrx_word' id='word_1_598' title='bbox 1519 4047 1581 4107; x_wconf 85' lang='lat' dir='ltr'><strong>tilio</strong></span> <span class='ocrx_word' id='word_1_599' title='bbox 1594 4045 1684 4104; x_wconf 88' lang='lat' dir='ltr'><strong>unico</strong></span> <span class='ocrx_word' id='word_1_600' title='bbox 1708 4047 1819 4102; x_wconf 80' lang='lat' dir='ltr'><strong>sanctes</strong></span> 
     </span>
     <span class='ocr_line' id='line_1_45' title="bbox 96 4131 1819 4212; baseline -0.001 -18"><span class='ocrx_word' id='word_1_601' title='bbox 96 4139 365 4196; x_wconf 82' lang='lat' dir='ltr'><strong>Dominoclerieos</strong></span> <span class='ocrx_word' id='word_1_602' title='bbox 380 4138 461 4196; x_wconf 87' lang='lat' dir='ltr'><strong>misit</strong></span> <span class='ocrx_word' id='word_1_603' title='bbox 473 4138 551 4196; x_wconf 91' lang='lat' dir='ltr'><strong>etde</strong></span> <span class='ocrx_word' id='word_1_604' title='bbox 566 4137 678 4212; x_wconf 91' lang='lat' dir='ltr'><strong>quibus</strong></span> <span class='ocrx_word' id='word_1_605' title='bbox 692 4136 826 4205; x_wconf 72' lang='lat' dir='ltr'><strong>virerent</strong></span> <span class='ocrx_word' id='word_1_606' title='bbox 838 4135 935 4195; x_wconf 88' lang='lat' dir='ltr'><strong>abun·</strong></span> <span class='ocrx_word' id='word_1_607' title='bbox 989 4140 1169 4198; x_wconf 88' lang='lat' dir='ltr'><strong>Crucisloeo</strong></span> <span class='ocrx_word' id='word_1_608' title='bbox 1191 4154 1316 4196; x_wconf 89' lang='lat' dir='ltr'><strong>urceum</strong></span> <span class='ocrx_word' id='word_1_609' title='bbox 1331 4139 1507 4208; x_wconf 89' lang='lat' dir='ltr'><strong>argenteum</strong></span> <span class='ocrx_word' id='word_1_610' title='bbox 1527 4139 1706 4210; x_wconf 83' lang='lat' dir='ltr'><strong>pensantem</strong></span> <span class='ocrx_word' id='word_1_611' title='bbox 1719 4150 1756 4192; x_wconf 79' lang='lat' dir='ltr'><strong>nx</strong></span> <span class='ocrx_word' id='word_1_612' title='bbox 1783 4131 1819 4192; x_wconf 80' lang='lat' dir='ltr'><strong>li·</strong></span> 
     </span>
     <span class='ocr_line' id='line_1_46' title="bbox 97 4223 1820 4302; baseline -0.001 -20"><span class='ocrx_word' id='word_1_613' title='bbox 97 4227 135 4282; x_wconf 88' lang='lat' dir='ltr'><strong>de</strong></span> <span class='ocrx_word' id='word_1_614' title='bbox 153 4225 402 4285; x_wconf 90' lang='lat' dir='ltr'><strong>subministravit.</strong></span> <span class='ocrx_word' id='word_1_615' title='bbox 429 4227 598 4285; x_wconf 82' lang='lat' dir='ltr'><strong>construxit</strong></span> <span class='ocrx_word' id='word_1_616' title='bbox 621 4225 877 4286; x_wconf 88' lang='lat' dir='ltr'><strong>etmonastcrium</strong></span> <span class='ocrx_word' id='word_1_617' title='bbox 904 4227 935 4284; x_wconf 90' lang='lat' dir='ltr'><strong>in</strong></span> <span class='ocrx_word' id='word_1_618' title='bbox 989 4228 1129 4302; x_wconf 87' lang='lat' dir='ltr'><strong>bras,qui</strong></span> <span class='ocrx_word' id='word_1_619' title='bbox 1143 4242 1238 4300; x_wconf 90' lang='lat' dir='ltr'><strong>usque</strong></span> <span class='ocrx_word' id='word_1_620' title='bbox 1252 4225 1292 4284; x_wconf 87' lang='lat' dir='ltr'><strong>ed</strong></span> <span class='ocrx_word' id='word_1_621' title='bbox 1307 4225 1369 4282; x_wconf 82' lang='lat' dir='ltr'><strong>base</strong></span> <span class='ocrx_word' id='word_1_622' title='bbox 1383 4228 1486 4284; x_wconf 75' lang='lat' dir='ltr'><strong>nosne</strong></span> <span class='ocrx_word' id='word_1_623' title='bbox 1501 4229 1637 4298; x_wconf 84' lang='lat' dir='ltr'><strong>tempera</strong></span> <span class='ocrx_word' id='word_1_624' title='bbox 1651 4223 1820 4298; x_wconf 85' lang='lat' dir='ltr'><strong>permansit</strong></span> 
     </span>
     <span class='ocr_line' id='line_1_47' title="bbox 97 4313 1818 4416; baseline 0.001 -44"><span class='ocrx_word' id='word_1_625' title='bbox 97 4315 247 4387; x_wconf 83' lang='lat' dir='ltr'><strong>territorio</strong></span> <span class='ocrx_word' id='word_1_626' title='bbox 262 4317 431 4390; x_wconf 70' lang='lat' dir='ltr'><strong>parisiensi,</strong></span> <span class='ocrx_word' id='word_1_627' title='bbox 444 4317 513 4374; x_wconf 90' lang='lat' dir='ltr'><strong>villa</strong></span> <span class='ocrx_word' id='word_1_628' title='bbox 527 4333 595 4394; x_wconf 78' lang='lat' dir='ltr'><strong>qua</strong></span> <span class='ocrx_word' id='word_1_629' title='bbox 609 4317 716 4374; x_wconf 89' lang='lat' dir='ltr'><strong>dicitur</strong></span> <span class='ocrx_word' id='word_1_630' title='bbox 735 4315 933 4390; x_wconf 73' lang='lat' dir='ltr'><strong>argentoilus,</strong></span> <span class='ocrx_word' id='word_1_631' title='bbox 950 4361 971 4416; x_wconf 74' lang='lat' dir='ltr'>D</span> <span class='ocrx_word' id='word_1_632' title='bbox 988 4319 1019 4376; x_wconf 90' lang='lat' dir='ltr'><strong>in</strong></span> <span class='ocrx_word' id='word_1_633' title='bbox 1029 4319 1122 4376; x_wconf 89' lang='lat' dir='ltr'><strong>domo</strong></span> <span class='ocrx_word' id='word_1_634' title='bbox 1137 4315 1187 4378; x_wconf 83' lang='lat' dir='ltr'><strong>Bai</strong></span> <span class='ocrx_word' id='word_1_635' title='bbox 1202 4319 1316 4374; x_wconf 86' lang='lat' dir='ltr'><strong>sancte.</strong></span> <span class='ocrx_word' id='word_1_636' title='bbox 1333 4317 1473 4374; x_wconf 88' lang='lat' dir='ltr'><strong>Crescens</strong></span> <span class='ocrx_word' id='word_1_637' title='bbox 1492 4315 1605 4390; x_wconf 88' lang='lat' dir='ltr'><strong>quippe</strong></span> <span class='ocrx_word' id='word_1_638' title='bbox 1621 4318 1706 4380; x_wconf 74' lang='lat' dir='ltr'><strong>atate</strong></span> <span class='ocrx_word' id='word_1_639' title='bbox 1729 4318 1759 4374; x_wconf 88' lang='lat' dir='ltr'><strong>et</strong></span> <span class='ocrx_word' id='word_1_640' title='bbox 1774 4313 1818 4374; x_wconf 86' lang='lat' dir='ltr'><strong>vir</strong></span> 
     </span>
     <span class='ocr_line' id='line_1_48' title="bbox 98 4405 1818 4479; baseline 0 -17"><span class='ocrx_word' id='word_1_641' title='bbox 98 4406 155 4462; x_wconf 89' lang='lat' dir='ltr'><strong>ubi</strong></span> <span class='ocrx_word' id='word_1_642' title='bbox 169 4421 331 4478; x_wconf 86' lang='lat' dir='ltr'><strong>numerum</strong></span> <span class='ocrx_word' id='word_1_643' title='bbox 356 4406 533 4464; x_wconf 85' lang='lat' dir='ltr'><strong>ancillarum</strong></span> <span class='ocrx_word' id='word_1_644' title='bbox 546 4407 598 4465; x_wconf 89' lang='lat' dir='ltr'><strong>Bei</strong></span> <span class='ocrx_word' id='word_1_645' title='bbox 612 4422 673 4464; x_wconf 90' lang='lat' dir='ltr'><strong>non</strong></span> <span class='ocrx_word' id='word_1_646' title='bbox 692 4405 853 4465; x_wconf 90' lang='lat' dir='ltr'><strong>minimum</strong></span> <span class='ocrx_word' id='word_1_647' title='bbox 876 4405 934 4463; x_wconf 91' lang='lat' dir='ltr'><strong>sub</strong></span> <span class='ocrx_word' id='word_1_648' title='bbox 988 4407 1083 4469; x_wconf 88' lang='lat' dir='ltr'><strong>laetus</strong></span> <span class='ocrx_word' id='word_1_649' title='bbox 1097 4407 1202 4466; x_wconf 90' lang='lat' dir='ltr'><strong>virtute</strong></span> <span class='ocrx_word' id='word_1_650' title='bbox 1227 4409 1320 4464; x_wconf 88' lang='lat' dir='ltr'><strong>totam</strong></span> <span class='ocrx_word' id='word_1_651' title='bbox 1334 4409 1444 4466; x_wconf 87' lang='lat' dir='ltr'><strong>terram</strong></span> <span class='ocrx_word' id='word_1_652' title='bbox 1464 4409 1574 4464; x_wconf 76' lang='lat' dir='ltr'><strong>sanetis</strong></span> <span class='ocrx_word' id='word_1_653' title='bbox 1589 4405 1701 4473; x_wconf 88' lang='lat' dir='ltr'><strong>Crueis,</strong></span> <span class='ocrx_word' id='word_1_654' title='bbox 1723 4417 1818 4479; x_wconf 76' lang='lat' dir='ltr'><strong>quum</strong></span> 
     </span>
     <span class='ocr_line' id='line_1_49' title="bbox 99 4495 1818 4570; baseline 0 -21"><span class='ocrx_word' id='word_1_655' title='bbox 99 4496 318 4552; x_wconf 86' lang='lat' dir='ltr'><strong>normasancti</strong></span> <span class='ocrx_word' id='word_1_656' title='bbox 341 4495 492 4554; x_wconf 89' lang='lat' dir='ltr'><strong>Benedicti</strong></span> <span class='ocrx_word' id='word_1_657' title='bbox 518 4496 613 4552; x_wconf 86' lang='lat' dir='ltr'><strong>vivere</strong></span> <span class='ocrx_word' id='word_1_658' title='bbox 628 4499 750 4570; x_wconf 91' lang='lat' dir='ltr'><strong>paratas</strong></span> <span class='ocrx_word' id='word_1_659' title='bbox 765 4495 932 4566; x_wconf 73' lang='lat' dir='ltr'><strong>adunavit,</strong></span> <span class='ocrx_word' id='word_1_660' title='bbox 989 4497 1076 4554; x_wconf 84' lang='lat' dir='ltr'><strong>Fuloo</strong></span> <span class='ocrx_word' id='word_1_661' title='bbox 1090 4496 1250 4570; x_wconf 89' lang='lat' dir='ltr'><strong>episeopus</strong></span> <span class='ocrx_word' id='word_1_662' title='bbox 1265 4511 1320 4570; x_wconf 89' lang='lat' dir='ltr'><strong>pro</strong></span> <span class='ocrx_word' id='word_1_663' title='bbox 1345 4495 1493 4569; x_wconf 88' lang='lat' dir='ltr'><strong>adjutorio</strong></span> <span class='ocrx_word' id='word_1_664' title='bbox 1508 4495 1555 4554; x_wconf 87' lang='lat' dir='ltr'><strong>eui</strong></span> <span class='ocrx_word' id='word_1_665' title='bbox 1570 4495 1688 4567; x_wconf 85' lang='lat' dir='ltr'><strong>Bugoni</strong></span> <span class='ocrx_word' id='word_1_666' title='bbox 1714 4497 1818 4566; x_wconf 89' lang='lat' dir='ltr'><strong>poten·</strong></span> 
     </span>
     <span class='ocr_line' id='line_1_50' title="bbox 100 4577 1816 4660; baseline -0.003 -22"><span class='ocrx_word' id='word_1_667' title='bbox 100 4583 140 4638; x_wconf 91' lang='lat' dir='ltr'><strong>ad</strong></span> <span class='ocrx_word' id='word_1_668' title='bbox 158 4582 278 4656; x_wconf 82' lang='lat' dir='ltr'><strong>laudem</strong></span> <span class='ocrx_word' id='word_1_669' title='bbox 290 4588 318 4641; x_wconf 92' lang='lat' dir='ltr'><strong>et</strong></span> <span class='ocrx_word' id='word_1_670' title='bbox 342 4582 470 4656; x_wconf 78' lang='lat' dir='ltr'><strong>gloriam</strong></span> <span class='ocrx_word' id='word_1_671' title='bbox 492 4584 643 4660; x_wconf 74' lang='lat' dir='ltr'><strong>bonorum</strong></span> <span class='ocrx_word' id='word_1_672' title='bbox 654 4583 792 4660; x_wconf 78' lang='lat' dir='ltr'><strong>emnium</strong></span> <span class='ocrx_word' id='word_1_673' title='bbox 806 4584 933 4658; x_wconf 87' lang='lat' dir='ltr'><strong>inspira·</strong></span> <span class='ocrx_word' id='word_1_674' title='bbox 987 4586 1103 4642; x_wconf 88' lang='lat' dir='ltr'><strong>tissime</strong></span> <span class='ocrx_word' id='word_1_675' title='bbox 1118 4583 1288 4640; x_wconf 90' lang='lat' dir='ltr'><strong>Belvaeensi</strong></span> <span class='ocrx_word' id='word_1_676' title='bbox 1300 4583 1425 4641; x_wconf 89' lang='lat' dir='ltr'><strong>dederat</strong></span> <span class='ocrx_word' id='word_1_677' title='bbox 1439 4602 1445 4654; x_wconf 91' lang='lat'>;</span> <span class='ocrx_word' id='word_1_678' title='bbox 1461 4584 1509 4640; x_wconf 94' lang='lat' dir='ltr'><strong>hic</strong></span> <span class='ocrx_word' id='word_1_679' title='bbox 1523 4583 1569 4638; x_wconf 93' lang='lat' dir='ltr'><strong>vir</strong></span> <span class='ocrx_word' id='word_1_680' title='bbox 1579 4583 1639 4648; x_wconf 88' lang='lat' dir='ltr'><strong>Bai,</strong></span> <span class='ocrx_word' id='word_1_681' title='bbox 1664 4577 1816 4652; x_wconf 91' lang='lat' dir='ltr'><strong>quilaude</strong></span> 
     </span>
    </p>
   </div>
   <div class='ocr_carea' id='block_1_14' title="bbox 97 4673 933 5646">
    <p class='ocr_par' dir='ltr' id='par_1_15' title="bbox 97 4673 933 5646">
     <span class='ocr_line' id='line_1_51' title="bbox 99 4673 933 4750; baseline 0.004 -23"><span class='ocrx_word' id='word_1_682' title='bbox 99 4673 173 4730; x_wconf 87' lang='lat' dir='ltr'><strong>toris</strong></span> <span class='ocrx_word' id='word_1_683' title='bbox 185 4678 213 4730; x_wconf 89' lang='lat' dir='ltr'><strong>et</strong></span> <span class='ocrx_word' id='word_1_684' title='bbox 223 4674 280 4730; x_wconf 88' lang='lat' dir='ltr'><strong>sub</strong></span> <span class='ocrx_word' id='word_1_685' title='bbox 293 4673 407 4731; x_wconf 89' lang='lat' dir='ltr'><strong>bonore</strong></span> <span class='ocrx_word' id='word_1_686' title='bbox 423 4679 534 4740; x_wconf 76' lang='lat' dir='ltr'><strong>saneta</strong></span> <span class='ocrx_word' id='word_1_687' title='bbox 556 4674 606 4750; x_wconf 74' lang='lat' dir='ltr'><strong>ttei</strong></span> <span class='ocrx_word' id='word_1_688' title='bbox 619 4673 768 4746; x_wconf 86' lang='lat' dir='ltr'><strong>genitricis</strong></span> <span class='ocrx_word' id='word_1_689' title='bbox 791 4677 820 4730; x_wconf 91' lang='lat' dir='ltr'><strong>et</strong></span> <span class='ocrx_word' id='word_1_690' title='bbox 829 4689 933 4747; x_wconf 88' lang='lat' dir='ltr'><strong>perpe-</strong></span> 
     </span>
     <span class='ocr_line' id='line_1_52' title="bbox 99 4762 933 4841; baseline 0.004 -23"><span class='ocrx_word' id='word_1_691' title='bbox 99 4768 160 4818; x_wconf 78' lang='lat' dir='ltr'><strong>tuae</strong></span> <span class='ocrx_word' id='word_1_692' title='bbox 175 4763 299 4834; x_wconf 78' lang='lat' dir='ltr'><strong>virginis</strong></span> <span class='ocrx_word' id='word_1_693' title='bbox 314 4763 409 4820; x_wconf 83' lang='lat' dir='ltr'><strong>Mariae</strong></span> <span class='ocrx_word' id='word_1_694' title='bbox 426 4763 624 4841; x_wconf 84' lang='lat' dir='ltr'><strong>omnipotenti</strong></span> <span class='ocrx_word' id='word_1_695' title='bbox 651 4762 777 4820; x_wconf 88' lang='lat' dir='ltr'><strong>Domino</strong></span> <span class='ocrx_word' id='word_1_696' title='bbox 801 4762 933 4820; x_wconf 88' lang='lat' dir='ltr'><strong>dedicari</strong></span> 
     </span>
     <span class='ocr_line' id='line_1_53' title="bbox 97 4851 933 4928; baseline 0.004 -21"><span class='ocrx_word' id='word_1_697' title='bbox 97 4856 126 4908; x_wconf 92' lang='lat' dir='ltr'><strong>et</strong></span> <span class='ocrx_word' id='word_1_698' title='bbox 139 4851 308 4921; x_wconf 84' lang='lat' dir='ltr'><strong>consecrari</strong></span> <span class='ocrx_word' id='word_1_699' title='bbox 320 4852 422 4910; x_wconf 91' lang='lat' dir='ltr'><strong>voluit.</strong></span> <span class='ocrx_word' id='word_1_700' title='bbox 440 4853 518 4908; x_wconf 84' lang='lat' dir='ltr'><strong>Fecit</strong></span> <span class='ocrx_word' id='word_1_701' title='bbox 529 4852 723 4910; x_wconf 89' lang='lat' dir='ltr'><strong>nibilominus</strong></span> <span class='ocrx_word' id='word_1_702' title='bbox 736 4858 840 4909; x_wconf 88' lang='lat' dir='ltr'><strong>sancte</strong></span> <span class='ocrx_word' id='word_1_703' title='bbox 856 4869 933 4928; x_wconf 91' lang='lat' dir='ltr'><strong>pon-</strong></span> 
     </span>
     <span class='ocr_line' id='line_1_54' title="bbox 98 4941 932 5015; baseline 0.001 -18"><span class='ocrx_word' id='word_1_704' title='bbox 98 4941 170 4997; x_wconf 91' lang='lat' dir='ltr'><strong>titiei</strong></span> <span class='ocrx_word' id='word_1_705' title='bbox 199 4941 322 4998; x_wconf 82' lang='lat' dir='ltr'><strong>tdartino</strong></span> <span class='ocrx_word' id='word_1_706' title='bbox 355 4941 490 4999; x_wconf 88' lang='lat' dir='ltr'><strong>casulam</strong></span> <span class='ocrx_word' id='word_1_707' title='bbox 519 4958 592 4999; x_wconf 88' lang='lat' dir='ltr'><strong>aure</strong></span> <span class='ocrx_word' id='word_1_708' title='bbox 626 4947 782 5015; x_wconf 88' lang='lat' dir='ltr'><strong>operatam</strong></span> <span class='ocrx_word' id='word_1_709' title='bbox 806 4943 932 5015; x_wconf 90' lang='lat' dir='ltr'><strong>optimo,</strong></span> 
     </span>
     <span class='ocr_line' id='line_1_55' title="bbox 97 5029 932 5109; baseline 0.002 -23"><span class='ocrx_word' id='word_1_710' title='bbox 97 5029 176 5086; x_wconf 89' lang='lat' dir='ltr'><strong>inter</strong></span> <span class='ocrx_word' id='word_1_711' title='bbox 191 5029 332 5104; x_wconf 85' lang='lat' dir='ltr'><strong>scapulas</strong></span> <span class='ocrx_word' id='word_1_712' title='bbox 355 5031 545 5103; x_wconf 82' lang='lat' dir='ltr'><strong>majestatem</strong></span> <span class='ocrx_word' id='word_1_713' title='bbox 567 5030 629 5102; x_wconf 86' lang='lat' dir='ltr'><strong>veri</strong></span> <span class='ocrx_word' id='word_1_714' title='bbox 657 5030 809 5109; x_wconf 82' lang='lat' dir='ltr'><strong>pontificis</strong></span> <span class='ocrx_word' id='word_1_715' title='bbox 838 5031 932 5090; x_wconf 90' lang='lat' dir='ltr'><strong>eonti-</strong></span> 
     </span>
     <span class='ocr_line' id='line_1_56' title="bbox 97 5119 933 5197; baseline 0.006 -24"><span class='ocrx_word' id='word_1_716' title='bbox 97 5123 233 5196; x_wconf 68' lang='lat' dir='ltr'><strong>nentem,</strong></span> <span class='ocrx_word' id='word_1_717' title='bbox 250 5119 410 5175; x_wconf 88' lang='lat' dir='ltr'><strong>Cherubim</strong></span> <span class='ocrx_word' id='word_1_718' title='bbox 422 5135 544 5197; x_wconf 88' lang='lat' dir='ltr'><strong>quoque</strong></span> <span class='ocrx_word' id='word_1_719' title='bbox 560 5135 595 5175; x_wconf 89' lang='lat' dir='ltr'><strong>ae</strong></span> <span class='ocrx_word' id='word_1_720' title='bbox 618 5119 774 5194; x_wconf 87' lang='lat' dir='ltr'><strong>Seraphim</strong></span> <span class='ocrx_word' id='word_1_721' title='bbox 788 5121 865 5178; x_wconf 91' lang='lat' dir='ltr'><strong>cella</strong></span> <span class='ocrx_word' id='word_1_722' title='bbox 876 5122 933 5178; x_wconf 89' lang='lat' dir='ltr'><strong>Bo·</strong></span> 
     </span>
     <span class='ocr_line' id='line_1_57' title="bbox 99 5205 931 5288; baseline 0.007 -27"><span class='ocrx_word' id='word_1_723' title='bbox 99 5205 240 5266; x_wconf 91' lang='lat' dir='ltr'><strong>minatori</strong></span> <span class='ocrx_word' id='word_1_724' title='bbox 265 5207 402 5263; x_wconf 92' lang='lat' dir='ltr'><strong>omnium</strong></span> <span class='ocrx_word' id='word_1_725' title='bbox 427 5207 642 5288; x_wconf 68' lang='lat' dir='ltr'><strong>sahmittentia.</strong></span> <span class='ocrx_word' id='word_1_726' title='bbox 669 5208 702 5263; x_wconf 95' lang='lat' dir='ltr'><strong>ln</strong></span> <span class='ocrx_word' id='word_1_727' title='bbox 723 5214 842 5286; x_wconf 83' lang='lat' dir='ltr'><strong>pectore</strong></span> <span class='ocrx_word' id='word_1_728' title='bbox 861 5226 931 5268; x_wconf 88' lang='lat' dir='ltr'><strong>vero</strong></span> 
     </span>
     <span class='ocr_line' id='line_1_58' title="bbox 98 5295 931 5372; baseline 0.008 -21"><span class='ocrx_word' id='word_1_729' title='bbox 98 5301 220 5370; x_wconf 70' lang='lat' dir='ltr'><strong>rignum</strong></span> <span class='ocrx_word' id='word_1_730' title='bbox 235 5295 296 5367; x_wconf 88' lang='lat' dir='ltr'><strong>Dei,</strong></span> <span class='ocrx_word' id='word_1_731' title='bbox 313 5301 424 5353; x_wconf 82' lang='lat' dir='ltr'><strong>nostrae</strong></span> <span class='ocrx_word' id='word_1_732' title='bbox 450 5296 665 5370; x_wconf 87' lang='lat' dir='ltr'><strong>redemptionis</strong></span> <span class='ocrx_word' id='word_1_733' title='bbox 690 5297 839 5368; x_wconf 89' lang='lat' dir='ltr'><strong>hostiam;</strong></span> <span class='ocrx_word' id='word_1_734' title='bbox 855 5315 931 5372; x_wconf 89' lang='lat' dir='ltr'><strong>qua·</strong></span> 
     </span>
     <span class='ocr_line' id='line_1_59' title="bbox 98 5384 931 5460; baseline 0.002 -18"><span class='ocrx_word' id='word_1_735' title='bbox 98 5389 198 5442; x_wconf 90' lang='lat' dir='ltr'><strong>tuore</strong></span> <span class='ocrx_word' id='word_1_736' title='bbox 217 5386 338 5458; x_wconf 87' lang='lat' dir='ltr'><strong>regione</strong></span> <span class='ocrx_word' id='word_1_737' title='bbox 361 5385 520 5460; x_wconf 78' lang='lat' dir='ltr'><strong>praefigens</strong></span> <span class='ocrx_word' id='word_1_738' title='bbox 535 5384 679 5442; x_wconf 88' lang='lat' dir='ltr'><strong>animalia</strong></span> <span class='ocrx_word' id='word_1_739' title='bbox 694 5385 854 5444; x_wconf 86' lang='lat' dir='ltr'><strong>Dominum</strong></span> <span class='ocrx_word' id='word_1_740' title='bbox 870 5388 931 5458; x_wconf 88' lang='lat' dir='ltr'><strong>gle-</strong></span> 
     </span>
     <span class='ocr_line' id='line_1_60' title="bbox 97 5473 931 5550; baseline 0.005 -22"><span class='ocrx_word' id='word_1_741' title='bbox 97 5475 150 5530; x_wconf 76' lang='lat' dir='ltr'><strong>rire</strong></span> <span class='ocrx_word' id='word_1_742' title='bbox 164 5473 332 5531; x_wconf 89' lang='lat' dir='ltr'><strong>adorantia.</strong></span> <span class='ocrx_word' id='word_1_743' title='bbox 350 5474 426 5531; x_wconf 80' lang='lat' dir='ltr'><strong>Fecit</strong></span> <span class='ocrx_word' id='word_1_744' title='bbox 440 5479 469 5530; x_wconf 91' lang='lat' dir='ltr'><strong>et</strong></span> <span class='ocrx_word' id='word_1_745' title='bbox 478 5474 574 5530; x_wconf 86' lang='lat' dir='ltr'><strong>eidem</strong></span> <span class='ocrx_word' id='word_1_746' title='bbox 586 5474 675 5530; x_wconf 91' lang='lat' dir='ltr'><strong>beato</strong></span> <span class='ocrx_word' id='word_1_747' title='bbox 690 5473 852 5532; x_wconf 77' lang='lat' dir='ltr'><strong>confessori</strong></span> <span class='ocrx_word' id='word_1_748' title='bbox 863 5492 931 5550; x_wconf 90' lang='lat' dir='ltr'><strong>eap-</strong></span> 
     </span>
     <span class='ocr_line' id='line_1_61' title="bbox 98 5562 928 5646; baseline 0.002 -27"><span class='ocrx_word' id='word_1_749' title='bbox 98 5579 173 5636; x_wconf 93' lang='lat' dir='ltr'><strong>pam</strong></span> <span class='ocrx_word' id='word_1_750' title='bbox 186 5579 281 5625; x_wconf 88' lang='lat' dir='ltr'><strong>unam</strong></span> <span class='ocrx_word' id='word_1_751' title='bbox 292 5564 521 5646; x_wconf 69' lang='lat' dir='ltr'><strong>intestamauro</strong></span> <span class='ocrx_word' id='word_1_752' title='bbox 537 5583 542 5632; x_wconf 91' lang='lat'>;</span> <span class='ocrx_word' id='word_1_753' title='bbox 560 5562 637 5620; x_wconf 91' lang='lat' dir='ltr'><strong>duas</strong></span> <span class='ocrx_word' id='word_1_754' title='bbox 651 5578 722 5618; x_wconf 89' lang='lat' dir='ltr'><strong>vero</strong></span> <span class='ocrx_word' id='word_1_755' title='bbox 733 5578 770 5618; x_wconf 85' lang='lat' dir='ltr'><strong>ex</strong></span> <span class='ocrx_word' id='word_1_756' title='bbox 794 5567 928 5636; x_wconf 88' lang='lat' dir='ltr'><strong>argento.</strong></span> 
     </span>
    </p>
   </div>
   <div class='ocr_carea' id='block_1_15' title="bbox 984 4669 1817 5637">
    <p class='ocr_par' dir='ltr' id='par_1_16' title="bbox 984 4669 1817 5637">
     <span class='ocr_line' id='line_1_62' title="bbox 987 4669 1815 4749; baseline -0.019 -12"><span class='ocrx_word' id='word_1_757' title='bbox 987 4679 1016 4740; x_wconf 85' lang='lat' dir='ltr'><strong>et</strong></span> <span class='ocrx_word' id='word_1_758' title='bbox 1040 4674 1132 4733; x_wconf 90' lang='lat' dir='ltr'><strong>verbo</strong></span> <span class='ocrx_word' id='word_1_759' title='bbox 1157 4672 1355 4749; x_wconf 84' lang='lat' dir='ltr'><strong>omnipotenti</strong></span> <span class='ocrx_word' id='word_1_760' title='bbox 1382 4672 1590 4747; x_wconf 88' lang='lat' dir='ltr'><strong>complacebat</strong></span> <span class='ocrx_word' id='word_1_761' title='bbox 1609 4673 1679 4738; x_wconf 82' lang='lat' dir='ltr'><strong>Deo,</strong></span> <span class='ocrx_word' id='word_1_762' title='bbox 1706 4669 1815 4726; x_wconf 83' lang='lat' dir='ltr'><strong>mmsto</strong></span> 
     </span>
     <span class='ocr_line' id='line_1_63' title="bbox 986 4755 1815 4837; baseline -0.012 -15"><span class='ocrx_word' id='word_1_763' title='bbox 986 4765 1082 4827; x_wconf 84' lang='lat' dir='ltr'><strong>taetus</strong></span> <span class='ocrx_word' id='word_1_764' title='bbox 1096 4764 1209 4836; x_wconf 86' lang='lat' dir='ltr'><strong>animo,</strong></span> <span class='ocrx_word' id='word_1_765' title='bbox 1234 4779 1288 4837; x_wconf 87' lang='lat' dir='ltr'><strong>per</strong></span> <span class='ocrx_word' id='word_1_766' title='bbox 1316 4762 1426 4820; x_wconf 78' lang='lat' dir='ltr'><strong>srecirla</strong></span> <span class='ocrx_word' id='word_1_767' title='bbox 1449 4759 1630 4820; x_wconf 87' lang='lat' dir='ltr'><strong>celebrando</strong></span> <span class='ocrx_word' id='word_1_768' title='bbox 1657 4755 1815 4814; x_wconf 83' lang='lat' dir='ltr'><strong>salutiferas</strong></span> 
     </span>
     <span class='ocr_line' id='line_1_64' title="bbox 987 4844 1817 4918; baseline -0.014 -6"><span class='ocrx_word' id='word_1_769' title='bbox 987 4854 1087 4913; x_wconf 86' lang='lat' dir='ltr'><strong>Crucis</strong></span> <span class='ocrx_word' id='word_1_770' title='bbox 1099 4854 1166 4915; x_wconf 89' lang='lat' dir='ltr'><strong>leco</strong></span> <span class='ocrx_word' id='word_1_771' title='bbox 1180 4869 1236 4910; x_wconf 93' lang='lat' dir='ltr'><strong>suo</strong></span> <span class='ocrx_word' id='word_1_772' title='bbox 1248 4851 1378 4914; x_wconf 89' lang='lat' dir='ltr'><strong>reddidit</strong></span> <span class='ocrx_word' id='word_1_773' title='bbox 1396 4851 1487 4908; x_wconf 92' lang='lat' dir='ltr'><strong>douo.</strong></span> <span class='ocrx_word' id='word_1_774' title='bbox 1515 4849 1601 4906; x_wconf 85' lang='lat' dir='ltr'><strong>Hunc</strong></span> <span class='ocrx_word' id='word_1_775' title='bbox 1619 4847 1750 4918; x_wconf 89' lang='lat' dir='ltr'><strong>denique</strong></span> <span class='ocrx_word' id='word_1_776' title='bbox 1774 4844 1817 4901; x_wconf 83' lang='lat' dir='ltr'><strong>lo-</strong></span> 
     </span>
     <span class='ocr_line' id='line_1_65' title="bbox 987 4935 1816 5015; baseline -0.016 -14"><span class='ocrx_word' id='word_1_777' title='bbox 987 4943 1320 5015; x_wconf 76' lang='lat' dir='ltr'><strong>eum‚aurelianensem</strong></span> <span class='ocrx_word' id='word_1_778' title='bbox 1329 4940 1439 5002; x_wconf 89' lang='lat' dir='ltr'><strong>scilieet</strong></span> <span class='ocrx_word' id='word_1_779' title='bbox 1448 4939 1561 5006; x_wconf 86' lang='lat' dir='ltr'><strong>sedem,</strong></span> <span class='ocrx_word' id='word_1_780' title='bbox 1574 4935 1733 5011; x_wconf 85' lang='lat' dir='ltr'><strong>specialius</strong></span> <span class='ocrx_word' id='word_1_781' title='bbox 1739 4950 1816 4990; x_wconf 53' lang='lat' dir='ltr'><strong>seme</strong></span> 
     </span>
     <span class='ocr_line' id='line_1_66' title="bbox 986 5026 1816 5106; baseline -0.011 -16"><span class='ocrx_word' id='word_1_782' title='bbox 986 5049 1039 5106; x_wconf 91' lang='lat' dir='ltr'><strong>per</strong></span> <span class='ocrx_word' id='word_1_783' title='bbox 1054 5032 1166 5103; x_wconf 82' lang='lat' dir='ltr'><strong>dilexit,</strong></span> <span class='ocrx_word' id='word_1_784' title='bbox 1180 5031 1252 5106; x_wconf 91' lang='lat' dir='ltr'><strong>quia</strong></span> <span class='ocrx_word' id='word_1_785' title='bbox 1263 5030 1294 5088; x_wconf 90' lang='lat' dir='ltr'><strong>in</strong></span> <span class='ocrx_word' id='word_1_786' title='bbox 1307 5046 1343 5088; x_wconf 90' lang='lat' dir='ltr'><strong>ea</strong></span> <span class='ocrx_word' id='word_1_787' title='bbox 1356 5031 1445 5092; x_wconf 88' lang='lat' dir='ltr'><strong>natus</strong></span> <span class='ocrx_word' id='word_1_788' title='bbox 1458 5026 1598 5094; x_wconf 89' lang='lat' dir='ltr'><strong>adolevit,</strong></span> <span class='ocrx_word' id='word_1_789' title='bbox 1614 5029 1722 5099; x_wconf 87' lang='lat' dir='ltr'><strong>etpost</strong></span> <span class='ocrx_word' id='word_1_790' title='bbox 1734 5039 1816 5096; x_wconf 84' lang='lat' dir='ltr'><strong>rege·</strong></span> 
     </span>
     <span class='ocr_line' id='line_1_67' title="bbox 986 5114 1816 5194; baseline -0.008 -16"><span class='ocrx_word' id='word_1_791' title='bbox 986 5126 1108 5181; x_wconf 87' lang='lat' dir='ltr'><strong>neratus</strong></span> <span class='ocrx_word' id='word_1_792' title='bbox 1123 5136 1160 5176; x_wconf 85' lang='lat' dir='ltr'><strong>ex</strong></span> <span class='ocrx_word' id='word_1_793' title='bbox 1175 5135 1254 5193; x_wconf 85' lang='lat' dir='ltr'><strong>aqua</strong></span> <span class='ocrx_word' id='word_1_794' title='bbox 1268 5124 1297 5176; x_wconf 91' lang='lat' dir='ltr'><strong>et</strong></span> <span class='ocrx_word' id='word_1_795' title='bbox 1310 5118 1419 5194; x_wconf 90' lang='lat' dir='ltr'><strong>Spiritu</strong></span> <span class='ocrx_word' id='word_1_796' title='bbox 1442 5121 1556 5184; x_wconf 87' lang='lat' dir='ltr'><strong>saneto,</strong></span> <span class='ocrx_word' id='word_1_797' title='bbox 1571 5115 1614 5174; x_wconf 91' lang='lat' dir='ltr'><strong>ibi</strong></span> <span class='ocrx_word' id='word_1_798' title='bbox 1632 5114 1816 5188; x_wconf 85' lang='lat' dir='ltr'><strong>assumptio·</strong></span> 
     </span>
     <span class='ocr_line' id='line_1_68' title="bbox 986 5205 1814 5280; baseline -0.005 -16"><span class='ocrx_word' id='word_1_799' title='bbox 986 5209 1033 5264; x_wconf 89' lang='lat' dir='ltr'><strong>nis</strong></span> <span class='ocrx_word' id='word_1_800' title='bbox 1046 5223 1107 5264; x_wconf 79' lang='lat' dir='ltr'><strong>sua</strong></span> <span class='ocrx_word' id='word_1_801' title='bbox 1121 5207 1153 5265; x_wconf 89' lang='lat' dir='ltr'><strong>in</strong></span> <span class='ocrx_word' id='word_1_802' title='bbox 1167 5223 1269 5279; x_wconf 87' lang='lat' dir='ltr'><strong>regem</strong></span> <span class='ocrx_word' id='word_1_803' title='bbox 1284 5208 1449 5266; x_wconf 88' lang='lat' dir='ltr'><strong>solemnem</strong></span> <span class='ocrx_word' id='word_1_804' title='bbox 1467 5205 1569 5279; x_wconf 88' lang='lat' dir='ltr'><strong>utique</strong></span> <span class='ocrx_word' id='word_1_805' title='bbox 1579 5205 1711 5280; x_wconf 86' lang='lat' dir='ltr'><strong>percepit</strong></span> <span class='ocrx_word' id='word_1_806' title='bbox 1722 5205 1814 5262; x_wconf 53' lang='lat' dir='ltr'><strong>bene*</strong></span> 
     </span>
     <span class='ocr_line' id='line_1_69' title="bbox 986 5293 1814 5369; baseline -0.004 -14"><span class='ocrx_word' id='word_1_807' title='bbox 986 5297 1158 5355; x_wconf 91' lang='lat' dir='ltr'><strong>dictionem.</strong></span> <span class='ocrx_word' id='word_1_808' title='bbox 1190 5299 1324 5360; x_wconf 76' lang='lat' dir='ltr'><strong>bombus</strong></span> <span class='ocrx_word' id='word_1_809' title='bbox 1345 5296 1435 5354; x_wconf 89' lang='lat' dir='ltr'><strong>etiam</strong></span> <span class='ocrx_word' id='word_1_810' title='bbox 1453 5296 1651 5356; x_wconf 83' lang='lat' dir='ltr'><strong>Theodericus</strong></span> <span class='ocrx_word' id='word_1_811' title='bbox 1677 5293 1814 5369; x_wconf 86' lang='lat' dir='ltr'><strong>ejusdem</strong></span> 
     </span>
     <span class='ocr_line' id='line_1_70' title="bbox 986 5385 1814 5459; baseline -0.001 -17"><span class='ocrx_word' id='word_1_812' title='bbox 986 5386 1111 5449; x_wconf 88' lang='lat' dir='ltr'><strong>civitatis</strong></span> <span class='ocrx_word' id='word_1_813' title='bbox 1143 5385 1315 5459; x_wconf 88' lang='lat' dir='ltr'><strong>episcopus,</strong></span> <span class='ocrx_word' id='word_1_814' title='bbox 1342 5386 1430 5456; x_wconf 87' lang='lat' dir='ltr'><strong>eujus</strong></span> <span class='ocrx_word' id='word_1_815' title='bbox 1457 5402 1517 5444; x_wconf 77' lang='lat' dir='ltr'><strong>vox</strong></span> <span class='ocrx_word' id='word_1_816' title='bbox 1546 5387 1669 5446; x_wconf 85' lang='lat' dir='ltr'><strong>laudem</strong></span> <span class='ocrx_word' id='word_1_817' title='bbox 1696 5385 1814 5443; x_wconf 83' lang='lat' dir='ltr'><strong>bomini</strong></span> 
     </span>
     <span class='ocr_line' id='line_1_71' title="bbox 985 5475 1815 5551; baseline -0.008 -12"><span class='ocrx_word' id='word_1_818' title='bbox 985 5478 1075 5551; x_wconf 88' lang='lat' dir='ltr'><strong>digne</strong></span> <span class='ocrx_word' id='word_1_819' title='bbox 1089 5480 1118 5533; x_wconf 90' lang='lat' dir='ltr'><strong>ct</strong></span> <span class='ocrx_word' id='word_1_820' title='bbox 1130 5475 1321 5536; x_wconf 89' lang='lat' dir='ltr'><strong>laudabiliter</strong></span> <span class='ocrx_word' id='word_1_821' title='bbox 1335 5477 1499 5548; x_wconf 75' lang='lat' dir='ltr'><strong>eructabat,</strong></span> <span class='ocrx_word' id='word_1_822' title='bbox 1510 5479 1612 5536; x_wconf 87' lang='lat' dir='ltr'><strong>volens</strong></span> <span class='ocrx_word' id='word_1_823' title='bbox 1637 5477 1742 5535; x_wconf 86' lang='lat' dir='ltr'><strong>baberi</strong></span> <span class='ocrx_word' id='word_1_824' title='bbox 1752 5487 1815 5533; x_wconf 64' lang='lat' dir='ltr'><strong>me</strong></span> 
     </span>
     <span class='ocr_line' id='line_1_72' title="bbox 984 5565 1812 5637; baseline -0.005 -11"><span class='ocrx_word' id='word_1_825' title='bbox 984 5569 1114 5628; x_wconf 91' lang='lat' dir='ltr'><strong>moriam</strong></span> <span class='ocrx_word' id='word_1_826' title='bbox 1127 5566 1174 5624; x_wconf 88' lang='lat' dir='ltr'><strong>sui</strong></span> <span class='ocrx_word' id='word_1_827' title='bbox 1188 5565 1318 5630; x_wconf 86' lang='lat' dir='ltr'><strong>nominis</strong></span> <span class='ocrx_word' id='word_1_828' title='bbox 1337 5567 1368 5626; x_wconf 90' lang='lat' dir='ltr'><strong>in</strong></span> <span class='ocrx_word' id='word_1_829' title='bbox 1381 5567 1564 5626; x_wconf 83' lang='lat' dir='ltr'><strong>monasterio</strong></span> <span class='ocrx_word' id='word_1_830' title='bbox 1577 5570 1688 5624; x_wconf 77' lang='lat' dir='ltr'><strong>sanctae</strong></span> <span class='ocrx_word' id='word_1_831' title='bbox 1700 5565 1812 5637; x_wconf 82' lang='lat' dir='ltr'><strong>Crucis,</strong></span> 
     </span>
    </p>
   </div>
   <div class='ocr_carea' id='block_1_16' title="bbox 98 5649 1815 5744">
    <p class='ocr_par' dir='ltr' id='par_1_17' title="bbox 98 5649 1815 5744">
     <span class='ocr_line' id='line_1_73' title="bbox 98 5649 1815 5744; baseline 0.001 -38"><span class='ocrx_word' id='word_1_832' title='bbox 98 5651 226 5742; x_wconf 84' lang='lat' dir='ltr'><strong>speciali</strong></span> <span class='ocrx_word' id='word_1_833' title='bbox 257 5658 358 5741; x_wconf 66' lang='lat' dir='ltr'><strong>autern</strong></span> <span class='ocrx_word' id='word_1_834' title='bbox 388 5669 443 5712; x_wconf 88' lang='lat' dir='ltr'><strong>suo</strong></span> <span class='ocrx_word' id='word_1_835' title='bbox 475 5657 545 5744; x_wconf 78' lang='lat' dir='ltr'><strong>post</strong></span> <span class='ocrx_word' id='word_1_836' title='bbox 576 5651 736 5724; x_wconf 84' lang='lat' dir='ltr'><strong>Dominum</strong></span> <span class='ocrx_word' id='word_1_837' title='bbox 761 5653 929 5716; x_wconf 88' lang='lat' dir='ltr'><strong>amicorum</strong></span> <span class='ocrx_word' id='word_1_838' title='bbox 981 5651 1384 5727; x_wconf 85' lang='lat' dir='ltr'><strong>juhetvasfieriaxcentum</strong></span> <span class='ocrx_word' id='word_1_839' title='bbox 1398 5649 1815 5728; x_wconf 81' lang='lat' dir='ltr'><strong>solidisaurioptimi‚inquo</strong></span> 
     </span>
    </p>
   </div>
   <div class='ocr_carea' id='block_1_17' title="bbox 0 0 2004 6182">
    <p class='ocr_par' dir='ltr' id='par_1_18' title="bbox 0 0 2004 6182">
     <span class='ocr_line' id='line_1_74' title="bbox 0 0 2004 6182; baseline 0 0"><span class='ocrx_word' id='word_1_840' title='bbox 0 0 2004 6182; x_wconf 95' lang='lat' dir='ltr'><strong> </strong></span> 
     </span>
    </p>
   </div>
  </div>
 </body>
</html>
