<?xml version="1.0" encoding="UTF-8"?>
<!DOCTYPE html PUBLIC "-//W3C//DTD XHTML 1.0 Transitional//EN"
    "http://www.w3.org/TR/xhtml1/DTD/xhtml1-transitional.dtd">
<html xmlns="http://www.w3.org/1999/xhtml" xml:lang="en" lang="en">
 <head>
  <title>
</title>
<meta http-equiv="Content-Type" content="text/html;charset=utf-8" />
  <meta name='ocr-system' content='tesseract 3.04.00' />
  <meta name='ocr-capabilities' content='ocr_page ocr_carea ocr_par ocr_line ocrx_word'/>
</head>
<body>
  <div class='ocr_page' id='page_1' title='image "./patrologiaecurs127unkngoog_0208.png"; bbox 0 0 4002 6174; ppageno 0'>
   <div class='ocr_carea' id='block_1_1' title="bbox 154 169 246 223">
    <p class='ocr_par' dir='ltr' id='par_1_1' title="bbox 154 169 246 223">
     <span class='ocr_line' id='line_1_1' title="bbox 154 169 246 223; baseline -0.043 1"><span class='ocrx_word' id='word_1_1' title='bbox 154 199 157 204; x_wconf 95' lang='lat'><em>·</em></span> <span class='ocrx_word' id='word_1_2' title='bbox 194 169 246 223; x_wconf 76' lang='lat'><strong>407</strong></span> 
     </span>
    </p>
   </div>
   <div class='ocr_carea' id='block_1_2' title="bbox 884 153 1215 214">
    <p class='ocr_par' dir='ltr' id='par_1_2' title="bbox 884 153 1215 214">
     <span class='ocr_line' id='line_1_2' title="bbox 884 153 1215 214; baseline 0.009 -3"><span class='ocrx_word' id='word_1_3' title='bbox 884 153 1057 212; x_wconf 80' lang='lat' dir='ltr'><strong>-sulnottls</strong></span> <span class='ocrx_word' id='word_1_4' title='bbox 1075 155 1215 214; x_wconf 77' lang='lat' dir='ltr'><strong>Ausum</strong></span> 
     </span>
    </p>
   </div>
   <div class='ocr_carea' id='block_1_3' title="bbox 195 280 1802 357">
    <p class='ocr_par' dir='ltr' id='par_1_3' title="bbox 195 280 1802 357">
     <span class='ocr_line' id='line_1_3' title="bbox 195 280 1802 357; baseline -0.005 -13"><span class='ocrx_word' id='word_1_5' title='bbox 195 287 339 347; x_wconf 82' lang='lat' dir='ltr'><strong>Gravinm</strong></span> <span class='ocrx_word' id='word_1_6' title='bbox 349 289 469 344; x_wconf 68' lang='lat' dir='ltr'><strong>acaum</strong></span> <span class='ocrx_word' id='word_1_7' title='bbox 485 284 585 357; x_wconf 91' lang='lat' dir='ltr'><strong>signat</strong></span> <span class='ocrx_word' id='word_1_8' title='bbox 596 297 650 356; x_wconf 89' lang='lat' dir='ltr'><strong>per</strong></span> <span class='ocrx_word' id='word_1_9' title='bbox 665 281 805 339; x_wconf 89' lang='lat' dir='ltr'><strong>eamdem</strong></span> <span class='ocrx_word' id='word_1_10' title='bbox 819 280 959 348; x_wconf 79' lang='lat' dir='ltr'><strong>litteram,</strong></span> <span class='ocrx_word' id='word_1_11' title='bbox 1037 281 1058 335; x_wconf 77' lang='grc' dir='ltr'><strong>Α</strong></span> <span class='ocrx_word' id='word_1_12' title='bbox 1178 280 1251 348; x_wconf 75' lang='lat' dir='ltr'><strong>Quo</strong></span> <span class='ocrx_word' id='word_1_13' title='bbox 1260 295 1344 340; x_wconf 85' lang='lat' dir='ltr'><strong>noces</strong></span> <span class='ocrx_word' id='word_1_14' title='bbox 1357 281 1471 340; x_wconf 72' lang='lat' dir='ltr'><strong>emtori</strong></span> <span class='ocrx_word' id='word_1_15' title='bbox 1483 281 1530 338; x_wconf 86' lang='lat' dir='ltr'><strong>cet</strong></span> <span class='ocrx_word' id='word_1_16' title='bbox 1541 280 1669 352; x_wconf 79' lang='lat' dir='ltr'><strong>procori</strong></span> <span class='ocrx_word' id='word_1_17' title='bbox 1677 280 1802 350; x_wconf 83' lang='lat' dir='ltr'><strong>possint.</strong></span> 
     </span>
    </p>
   </div>
   <div class='ocr_carea' id='block_1_4' title="bbox 195 369 1034 1609">
    <p class='ocr_par' dir='ltr' id='par_1_4' title="bbox 195 369 969 450">
     <span class='ocr_line' id='line_1_4' title="bbox 195 369 969 450; baseline -0.014 -15"><span class='ocrx_word' id='word_1_18' title='bbox 195 377 281 435; x_wconf 85' lang='lat' dir='ltr'><strong>Vocis</strong></span> <span class='ocrx_word' id='word_1_19' title='bbox 295 376 400 450; x_wconf 81' lang='lat' dir='ltr'><strong>primae</strong></span> <span class='ocrx_word' id='word_1_20' title='bbox 414 373 454 432; x_wconf 86' lang='lat' dir='ltr'><strong>ad</strong></span> <span class='ocrx_word' id='word_1_21' title='bbox 466 376 606 430; x_wconf 88' lang='lat' dir='ltr'><strong>octavam</strong></span> <span class='ocrx_word' id='word_1_22' title='bbox 618 372 666 429; x_wconf 89' lang='lat' dir='ltr'><strong>vel</strong></span> <span class='ocrx_word' id='word_1_23' title='bbox 676 371 817 428; x_wconf 88' lang='lat' dir='ltr'><strong>eamdem</strong></span> <span class='ocrx_word' id='word_1_24' title='bbox 831 369 969 426; x_wconf 79' lang='lat' dir='ltr'><strong>litteram.</strong></span> 
     </span>
    </p>

    <p class='ocr_par' dir='ltr' id='par_1_5' title="bbox 197 459 975 534">
     <span class='ocr_line' id='line_1_5' title="bbox 197 459 975 534; baseline -0.015 -9"><span class='ocrx_word' id='word_1_25' title='bbox 197 470 257 525; x_wconf 91' lang='lat' dir='ltr'><strong>lloc</strong></span> <span class='ocrx_word' id='word_1_26' title='bbox 273 463 468 522; x_wconf 78' lang='lat' dir='ltr'><strong>concordiam</strong></span> <span class='ocrx_word' id='word_1_27' title='bbox 482 477 628 520; x_wconf 89' lang='lat' dir='ltr'><strong>sonorum</strong></span> <span class='ocrx_word' id='word_1_28' title='bbox 642 460 792 534; x_wconf 84' lang='lat' dir='ltr'>diapason</span> <span class='ocrx_word' id='word_1_29' title='bbox 808 459 975 526; x_wconf 90' lang='lat' dir='ltr'><strong>nominant,</strong></span> 
     </span>
    </p>

    <p class='ocr_par' dir='ltr' id='par_1_6' title="bbox 198 544 1027 709">
     <span class='ocr_line' id='line_1_6' title="bbox 198 544 1027 629; baseline -0.016 -15"><span class='ocrx_word' id='word_1_30' title='bbox 198 556 289 629; x_wconf 87' lang='lat' dir='ltr'><strong>Cujus</strong></span> <span class='ocrx_word' id='word_1_31' title='bbox 312 568 425 611; x_wconf 91' lang='lat' dir='ltr'><strong>nomen</strong></span> <span class='ocrx_word' id='word_1_32' title='bbox 453 555 498 609; x_wconf 88' lang='lat' dir='ltr'><strong>est</strong></span> <span class='ocrx_word' id='word_1_33' title='bbox 520 551 559 610; x_wconf 89' lang='lat' dir='ltr'><strong>de</strong></span> <span class='ocrx_word' id='word_1_34' title='bbox 588 551 703 608; x_wconf 91' lang='lat' dir='ltr'><strong>cunctis</strong></span> <span class='ocrx_word' id='word_1_35' title='bbox 730 549 910 608; x_wconf 91' lang='lat' dir='ltr'><strong>translatam</strong></span> <span class='ocrx_word' id='word_1_36' title='bbox 930 544 1027 604; x_wconf 90' lang='lat' dir='ltr'><strong>adlit·</strong></span> 
     </span>
     <span class='ocr_line' id='line_1_7' title="bbox 875 638 991 709; baseline 0.017 -17"><span class='ocrx_word' id='word_1_37' title='bbox 875 638 991 709; x_wconf 90' lang='lat' dir='ltr'><strong>[teram,</strong></span> 
     </span>
    </p>

    <p class='ocr_par' dir='ltr' id='par_1_7' title="bbox 198 723 993 807">
     <span class='ocr_line' id='line_1_8' title="bbox 198 723 993 807; baseline -0.015 -15"><span class='ocrx_word' id='word_1_38' title='bbox 198 736 309 792; x_wconf 87' lang='lat' dir='ltr'><strong>Omnes</strong></span> <span class='ocrx_word' id='word_1_39' title='bbox 321 731 394 807; x_wconf 91' lang='lat' dir='ltr'><strong>quia</strong></span> <span class='ocrx_word' id='word_1_40' title='bbox 407 730 501 790; x_wconf 89' lang='lat' dir='ltr'><strong>habet</strong></span> <span class='ocrx_word' id='word_1_41' title='bbox 512 744 613 796; x_wconf 90' lang='lat' dir='ltr'><strong>voces,</strong></span> <span class='ocrx_word' id='word_1_42' title='bbox 626 727 673 786; x_wconf 90' lang='lat' dir='ltr'><strong>vel</strong></span> <span class='ocrx_word' id='word_1_43' title='bbox 686 727 759 801; x_wconf 90' lang='lat' dir='ltr'><strong>quia</strong></span> <span class='ocrx_word' id='word_1_44' title='bbox 775 731 870 784; x_wconf 90' lang='lat' dir='ltr'><strong>totam</strong></span> <span class='ocrx_word' id='word_1_45' title='bbox 881 723 993 781; x_wconf 82' lang='lat' dir='ltr'><strong>bneam</strong></span> 
     </span>
    </p>

    <p class='ocr_par' dir='ltr' id='par_1_8' title="bbox 198 815 941 897">
     <span class='ocr_line' id='line_1_9' title="bbox 198 815 941 897; baseline -0.013 -16"><span class='ocrx_word' id='word_1_46' title='bbox 198 827 252 882; x_wconf 89' lang='lat' dir='ltr'><strong>Per</strong></span> <span class='ocrx_word' id='word_1_47' title='bbox 263 823 341 881; x_wconf 92' lang='lat' dir='ltr'><strong>duos</strong></span> <span class='ocrx_word' id='word_1_48' title='bbox 354 821 483 897; x_wconf 87' lang='lat' dir='ltr'><strong>partitur</strong></span> <span class='ocrx_word' id='word_1_49' title='bbox 491 835 600 894; x_wconf 90' lang='lat' dir='ltr'><strong>passus</strong></span> <span class='ocrx_word' id='word_1_50' title='bbox 618 818 649 875; x_wconf 94' lang='lat' dir='ltr'><strong>in</strong></span> <span class='ocrx_word' id='word_1_51' title='bbox 660 816 800 875; x_wconf 90' lang='lat' dir='ltr'><strong>eamdem</strong></span> <span class='ocrx_word' id='word_1_52' title='bbox 814 815 941 872; x_wconf 89' lang='lat' dir='ltr'><strong>litteram</strong></span> 
     </span>
    </p>

    <p class='ocr_par' dir='ltr' id='par_1_9' title="bbox 200 905 940 987">
     <span class='ocr_line' id='line_1_10' title="bbox 200 905 940 987; baseline -0.015 -16"><span class='ocrx_word' id='word_1_53' title='bbox 200 916 241 971; x_wconf 85' lang='lat' dir='ltr'><strong>Ea</strong></span> <span class='ocrx_word' id='word_1_54' title='bbox 254 913 362 987; x_wconf 89' lang='lat' dir='ltr'><strong>bisque</strong></span> <span class='ocrx_word' id='word_1_55' title='bbox 373 911 526 984; x_wconf 88' lang='lat' dir='ltr'><strong>geminata</strong></span> <span class='ocrx_word' id='word_1_56' title='bbox 536 907 779 966; x_wconf 90' lang='lat' dir='ltr'><strong>monochordum</strong></span> <span class='ocrx_word' id='word_1_57' title='bbox 792 905 940 962; x_wconf 80' lang='lat' dir='ltr'><strong>terminat.</strong></span> 
     </span>
    </p>

    <p class='ocr_par' dir='ltr' id='par_1_10' title="bbox 200 994 886 1076">
     <span class='ocr_line' id='line_1_11' title="bbox 200 994 886 1076; baseline -0.016 -15"><span class='ocrx_word' id='word_1_58' title='bbox 200 1003 337 1076; x_wconf 81' lang='lat' dir='ltr'>Quinque</span> <span class='ocrx_word' id='word_1_59' title='bbox 350 1001 441 1059; x_wconf 88' lang='lat' dir='ltr'><strong>habet</strong></span> <span class='ocrx_word' id='word_1_60' title='bbox 454 1001 521 1075; x_wconf 91' lang='lat' dir='ltr'><strong>ipsa</strong></span> <span class='ocrx_word' id='word_1_61' title='bbox 532 1004 631 1069; x_wconf 90' lang='lat' dir='ltr'><strong>tonos,</strong></span> <span class='ocrx_word' id='word_1_62' title='bbox 644 997 706 1053; x_wconf 91' lang='lat' dir='ltr'><strong>duo</strong></span> <span class='ocrx_word' id='word_1_63' title='bbox 719 994 886 1053; x_wconf 87' lang='lat' dir='ltr'><strong>semitonia.</strong></span> 
     </span>
    </p>

    <p class='ocr_par' dir='ltr' id='par_1_11' title="bbox 202 1085 869 1164">
     <span class='ocr_line' id='line_1_12' title="bbox 202 1085 869 1164; baseline -0.013 -15"><span class='ocrx_word' id='word_1_64' title='bbox 202 1092 297 1149; x_wconf 83' lang='lat' dir='ltr'><strong>Habet</strong></span> <span class='ocrx_word' id='word_1_65' title='bbox 310 1091 341 1148; x_wconf 90' lang='lat' dir='ltr'><strong>in</strong></span> <span class='ocrx_word' id='word_1_66' title='bbox 355 1107 387 1148; x_wconf 89' lang='lat' dir='ltr'><strong>se</strong></span> <span class='ocrx_word' id='word_1_67' title='bbox 398 1089 550 1164; x_wconf 81' lang='lat' dir='ltr'><strong>diapente,</strong></span> <span class='ocrx_word' id='word_1_68' title='bbox 566 1091 656 1160; x_wconf 90' lang='lat' dir='ltr'><strong>atque</strong></span> <span class='ocrx_word' id='word_1_69' title='bbox 671 1085 869 1142; x_wconf 89' lang='lat' dir='ltr'><strong>diatessaron.</strong></span> 
     </span>
    </p>

    <p class='ocr_par' dir='ltr' id='par_1_12' title="bbox 201 1173 924 1252">
     <span class='ocr_line' id='line_1_13' title="bbox 201 1173 924 1252; baseline -0.017 -13"><span class='ocrx_word' id='word_1_70' title='bbox 201 1182 330 1240; x_wconf 79' lang='lat' dir='ltr'><strong>Maxima</strong></span> <span class='ocrx_word' id='word_1_71' title='bbox 345 1178 598 1252; x_wconf 81' lang='lat' dir='ltr'><strong>symphoniarum</strong></span> <span class='ocrx_word' id='word_1_72' title='bbox 610 1177 638 1232; x_wconf 91' lang='lat' dir='ltr'><strong>et</strong></span> <span class='ocrx_word' id='word_1_73' title='bbox 650 1190 761 1231; x_wconf 92' lang='lat' dir='ltr'><strong>vocum</strong></span> <span class='ocrx_word' id='word_1_74' title='bbox 776 1177 805 1230; x_wconf 92' lang='lat' dir='ltr'><strong>et</strong></span> <span class='ocrx_word' id='word_1_75' title='bbox 814 1173 924 1229; x_wconf 90' lang='lat' dir='ltr'><strong>unitas.</strong></span> 
     </span>
    </p>

    <p class='ocr_par' dir='ltr' id='par_1_13' title="bbox 202 1261 978 1342">
     <span class='ocr_line' id='line_1_14' title="bbox 202 1261 978 1342; baseline -0.015 -14"><span class='ocrx_word' id='word_1_76' title='bbox 202 1271 298 1338; x_wconf 92' lang='lat' dir='ltr'><strong>lliror,</strong></span> <span class='ocrx_word' id='word_1_77' title='bbox 314 1273 445 1342; x_wconf 88' lang='lat' dir='ltr'><strong>quatuor</strong></span> <span class='ocrx_word' id='word_1_78' title='bbox 454 1265 607 1341; x_wconf 90' lang='lat' dir='ltr'><strong>quosdam</strong></span> <span class='ocrx_word' id='word_1_79' title='bbox 622 1263 727 1321; x_wconf 84' lang='lat' dir='ltr'><strong>iecisse</strong></span> <span class='ocrx_word' id='word_1_80' title='bbox 740 1263 829 1335; x_wconf 88' lang='lat' dir='ltr'><strong>signa</strong></span> <span class='ocrx_word' id='word_1_81' title='bbox 842 1261 978 1328; x_wconf 89' lang='lat' dir='ltr'><strong>vocibus,</strong></span> 
     </span>
    </p>

    <p class='ocr_par' dir='ltr' id='par_1_14' title="bbox 204 1349 1034 1512">
     <span class='ocr_line' id='line_1_15' title="bbox 204 1349 1034 1430; baseline -0.013 -15"><span class='ocrx_word' id='word_1_82' title='bbox 204 1358 294 1425; x_wconf 86' lang='lat' dir='ltr'><strong>Quasi</strong></span> <span class='ocrx_word' id='word_1_83' title='bbox 309 1356 423 1430; x_wconf 79' lang='lat' dir='ltr'><strong>quintae</strong></span> <span class='ocrx_word' id='word_1_84' title='bbox 437 1355 496 1412; x_wconf 90' lang='lat' dir='ltr'><strong>sint</strong></span> <span class='ocrx_word' id='word_1_85' title='bbox 508 1354 634 1425; x_wconf 79' lang='lat' dir='ltr'><strong>eaedem,</strong></span> <span class='ocrx_word' id='word_1_86' title='bbox 649 1368 781 1426; x_wconf 91' lang='lat' dir='ltr'><strong>quarum</strong></span> <span class='ocrx_word' id='word_1_87' title='bbox 789 1351 931 1425; x_wconf 80' lang='lat' dir='ltr'><strong>quaedam</strong></span> <span class='ocrx_word' id='word_1_88' title='bbox 940 1349 1034 1405; x_wconf 90' lang='lat' dir='ltr'><strong>disso-</strong></span> 
     </span>
     <span class='ocr_line' id='line_1_16' title="bbox 901 1440 996 1512; baseline -0.021 -16"><span class='ocrx_word' id='word_1_89' title='bbox 901 1440 996 1512; x_wconf 88' lang='lat' dir='ltr'><strong>[nant.</strong></span> 
     </span>
    </p>

    <p class='ocr_par' dir='ltr' id='par_1_15' title="bbox 206 1529 1034 1609">
     <span class='ocr_line' id='line_1_17' title="bbox 206 1529 1034 1609; baseline -0.011 -16"><span class='ocrx_word' id='word_1_90' title='bbox 206 1533 362 1607; x_wconf 79' lang='lat' dir='ltr'><strong>Quaedam,</strong></span> <span class='ocrx_word' id='word_1_91' title='bbox 378 1533 519 1609; x_wconf 91' lang='lat' dir='ltr'><strong>quamvis</strong></span> <span class='ocrx_word' id='word_1_92' title='bbox 533 1533 591 1591; x_wconf 91' lang='lat' dir='ltr'><strong>sint</strong></span> <span class='ocrx_word' id='word_1_93' title='bbox 605 1530 721 1601; x_wconf 85' lang='lat' dir='ltr'><strong>affines,</strong></span> <span class='ocrx_word' id='word_1_94' title='bbox 736 1545 798 1588; x_wconf 92' lang='lat' dir='ltr'><strong>non</strong></span> <span class='ocrx_word' id='word_1_95' title='bbox 818 1529 947 1604; x_wconf 88' lang='lat' dir='ltr'><strong>perlecto</strong></span> <span class='ocrx_word' id='word_1_96' title='bbox 962 1543 1034 1585; x_wconf 93' lang='lat' dir='ltr'><strong>con·</strong></span> 
     </span>
    </p>
   </div>
   <div class='ocr_carea' id='block_1_5' title="bbox 126 1687 1045 3016">
    <p class='ocr_par' dir='ltr' id='par_1_16' title="bbox 126 1687 1036 1949">
     <span class='ocr_line' id='line_1_18' title="bbox 389 1687 791 1761; baseline -0.012 -10"><span class='ocrx_word' id='word_1_97' title='bbox 389 1687 392 1692; x_wconf 59' lang='grc'>“</span> <span class='ocrx_word' id='word_1_98' title='bbox 450 1695 526 1752; x_wconf 83' lang='lat' dir='ltr'><strong>Item</strong></span> <span class='ocrx_word' id='word_1_99' title='bbox 538 1694 575 1750; x_wconf 87' lang='lat' dir='ltr'><strong>de</strong></span> <span class='ocrx_word' id='word_1_100' title='bbox 586 1692 791 1761; x_wconf 78' lang='lat' dir='ltr'><strong>divisionibus,</strong></span> 
     </span>
     <span class='ocr_line' id='line_1_19' title="bbox 207 1779 1035 1854; baseline -0.012 -10"><span class='ocrx_word' id='word_1_101' title='bbox 207 1791 280 1844; x_wconf 92' lang='lat' dir='ltr'><strong>ltem</strong></span> <span class='ocrx_word' id='word_1_102' title='bbox 293 1785 420 1842; x_wconf 84' lang='lat' dir='ltr'><strong>Gemma</strong></span> <span class='ocrx_word' id='word_1_103' title='bbox 435 1783 473 1840; x_wconf 91' lang='lat' dir='ltr'><strong>de</strong></span> <span class='ocrx_word' id='word_1_104' title='bbox 484 1782 611 1841; x_wconf 86' lang='lat' dir='ltr'><strong>novenis</strong></span> <span class='ocrx_word' id='word_1_105' title='bbox 626 1780 779 1854; x_wconf 90' lang='lat' dir='ltr'><strong>passibus,</strong></span> <span class='ocrx_word' id='word_1_106' title='bbox 791 1796 869 1854; x_wconf 92' lang='lat' dir='ltr'><strong>quos</strong></span> <span class='ocrx_word' id='word_1_107' title='bbox 894 1779 1035 1848; x_wconf 79' lang='lat' dir='ltr'><strong>diximus,</strong></span> 
     </span>
     <span class='ocr_line' id='line_1_20' title="bbox 126 1870 1036 1949; baseline -0.012 -14"><span class='ocrx_word' id='word_1_108' title='bbox 126 1905 141 1922; x_wconf 69' lang='lat' dir='ltr'><strong>e</strong></span> <span class='ocrx_word' id='word_1_109' title='bbox 210 1876 290 1935; x_wconf 88' lang='lat' dir='ltr'><strong>Sicut</strong></span> <span class='ocrx_word' id='word_1_110' title='bbox 303 1874 434 1949; x_wconf 85' lang='lat' dir='ltr'><strong>primam</strong></span> <span class='ocrx_word' id='word_1_111' title='bbox 447 1889 555 1947; x_wconf 91' lang='lat' dir='ltr'><strong>passus</strong></span> <span class='ocrx_word' id='word_1_112' title='bbox 568 1871 694 1946; x_wconf 90' lang='lat' dir='ltr'><strong>primus,</strong></span> <span class='ocrx_word' id='word_1_113' title='bbox 706 1871 748 1928; x_wconf 91' lang='lat' dir='ltr'><strong>sic</strong></span> <span class='ocrx_word' id='word_1_114' title='bbox 762 1870 815 1928; x_wconf 90' lang='lat' dir='ltr'><strong>dat</strong></span> <span class='ocrx_word' id='word_1_115' title='bbox 828 1873 969 1944; x_wconf 80' lang='lat' dir='ltr'><strong>quartam</strong></span> <span class='ocrx_word' id='word_1_116' title='bbox 979 1873 1036 1928; x_wconf 89' lang='lat' dir='ltr'><strong>ter-</strong></span> 
     </span>
    </p>

    <p class='ocr_par' dir='ltr' id='par_1_17' title="bbox 209 1958 1045 3016">
     <span class='ocr_line' id='line_1_21' title="bbox 922 1958 1000 2032; baseline -0.026 -16"><span class='ocrx_word' id='word_1_117' title='bbox 922 1958 1000 2032; x_wconf 87' lang='lat' dir='ltr'><strong>[tins,</strong></span> 
     </span>
     <span class='ocr_line' id='line_1_22' title="bbox 209 2049 1038 2127; baseline -0.01 -15"><span class='ocrx_word' id='word_1_118' title='bbox 209 2052 340 2112; x_wconf 87' lang='lat' dir='ltr'><strong>Primam</strong></span> <span class='ocrx_word' id='word_1_119' title='bbox 354 2052 489 2126; x_wconf 90' lang='lat' dir='ltr'><strong>quintus,</strong></span> <span class='ocrx_word' id='word_1_120' title='bbox 504 2056 643 2127; x_wconf 90' lang='lat' dir='ltr'><strong>quartam</strong></span> <span class='ocrx_word' id='word_1_121' title='bbox 658 2055 769 2119; x_wconf 87' lang='lat' dir='ltr'><strong>sextus,</strong></span> <span class='ocrx_word' id='word_1_122' title='bbox 785 2049 916 2124; x_wconf 88' lang='lat' dir='ltr'><strong>primam</strong></span> <span class='ocrx_word' id='word_1_123' title='bbox 935 2064 1038 2108; x_wconf 89' lang='lat' dir='ltr'><strong>rursus</strong></span> 
     </span>
     <span class='ocr_line' id='line_1_23' title="bbox 834 2139 1002 2213; baseline -0.012 -17"><span class='ocrx_word' id='word_1_124' title='bbox 834 2139 1002 2213; x_wconf 73' lang='lat' dir='ltr'><strong>[septimun.</strong></span> 
     </span>
     <span class='ocr_line' id='line_1_24' title="bbox 211 2227 1039 2306; baseline -0.007 -17"><span class='ocrx_word' id='word_1_125' title='bbox 211 2231 316 2288; x_wconf 81' lang='lat' dir='ltr'><strong>Pnimoe</strong></span> <span class='ocrx_word' id='word_1_126' title='bbox 326 2247 447 2306; x_wconf 88' lang='lat' dir='ltr'><strong>quoqne</strong></span> <span class='ocrx_word' id='word_1_127' title='bbox 461 2246 572 2304; x_wconf 90' lang='lat' dir='ltr'><strong>passus</strong></span> <span class='ocrx_word' id='word_1_128' title='bbox 584 2227 699 2302; x_wconf 87' lang='lat' dir='ltr'><strong>primus</strong></span> <span class='ocrx_word' id='word_1_129' title='bbox 709 2232 743 2285; x_wconf 93' lang='lat' dir='ltr'><strong>nt</strong></span> <span class='ocrx_word' id='word_1_130' title='bbox 752 2229 919 2286; x_wconf 87' lang='lat' dir='ltr'><strong>secundam</strong></span> <span class='ocrx_word' id='word_1_131' title='bbox 929 2227 1039 2296; x_wconf 83' lang='lat' dir='ltr'><strong>statuit,</strong></span> 
     </span>
     <span class='ocr_line' id='line_1_25' title="bbox 214 2317 950 2393; baseline -0.007 -14"><span class='ocrx_word' id='word_1_132' title='bbox 214 2321 260 2380; x_wconf 90' lang='lat' dir='ltr'><strong>Sic</strong></span> <span class='ocrx_word' id='word_1_133' title='bbox 273 2325 301 2378; x_wconf 92' lang='lat' dir='ltr'><strong>ct</strong></span> <span class='ocrx_word' id='word_1_134' title='bbox 315 2320 417 2378; x_wconf 91' lang='lat' dir='ltr'><strong>tertius</strong></span> <span class='ocrx_word' id='word_1_135' title='bbox 431 2319 462 2376; x_wconf 92' lang='lat' dir='ltr'><strong>in</strong></span> <span class='ocrx_word' id='word_1_136' title='bbox 473 2319 579 2393; x_wconf 88' lang='lat' dir='ltr'><strong>quinta</strong></span> <span class='ocrx_word' id='word_1_137' title='bbox 592 2318 685 2375; x_wconf 88' lang='lat' dir='ltr'><strong>linem</strong></span> <span class='ocrx_word' id='word_1_138' title='bbox 700 2335 789 2375; x_wconf 92' lang='lat' dir='ltr'><strong>snum</strong></span> <span class='ocrx_word' id='word_1_139' title='bbox 802 2317 950 2376; x_wconf 87' lang='lat' dir='ltr'><strong>terminat.</strong></span> 
     </span>
     <span class='ocr_line' id='line_1_26' title="bbox 214 2407 1043 2482; baseline -0.006 -14"><span class='ocrx_word' id='word_1_140' title='bbox 214 2410 340 2478; x_wconf 84' lang='lat' dir='ltr'><strong>Quintus</strong></span> <span class='ocrx_word' id='word_1_141' title='bbox 352 2408 435 2466; x_wconf 91' lang='lat' dir='ltr'><strong>idem</strong></span> <span class='ocrx_word' id='word_1_142' title='bbox 447 2408 686 2478; x_wconf 88' lang='lat' dir='ltr'><strong>datsecnndam,</strong></span> <span class='ocrx_word' id='word_1_143' title='bbox 707 2412 808 2465; x_wconf 87' lang='lat' dir='ltr'><strong>sextus</strong></span> <span class='ocrx_word' id='word_1_144' title='bbox 835 2407 974 2482; x_wconf 87' lang='lat' dir='ltr'><strong>quintam</strong></span> <span class='ocrx_word' id='word_1_145' title='bbox 998 2421 1043 2464; x_wconf 89' lang='lat' dir='ltr'><strong>re·</strong></span> 
     </span>
     <span class='ocr_line' id='line_1_27' title="bbox 893 2497 1006 2570; baseline -0.018 -15"><span class='ocrx_word' id='word_1_146' title='bbox 893 2497 1006 2570; x_wconf 89' lang='lat' dir='ltr'><strong>[novat.</strong></span> 
     </span>
     <span class='ocr_line' id='line_1_28' title="bbox 218 2585 1044 2660; baseline -0.004 -16"><span class='ocrx_word' id='word_1_147' title='bbox 218 2585 335 2644; x_wconf 86' lang='lat' dir='ltr'><strong>Primus</strong></span> <span class='ocrx_word' id='word_1_148' title='bbox 354 2602 477 2660; x_wconf 91' lang='lat' dir='ltr'><strong>quoque</strong></span> <span class='ocrx_word' id='word_1_149' title='bbox 506 2585 543 2644; x_wconf 89' lang='lat' dir='ltr'><strong>de</strong></span> <span class='ocrx_word' id='word_1_150' title='bbox 559 2585 713 2660; x_wconf 89' lang='lat' dir='ltr'><strong>quaternis</strong></span> <span class='ocrx_word' id='word_1_151' title='bbox 733 2589 866 2643; x_wconf 80' lang='lat' dir='ltr'><strong>Gammae</strong></span> <span class='ocrx_word' id='word_1_152' title='bbox 884 2585 1044 2660; x_wconf 88' lang='lat' dir='ltr'><strong>diotispas·</strong></span> 
     </span>
     <span class='ocr_line' id='line_1_29' title="bbox 916 2673 1009 2747; baseline -0.011 -16"><span class='ocrx_word' id='word_1_153' title='bbox 916 2673 1009 2747; x_wconf 88' lang='lat' dir='ltr'><strong>[sibus</strong></span> 
     </span>
     <span class='ocr_line' id='line_1_30' title="bbox 218 2763 1044 2838; baseline -0.005 -12"><span class='ocrx_word' id='word_1_154' title='bbox 218 2767 299 2826; x_wconf 90' lang='lat' dir='ltr'><strong>Siout</strong></span> <span class='ocrx_word' id='word_1_155' title='bbox 321 2765 438 2824; x_wconf 87' lang='lat' dir='ltr'><strong>tertiam</strong></span> <span class='ocrx_word' id='word_1_156' title='bbox 455 2765 654 2834; x_wconf 88' lang='lat' dir='ltr'><strong>demonstrat,</strong></span> <span class='ocrx_word' id='word_1_157' title='bbox 668 2763 710 2820; x_wconf 90' lang='lat' dir='ltr'><strong>sic</strong></span> <span class='ocrx_word' id='word_1_158' title='bbox 716 2763 866 2821; x_wconf 90' lang='lat' dir='ltr'><strong>secundus</strong></span> <span class='ocrx_word' id='word_1_159' title='bbox 873 2763 1044 2838; x_wconf 89' lang='lat' dir='ltr'><strong>septimam.</strong></span> 
     </span>
     <span class='ocr_line' id='line_1_31' title="bbox 216 2849 973 2925; baseline -0.005 -13"><span class='ocrx_word' id='word_1_160' title='bbox 216 2855 330 2913; x_wconf 81' lang='lat' dir='ltr'><strong>Tertius</strong></span> <span class='ocrx_word' id='word_1_161' title='bbox 340 2852 481 2911; x_wconf 86' lang='lat' dir='ltr'><strong>eamdem</strong></span> <span class='ocrx_word' id='word_1_162' title='bbox 497 2852 596 2924; x_wconf 90' lang='lat' dir='ltr'><strong>signat</strong></span> <span class='ocrx_word' id='word_1_163' title='bbox 610 2849 790 2925; x_wconf 89' lang='lat' dir='ltr'><strong>triplicatam</strong></span> <span class='ocrx_word' id='word_1_164' title='bbox 804 2851 973 2925; x_wconf 85' lang='lat' dir='ltr'><strong>septimam.</strong></span> 
     </span>
     <span class='ocr_line' id='line_1_32' title="bbox 218 2923 1045 3016; baseline -0.004 -15"><span class='ocrx_word' id='word_1_165' title='bbox 218 2943 345 3002; x_wconf 83' lang='lat' dir='ltr'><strong>Tertiam</strong></span> <span class='ocrx_word' id='word_1_166' title='bbox 357 2957 480 3016; x_wconf 89' lang='lat' dir='ltr'><strong>quoque</strong></span> <span class='ocrx_word' id='word_1_167' title='bbox 495 2939 685 3014; x_wconf 87' lang='lat' dir='ltr'><strong>quadrando,</strong></span> <span class='ocrx_word' id='word_1_168' title='bbox 701 2943 734 2996; x_wconf 91' lang='lat' dir='ltr'><strong>ut</strong></span> <span class='ocrx_word' id='word_1_169' title='bbox 747 2923 865 2997; x_wconf 62' lang='lat' dir='ltr'><strong>sexam</strong></span> <span class='ocrx_word' id='word_1_170' title='bbox 888 2939 1045 2998; x_wconf 85' lang='lat' dir='ltr'><strong>efficimus.</strong></span> 
     </span>
    </p>
   </div>
   <div class='ocr_carea' id='block_1_6' title="bbox 1078 368 1912 1513">
    <p class='ocr_par' dir='ltr' id='par_1_18' title="bbox 1078 368 1748 456">
     <span class='ocr_line' id='line_1_33' title="bbox 1078 368 1748 456; baseline 0 -32"><span class='ocrx_word' id='word_1_171' title='bbox 1078 371 1155 439; x_wconf 87' lang='lat' dir='ltr'><strong>Ergo</strong></span> <span class='ocrx_word' id='word_1_172' title='bbox 1168 373 1275 443; x_wconf 91' lang='lat' dir='ltr'><strong>quater</strong></span> <span class='ocrx_word' id='word_1_173' title='bbox 1293 369 1403 456; x_wconf 74' lang='lat' dir='ltr'><strong>elevpri</strong></span> <span class='ocrx_word' id='word_1_174' title='bbox 1414 368 1462 426; x_wconf 88' lang='lat' dir='ltr'><strong>vel</strong></span> <span class='ocrx_word' id='word_1_175' title='bbox 1475 368 1593 440; x_wconf 91' lang='lat' dir='ltr'><strong>gravari</strong></span> <span class='ocrx_word' id='word_1_176' title='bbox 1607 371 1748 442; x_wconf 89' lang='lat' dir='ltr'><strong>poterunt</strong></span> 
     </span>
    </p>

    <p class='ocr_par' dir='ltr' id='par_1_19' title="bbox 1079 455 1845 532">
     <span class='ocr_line' id='line_1_34' title="bbox 1079 455 1845 532; baseline -0.001 -17"><span class='ocrx_word' id='word_1_177' title='bbox 1079 457 1187 527; x_wconf 89' lang='lat' dir='ltr'><strong>Prima,</strong></span> <span class='ocrx_word' id='word_1_178' title='bbox 1201 458 1288 516; x_wconf 91' lang='lat' dir='ltr'><strong>tertia</strong></span> <span class='ocrx_word' id='word_1_179' title='bbox 1302 463 1331 516; x_wconf 89' lang='lat' dir='ltr'><strong>et</strong></span> <span class='ocrx_word' id='word_1_180' title='bbox 1343 463 1461 532; x_wconf 90' lang='lat' dir='ltr'><strong>quarta,</strong></span> <span class='ocrx_word' id='word_1_181' title='bbox 1477 457 1685 532; x_wconf 84' lang='lat' dir='ltr'><strong>quintanique</strong></span> <span class='ocrx_word' id='word_1_182' title='bbox 1698 455 1845 531; x_wconf 88' lang='lat' dir='ltr'><strong>septima;</strong></span> 
     </span>
    </p>

    <p class='ocr_par' dir='ltr' id='par_1_20' title="bbox 1082 545 1800 606">
     <span class='ocr_line' id='line_1_35' title="bbox 1082 545 1800 606; baseline -0.001 -1"><span class='ocrx_word' id='word_1_183' title='bbox 1082 548 1175 605; x_wconf 64' lang='lat' dir='ltr'><strong>&amp;xta</strong></span> <span class='ocrx_word' id='word_1_184' title='bbox 1188 563 1260 606; x_wconf 90' lang='lat' dir='ltr'><strong>vero</strong></span> <span class='ocrx_word' id='word_1_185' title='bbox 1272 551 1301 605; x_wconf 91' lang='lat' dir='ltr'><strong>et</strong></span> <span class='ocrx_word' id='word_1_186' title='bbox 1314 547 1454 606; x_wconf 78' lang='lat' dir='ltr'><strong>secundae</strong></span> <span class='ocrx_word' id='word_1_187' title='bbox 1463 564 1525 606; x_wconf 93' lang='lat' dir='ltr'><strong>non</strong></span> <span class='ocrx_word' id='word_1_188' title='bbox 1537 552 1582 604; x_wconf 90' lang='lat' dir='ltr'><strong>est</strong></span> <span class='ocrx_word' id='word_1_189' title='bbox 1593 547 1657 604; x_wconf 78' lang='lat' dir='ltr'><strong>heac</strong></span> <span class='ocrx_word' id='word_1_190' title='bbox 1671 545 1800 604; x_wconf 83' lang='lat' dir='ltr'><strong>boantis.</strong></span> 
     </span>
    </p>

    <p class='ocr_par' dir='ltr' id='par_1_21' title="bbox 1082 633 1907 712">
     <span class='ocr_line' id='line_1_36' title="bbox 1082 633 1907 712; baseline -0.005 -19"><span class='ocrx_word' id='word_1_191' title='bbox 1082 639 1157 694; x_wconf 84' lang='lat' dir='ltr'><strong>Nam</strong></span> <span class='ocrx_word' id='word_1_192' title='bbox 1171 637 1305 694; x_wconf 90' lang='lat' dir='ltr'><strong>secunda</strong></span> <span class='ocrx_word' id='word_1_193' title='bbox 1319 637 1359 694; x_wconf 89' lang='lat' dir='ltr'><strong>ad</strong></span> <span class='ocrx_word' id='word_1_194' title='bbox 1373 637 1570 712; x_wconf 88' lang='lat' dir='ltr'><strong>subquartam</strong></span> <span class='ocrx_word' id='word_1_195' title='bbox 1585 635 1709 694; x_wconf 90' lang='lat' dir='ltr'><strong>minime</strong></span> <span class='ocrx_word' id='word_1_196' title='bbox 1724 633 1907 706; x_wconf 76' lang='lat' dir='ltr'><strong>gravabitur,</strong></span> 
     </span>
    </p>

    <p class='ocr_par' dir='ltr' id='par_1_22' title="bbox 1082 723 1907 801">
     <span class='ocr_line' id='line_1_37' title="bbox 1082 723 1907 801; baseline -0.004 -18"><span class='ocrx_word' id='word_1_197' title='bbox 1082 729 1179 800; x_wconf 79' lang='lat' dir='ltr'><strong>Atque</strong></span> <span class='ocrx_word' id='word_1_198' title='bbox 1191 742 1287 801; x_wconf 88' lang='lat' dir='ltr'><strong>usqne</strong></span> <span class='ocrx_word' id='word_1_199' title='bbox 1307 742 1397 800; x_wconf 89' lang='lat' dir='ltr'><strong>super</strong></span> <span class='ocrx_word' id='word_1_200' title='bbox 1410 726 1546 800; x_wconf 90' lang='lat' dir='ltr'><strong>quintam</strong></span> <span class='ocrx_word' id='word_1_201' title='bbox 1555 740 1715 799; x_wconf 88' lang='lat' dir='ltr'><strong>nunquam</strong></span> <span class='ocrx_word' id='word_1_202' title='bbox 1733 723 1907 781; x_wconf 82' lang='lat' dir='ltr'><strong>elevabitur.</strong></span> 
     </span>
    </p>

    <p class='ocr_par' dir='ltr' id='par_1_23' title="bbox 1085 810 1908 962">
     <span class='ocr_line' id='line_1_38' title="bbox 1085 810 1908 890; baseline -0.007 -17"><span class='ocrx_word' id='word_1_203' title='bbox 1085 815 1294 890; x_wconf 77' lang='lat' dir='ltr'><strong>Superquartae</strong></span> <span class='ocrx_word' id='word_1_204' title='bbox 1305 819 1334 873; x_wconf 93' lang='lat' dir='ltr'><strong>et</strong></span> <span class='ocrx_word' id='word_1_205' title='bbox 1347 814 1517 888; x_wconf 78' lang='lat' dir='ltr'><strong>subquintae</strong></span> <span class='ocrx_word' id='word_1_206' title='bbox 1533 817 1617 872; x_wconf 87' lang='lat' dir='ltr'><strong>sexta</strong></span> <span class='ocrx_word' id='word_1_207' title='bbox 1630 828 1693 870; x_wconf 91' lang='lat' dir='ltr'><strong>non</strong></span> <span class='ocrx_word' id='word_1_208' title='bbox 1708 810 1908 884; x_wconf 89' lang='lat' dir='ltr'><strong>conjungitur.</strong></span> 
     </span>
     <span class='ocr_line' id='line_1_39' title="bbox 1292 903 1701 962; baseline -0.005 -1"><span class='ocrx_word' id='word_1_209' title='bbox 1292 906 1337 962; x_wconf 87' lang='lat' dir='ltr'><strong>De</strong></span> <span class='ocrx_word' id='word_1_210' title='bbox 1350 919 1454 962; x_wconf 86' lang='lat' dir='ltr'><strong>cocum</strong></span> <span class='ocrx_word' id='word_1_211' title='bbox 1469 903 1701 962; x_wconf 71' lang='lat' dir='ltr'><strong>discriminibus.</strong></span> 
     </span>
    </p>

    <p class='ocr_par' dir='ltr' id='par_1_24' title="bbox 1086 992 1654 1068">
     <span class='ocr_line' id='line_1_40' title="bbox 1086 992 1654 1068; baseline -0.004 -17"><span class='ocrx_word' id='word_1_212' title='bbox 1086 993 1248 1051; x_wconf 90' lang='lat' dir='ltr'><strong>Semitonia</strong></span> <span class='ocrx_word' id='word_1_213' title='bbox 1257 998 1287 1052; x_wconf 90' lang='lat' dir='ltr'><strong>et</strong></span> <span class='ocrx_word' id='word_1_214' title='bbox 1299 993 1372 1064; x_wconf 88' lang='lat' dir='ltr'><strong>toni,</strong></span> <span class='ocrx_word' id='word_1_215' title='bbox 1386 993 1458 1068; x_wconf 90' lang='lat' dir='ltr'><strong>quia</strong></span> <span class='ocrx_word' id='word_1_216' title='bbox 1472 992 1654 1050; x_wconf 82' lang='lat' dir='ltr'><strong>dissimiliter</strong></span> 
     </span>
    </p>

    <p class='ocr_par' dir='ltr' id='par_1_25' title="bbox 1085 1079 1911 1157">
     <span class='ocr_line' id='line_1_41' title="bbox 1085 1079 1911 1157; baseline -0.004 -19"><span class='ocrx_word' id='word_1_217' title='bbox 1085 1084 1203 1155; x_wconf 88' lang='lat' dir='ltr'><strong>Septem</strong></span> <span class='ocrx_word' id='word_1_218' title='bbox 1219 1083 1301 1141; x_wconf 89' lang='lat' dir='ltr'><strong>sonis</strong></span> <span class='ocrx_word' id='word_1_219' title='bbox 1315 1087 1503 1157; x_wconf 89' lang='lat' dir='ltr'><strong>coaptantur,</strong></span> <span class='ocrx_word' id='word_1_220' title='bbox 1520 1086 1634 1157; x_wconf 88' lang='lat' dir='ltr'><strong>septem</strong></span> <span class='ocrx_word' id='word_1_221' title='bbox 1650 1079 1911 1147; x_wconf 87' lang='lat' dir='ltr'><strong>suntdiscrimine,</strong></span> 
     </span>
    </p>

    <p class='ocr_par' dir='ltr' id='par_1_26' title="bbox 1087 1170 1751 1229">
     <span class='ocr_line' id='line_1_42' title="bbox 1087 1170 1751 1229; baseline 0 -1"><span class='ocrx_word' id='word_1_222' title='bbox 1087 1173 1122 1228; x_wconf 85' lang='lat' dir='ltr'><strong>ut</strong></span> <span class='ocrx_word' id='word_1_223' title='bbox 1135 1170 1246 1228; x_wconf 90' lang='lat' dir='ltr'><strong>nullius</strong></span> <span class='ocrx_word' id='word_1_224' title='bbox 1256 1172 1339 1228; x_wconf 91' lang='lat' dir='ltr'><strong>vocis</strong></span> <span class='ocrx_word' id='word_1_225' title='bbox 1355 1188 1448 1229; x_wconf 92' lang='lat' dir='ltr'><strong>sonus</strong></span> <span class='ocrx_word' id='word_1_226' title='bbox 1460 1173 1542 1229; x_wconf 91' lang='lat' dir='ltr'><strong>idem</strong></span> <span class='ocrx_word' id='word_1_227' title='bbox 1555 1171 1634 1228; x_wconf 90' lang='lat' dir='ltr'><strong>sitin</strong></span> <span class='ocrx_word' id='word_1_228' title='bbox 1650 1170 1751 1228; x_wconf 90' lang='lat' dir='ltr'><strong>altera.</strong></span> 
     </span>
    </p>

    <p class='ocr_par' dir='ltr' id='par_1_27' title="bbox 1085 1256 1912 1335">
     <span class='ocr_line' id='line_1_43' title="bbox 1085 1256 1912 1335; baseline -0.004 -19"><span class='ocrx_word' id='word_1_229' title='bbox 1085 1259 1215 1317; x_wconf 86' lang='lat' dir='ltr'><strong>Vocibus</strong></span> <span class='ocrx_word' id='word_1_230' title='bbox 1230 1265 1331 1318; x_wconf 88' lang='lat' dir='ltr'><strong>tamen</strong></span> <span class='ocrx_word' id='word_1_231' title='bbox 1346 1263 1377 1318; x_wconf 93' lang='lat' dir='ltr'><strong>in</strong></span> <span class='ocrx_word' id='word_1_232' title='bbox 1390 1266 1505 1335; x_wconf 89' lang='lat' dir='ltr'><strong>septem</strong></span> <span class='ocrx_word' id='word_1_233' title='bbox 1518 1259 1660 1335; x_wconf 76' lang='lat' dir='ltr'><strong>quasdam</strong></span> <span class='ocrx_word' id='word_1_234' title='bbox 1683 1263 1728 1316; x_wconf 88' lang='lat' dir='ltr'><strong>est</strong></span> <span class='ocrx_word' id='word_1_235' title='bbox 1740 1256 1912 1316; x_wconf 81' lang='lat' dir='ltr'><strong>concordia.</strong></span> 
     </span>
    </p>

    <p class='ocr_par' dir='ltr' id='par_1_28' title="bbox 1088 1347 1844 1424">
     <span class='ocr_line' id='line_1_44' title="bbox 1088 1347 1844 1424; baseline -0.005 -17"><span class='ocrx_word' id='word_1_236' title='bbox 1088 1351 1172 1424; x_wconf 81' lang='lat' dir='ltr'><strong>Seps</strong></span> <span class='ocrx_word' id='word_1_237' title='bbox 1187 1350 1278 1422; x_wconf 90' lang='lat' dir='ltr'><strong>enim,</strong></span> <span class='ocrx_word' id='word_1_238' title='bbox 1294 1351 1319 1408; x_wconf 91' lang='lat' dir='ltr'><strong>si</strong></span> <span class='ocrx_word' id='word_1_239' title='bbox 1336 1368 1399 1410; x_wconf 94' lang='lat' dir='ltr'><strong>non</strong></span> <span class='ocrx_word' id='word_1_240' title='bbox 1414 1366 1542 1424; x_wconf 90' lang='lat' dir='ltr'><strong>semper,</strong></span> <span class='ocrx_word' id='word_1_241' title='bbox 1557 1349 1664 1408; x_wconf 85' lang='lat' dir='ltr'><strong>eadem</strong></span> <span class='ocrx_word' id='word_1_242' title='bbox 1678 1347 1844 1423; x_wconf 89' lang='lat' dir='ltr'><strong>antiphona</strong></span> 
     </span>
    </p>

    <p class='ocr_par' dir='ltr' id='par_1_29' title="bbox 1087 1437 1854 1513">
     <span class='ocr_line' id='line_1_45' title="bbox 1087 1437 1854 1513; baseline -0.004 -16"><span class='ocrx_word' id='word_1_243' title='bbox 1087 1439 1214 1497; x_wconf 85' lang='lat' dir='ltr'><strong>Diversis</strong></span> <span class='ocrx_word' id='word_1_244' title='bbox 1224 1445 1361 1499; x_wconf 88' lang='lat' dir='ltr'><strong>cantatur</strong></span> <span class='ocrx_word' id='word_1_245' title='bbox 1370 1441 1462 1513; x_wconf 88' lang='lat' dir='ltr'><strong>sonis,</strong></span> <span class='ocrx_word' id='word_1_246' title='bbox 1475 1457 1531 1498; x_wconf 91' lang='lat' dir='ltr'><strong>nec</strong></span> <span class='ocrx_word' id='word_1_247' title='bbox 1545 1443 1642 1499; x_wconf 88' lang='lat' dir='ltr'><strong>mutat</strong></span> <span class='ocrx_word' id='word_1_248' title='bbox 1653 1437 1854 1497; x_wconf 88' lang='lat' dir='ltr'><strong>harmoniam.</strong></span> 
     </span>
    </p>
   </div>
   <div class='ocr_carea' id='block_1_7' title="bbox 1261 1548 1716 1622">
    <p class='ocr_par' dir='ltr' id='par_1_30' title="bbox 1261 1548 1716 1622">
     <span class='ocr_line' id='line_1_46' title="bbox 1261 1548 1716 1622; baseline -0.004 -16"><span class='ocrx_word' id='word_1_249' title='bbox 1261 1577 1266 1584; x_wconf 91' lang='lat'><strong>·</strong></span> <span class='ocrx_word' id='word_1_250' title='bbox 1290 1551 1335 1606; x_wconf 86' lang='lat' dir='ltr'><strong>De</strong></span> <span class='ocrx_word' id='word_1_251' title='bbox 1347 1555 1479 1622; x_wconf 77' lang='lat' dir='ltr'><strong>qtmtnor</strong></span> <span class='ocrx_word' id='word_1_252' title='bbox 1491 1548 1586 1606; x_wconf 72' lang='lat' dir='ltr'><strong>modas</strong></span> <span class='ocrx_word' id='word_1_253' title='bbox 1600 1563 1716 1605; x_wconf 84' lang='lat' dir='ltr'><strong>vocam.</strong></span> 
     </span>
    </p>
   </div>
   <div class='ocr_carea' id='block_1_8' title="bbox 870 1619 1849 1720">
    <p class='ocr_par' dir='ltr' id='par_1_31' title="bbox 870 1619 1849 1720">
     <span class='ocr_line' id='line_1_47' title="bbox 870 1619 1849 1720; baseline -0.003 -28"><span class='ocrx_word' id='word_1_254' title='bbox 870 1619 998 1692; x_wconf 60' lang='lat' dir='ltr'><strong>[⁵011ifflt·</strong></span> <span class='ocrx_word' id='word_1_255' title='bbox 1052 1667 1072 1720; x_wconf 70' lang='grc' dir='ltr'><strong>Β</strong></span> <span class='ocrx_word' id='word_1_256' title='bbox 1090 1639 1202 1711; x_wconf 91' lang='lat' dir='ltr'><strong>Nempe</strong></span> <span class='ocrx_word' id='word_1_257' title='bbox 1210 1640 1341 1709; x_wconf 74' lang='lat' dir='ltr'><strong>quatmr</strong></span> <span class='ocrx_word' id='word_1_258' title='bbox 1354 1641 1424 1694; x_wconf 92' lang='lat' dir='ltr'><strong>sunt</strong></span> <span class='ocrx_word' id='word_1_259' title='bbox 1437 1637 1520 1694; x_wconf 89' lang='lat' dir='ltr'><strong>modi</strong></span> <span class='ocrx_word' id='word_1_260' title='bbox 1529 1636 1561 1693; x_wconf 92' lang='lat' dir='ltr'><strong>in</strong></span> <span class='ocrx_word' id='word_1_261' title='bbox 1573 1634 1703 1710; x_wconf 84' lang='lat' dir='ltr'><strong>septenis</strong></span> <span class='ocrx_word' id='word_1_262' title='bbox 1721 1631 1849 1700; x_wconf 89' lang='lat' dir='ltr'><strong>voculis,</strong></span> 
     </span>
    </p>
   </div>
   <div class='ocr_carea' id='block_1_9' title="bbox 1090 1720 1917 2158">
    <p class='ocr_par' dir='ltr' id='par_1_32' title="bbox 1090 1720 1917 2158">
     <span class='ocr_line' id='line_1_48' title="bbox 1090 1720 1917 1799; baseline -0.008 -15"><span class='ocrx_word' id='word_1_263' title='bbox 1090 1729 1196 1798; x_wconf 85' lang='lat' dir='ltr'><strong>lingna</strong></span> <span class='ocrx_word' id='word_1_264' title='bbox 1210 1741 1282 1783; x_wconf 87' lang='lat' dir='ltr'><strong>cura</strong></span> <span class='ocrx_word' id='word_1_265' title='bbox 1296 1726 1498 1799; x_wconf 88' lang='lat' dir='ltr'><strong>cognoscendi</strong></span> <span class='ocrx_word' id='word_1_266' title='bbox 1513 1743 1520 1783; x_wconf 90' lang='lat'>:</span> <span class='ocrx_word' id='word_1_267' title='bbox 1534 1741 1612 1799; x_wconf 91' lang='lat' dir='ltr'><strong>quos</strong></span> <span class='ocrx_word' id='word_1_268' title='bbox 1630 1726 1802 1781; x_wconf 82' lang='lat' dir='ltr'><strong>Groecorum</strong></span> <span class='ocrx_word' id='word_1_269' title='bbox 1814 1720 1917 1793; x_wconf 89' lang='lat' dir='ltr'><strong>regula</strong></span> 
     </span>
     <span class='ocr_line' id='line_1_49' title="bbox 1091 1811 1915 1888; baseline -0.007 -15"><span class='ocrx_word' id='word_1_270' title='bbox 1091 1819 1225 1887; x_wconf 82' lang='lat' dir='ltr'><strong>Pratum,</strong></span> <span class='ocrx_word' id='word_1_271' title='bbox 1246 1815 1567 1888; x_wconf 84' lang='lat' dir='ltr'><strong>deuterum,hitum,ac</strong></span> <span class='ocrx_word' id='word_1_272' title='bbox 1580 1813 1744 1872; x_wconf 89' lang='lat' dir='ltr'><strong>tetrardum</strong></span> <span class='ocrx_word' id='word_1_273' title='bbox 1756 1811 1895 1870; x_wconf 91' lang='lat' dir='ltr'><strong>nominat</strong></span> <span class='ocrx_word' id='word_1_274' title='bbox 1908 1829 1915 1866; x_wconf 91' lang='lat'>:</span> 
     </span>
     <span class='ocr_line' id='line_1_50' title="bbox 1091 1901 1917 1979; baseline -0.008 -17"><span class='ocrx_word' id='word_1_275' title='bbox 1091 1907 1196 1962; x_wconf 92' lang='lat' dir='ltr'><strong>Protus</strong></span> <span class='ocrx_word' id='word_1_276' title='bbox 1210 1904 1338 1979; x_wconf 89' lang='lat' dir='ltr'><strong>primns,</strong></span> <span class='ocrx_word' id='word_1_277' title='bbox 1353 1909 1383 1963; x_wconf 91' lang='lat' dir='ltr'><strong>et</strong></span> <span class='ocrx_word' id='word_1_278' title='bbox 1397 1904 1548 1962; x_wconf 90' lang='lat' dir='ltr'><strong>secundus</strong></span> <span class='ocrx_word' id='word_1_279' title='bbox 1569 1903 1742 1961; x_wconf 87' lang='lat' dir='ltr'><strong>nondnatur</strong></span> <span class='ocrx_word' id='word_1_280' title='bbox 1765 1901 1917 1970; x_wconf 90' lang='lat' dir='ltr'><strong>deuterus,</strong></span> 
     </span>
     <span class='ocr_line' id='line_1_51' title="bbox 1091 1991 1848 2068; baseline -0.005 -16"><span class='ocrx_word' id='word_1_281' title='bbox 1091 1995 1187 2052; x_wconf 75' lang='lat' dir='ltr'><strong>tritus</strong></span> <span class='ocrx_word' id='word_1_282' title='bbox 1203 1995 1305 2052; x_wconf 91' lang='lat' dir='ltr'><strong>tertius</strong></span> <span class='ocrx_word' id='word_1_283' title='bbox 1317 1998 1451 2062; x_wconf 87' lang='lat' dir='ltr'><strong>vocatur,</strong></span> <span class='ocrx_word' id='word_1_284' title='bbox 1467 1998 1593 2068; x_wconf 87' lang='lat' dir='ltr'><strong>quartus</strong></span> <span class='ocrx_word' id='word_1_285' title='bbox 1607 2007 1679 2050; x_wconf 91' lang='lat' dir='ltr'><strong>vero</strong></span> <span class='ocrx_word' id='word_1_286' title='bbox 1687 1991 1848 2058; x_wconf 90' lang='lat' dir='ltr'><strong>tetrardus,</strong></span> 
     </span>
     <span class='ocr_line' id='line_1_52' title="bbox 1094 2079 1767 2158; baseline -0.004 -17"><span class='ocrx_word' id='word_1_287' title='bbox 1094 2083 1259 2141; x_wconf 83' lang='lat' dir='ltr'><strong>ordinatim</strong></span> <span class='ocrx_word' id='word_1_288' title='bbox 1272 2084 1473 2158; x_wconf 90' lang='lat' dir='ltr'><strong>disponuntur</strong></span> <span class='ocrx_word' id='word_1_289' title='bbox 1482 2082 1579 2141; x_wconf 89' lang='lat' dir='ltr'><strong>taliter</strong></span> <span class='ocrx_word' id='word_1_290' title='bbox 1589 2081 1621 2139; x_wconf 95' lang='lat' dir='ltr'><strong>in</strong></span> <span class='ocrx_word' id='word_1_291' title='bbox 1632 2079 1767 2138; x_wconf 91' lang='lat' dir='ltr'><strong>vocibus.</strong></span> 
     </span>
    </p>
   </div>
   <div class='ocr_carea' id='block_1_10' title="bbox 1095 2186 1925 2890">
    <p class='ocr_par' dir='ltr' id='par_1_33' title="bbox 1176 2186 1835 2261">
     <span class='ocr_line' id='line_1_53' title="bbox 1176 2186 1835 2261; baseline -0.005 -15"><span class='ocrx_word' id='word_1_292' title='bbox 1176 2191 1220 2247; x_wconf 86' lang='lat' dir='ltr'><strong>De</strong></span> <span class='ocrx_word' id='word_1_293' title='bbox 1239 2191 1397 2248; x_wconf 75' lang='lat' dir='ltr'><strong>vicinitate</strong></span> <span class='ocrx_word' id='word_1_294' title='bbox 1407 2205 1511 2248; x_wconf 83' lang='lat' dir='ltr'><strong>vocum</strong></span> <span class='ocrx_word' id='word_1_295' title='bbox 1525 2205 1582 2261; x_wconf 86' lang='lat' dir='ltr'><strong>per</strong></span> <span class='ocrx_word' id='word_1_296' title='bbox 1593 2186 1835 2261; x_wconf 75' lang='lat' dir='ltr'><strong>quatuor-nodos</strong></span> 
     </span>
    </p>

    <p class='ocr_par' dir='ltr' id='par_1_34' title="bbox 1095 2273 1921 2438">
     <span class='ocr_line' id='line_1_54' title="bbox 1095 2273 1921 2355; baseline -0.008 -18"><span class='ocrx_word' id='word_1_297' title='bbox 1095 2282 1231 2353; x_wconf 83' lang='lat' dir='ltr'><strong>Namque</strong></span> <span class='ocrx_word' id='word_1_298' title='bbox 1252 2279 1351 2355; x_wconf 89' lang='lat' dir='ltr'><strong>prima</strong></span> <span class='ocrx_word' id='word_1_299' title='bbox 1379 2295 1439 2336; x_wconf 85' lang='lat' dir='ltr'><strong>vox</strong></span> <span class='ocrx_word' id='word_1_300' title='bbox 1464 2283 1493 2336; x_wconf 89' lang='lat' dir='ltr'><strong>et</strong></span> <span class='ocrx_word' id='word_1_301' title='bbox 1509 2282 1618 2354; x_wconf 88' lang='lat' dir='ltr'><strong>quarta</strong></span> <span class='ocrx_word' id='word_1_302' title='bbox 1645 2277 1773 2350; x_wconf 89' lang='lat' dir='ltr'><strong>primum</strong></span> <span class='ocrx_word' id='word_1_303' title='bbox 1792 2273 1921 2332; x_wconf 90' lang='lat' dir='ltr'><strong>modum</strong></span> 
     </span>
     <span class='ocr_line' id='line_1_55' title="bbox 1710 2364 1887 2438; baseline -0.011 -16"><span class='ocrx_word' id='word_1_304' title='bbox 1710 2364 1866 2438; x_wconf 86' lang='lat' dir='ltr'><strong>[exhibent</strong></span> <span class='ocrx_word' id='word_1_305' title='bbox 1880 2382 1887 2432; x_wconf 89' lang='lat'>;</span> 
     </span>
    </p>

    <p class='ocr_par' dir='ltr' id='par_1_35' title="bbox 1096 2453 1888 2530">
     <span class='ocr_line' id='line_1_56' title="bbox 1096 2453 1888 2530; baseline -0.009 -14"><span class='ocrx_word' id='word_1_306' title='bbox 1096 2463 1132 2516; x_wconf 88' lang='lat' dir='ltr'><strong>At</strong></span> <span class='ocrx_word' id='word_1_307' title='bbox 1145 2457 1312 2516; x_wconf 90' lang='lat' dir='ltr'><strong>secundam</strong></span> <span class='ocrx_word' id='word_1_308' title='bbox 1324 2457 1377 2515; x_wconf 88' lang='lat' dir='ltr'><strong>dat</strong></span> <span class='ocrx_word' id='word_1_309' title='bbox 1390 2456 1534 2527; x_wconf 89' lang='lat' dir='ltr'><strong>secunda,</strong></span> <span class='ocrx_word' id='word_1_310' title='bbox 1548 2462 1637 2530; x_wconf 88' lang='lat' dir='ltr'><strong>atque</strong></span> <span class='ocrx_word' id='word_1_311' title='bbox 1647 2455 1753 2530; x_wconf 88' lang='lat' dir='ltr'><strong>quinta</strong></span> <span class='ocrx_word' id='word_1_312' title='bbox 1765 2453 1888 2530; x_wconf 86' lang='lat' dir='ltr'><strong>pariter.</strong></span> 
     </span>
    </p>

    <p class='ocr_par' dir='ltr' id='par_1_36' title="bbox 1097 2545 1750 2622">
     <span class='ocr_line' id='line_1_57' title="bbox 1097 2545 1750 2622; baseline -0.006 -16"><span class='ocrx_word' id='word_1_313' title='bbox 1097 2547 1192 2606; x_wconf 84' lang='lat' dir='ltr'><strong>Tertia</strong></span> <span class='ocrx_word' id='word_1_314' title='bbox 1205 2547 1313 2606; x_wconf 89' lang='lat' dir='ltr'><strong>collata</strong></span> <span class='ocrx_word' id='word_1_315' title='bbox 1325 2551 1415 2605; x_wconf 76' lang='lat' dir='ltr'><strong>sextae</strong></span> <span class='ocrx_word' id='word_1_316' title='bbox 1428 2563 1507 2622; x_wconf 82' lang='lat' dir='ltr'><strong>saepe</strong></span> <span class='ocrx_word' id='word_1_317' title='bbox 1520 2549 1621 2604; x_wconf 89' lang='lat' dir='ltr'><strong>cantat</strong></span> <span class='ocrx_word' id='word_1_318' title='bbox 1633 2545 1750 2603; x_wconf 88' lang='lat' dir='ltr'><strong>eadem.</strong></span> 
     </span>
    </p>

    <p class='ocr_par' dir='ltr' id='par_1_37' title="bbox 1099 2633 1925 2710">
     <span class='ocr_line' id='line_1_58' title="bbox 1099 2633 1925 2710; baseline -0.007 -15"><span class='ocrx_word' id='word_1_319' title='bbox 1099 2640 1245 2706; x_wconf 82' lang='lat' dir='ltr'><strong>Quartum</strong></span> <span class='ocrx_word' id='word_1_320' title='bbox 1259 2637 1385 2695; x_wconf 91' lang='lat' dir='ltr'><strong>modum</strong></span> <span class='ocrx_word' id='word_1_321' title='bbox 1398 2637 1446 2693; x_wconf 93' lang='lat' dir='ltr'><strong>his</strong></span> <span class='ocrx_word' id='word_1_322' title='bbox 1460 2635 1599 2710; x_wconf 87' lang='lat' dir='ltr'><strong>adjungit</strong></span> <span class='ocrx_word' id='word_1_323' title='bbox 1613 2633 1772 2707; x_wconf 87' lang='lat' dir='ltr'><strong>singularis</strong></span> <span class='ocrx_word' id='word_1_324' title='bbox 1788 2633 1925 2707; x_wconf 87' lang='lat' dir='ltr'><strong>septima,</strong></span> 
     </span>
    </p>

    <p class='ocr_par' dir='ltr' id='par_1_38' title="bbox 1100 2723 1784 2800">
     <span class='ocr_line' id='line_1_59' title="bbox 1100 2723 1784 2800; baseline -0.004 -16"><span class='ocrx_word' id='word_1_325' title='bbox 1100 2729 1171 2795; x_wconf 84' lang='lat' dir='ltr'><strong>Quae</strong></span> <span class='ocrx_word' id='word_1_326' title='bbox 1182 2733 1284 2800; x_wconf 79' lang='lat' dir='ltr'><strong>tamen</strong></span> <span class='ocrx_word' id='word_1_327' title='bbox 1297 2727 1329 2784; x_wconf 94' lang='lat' dir='ltr'><strong>in</strong></span> <span class='ocrx_word' id='word_1_328' title='bbox 1338 2727 1485 2786; x_wconf 90' lang='lat' dir='ltr'><strong>elevando</strong></span> <span class='ocrx_word' id='word_1_329' title='bbox 1500 2731 1587 2784; x_wconf 91' lang='lat' dir='ltr'><strong>sonat</strong></span> <span class='ocrx_word' id='word_1_330' title='bbox 1599 2726 1675 2783; x_wconf 91' lang='lat' dir='ltr'><strong>sicut</strong></span> <span class='ocrx_word' id='word_1_331' title='bbox 1687 2723 1784 2793; x_wconf 88' lang='lat' dir='ltr'><strong>tertia,</strong></span> 
     </span>
    </p>

    <p class='ocr_par' dir='ltr' id='par_1_39' title="bbox 1101 2811 1900 2890">
     <span class='ocr_line' id='line_1_60' title="bbox 1101 2811 1900 2890; baseline -0.009 -16"><span class='ocrx_word' id='word_1_332' title='bbox 1101 2815 1315 2874; x_wconf 82' lang='lat' dir='ltr'><strong>Descendendo</strong></span> <span class='ocrx_word' id='word_1_333' title='bbox 1330 2815 1386 2873; x_wconf 91' lang='lat' dir='ltr'><strong>sibi</strong></span> <span class='ocrx_word' id='word_1_334' title='bbox 1399 2820 1540 2890; x_wconf 87' lang='lat' dir='ltr'><strong>quartam</strong></span> <span class='ocrx_word' id='word_1_335' title='bbox 1552 2814 1689 2890; x_wconf 91' lang='lat' dir='ltr'><strong>perhibet</strong></span> <span class='ocrx_word' id='word_1_336' title='bbox 1701 2811 1900 2870; x_wconf 84' lang='lat' dir='ltr'><strong>sororculam.</strong></span> 
     </span>
    </p>
   </div>
   <div class='ocr_carea' id='block_1_11' title="bbox 1191 2921 1840 2995">
    <p class='ocr_par' dir='ltr' id='par_1_40' title="bbox 1191 2921 1840 2995">
     <span class='ocr_line' id='line_1_61' title="bbox 1191 2921 1840 2995; baseline -0.008 -15"><span class='ocrx_word' id='word_1_337' title='bbox 1191 2927 1235 2982; x_wconf 84' lang='lat' dir='ltr'><strong>Dc</strong></span> <span class='ocrx_word' id='word_1_338' title='bbox 1248 2923 1445 2982; x_wconf 79' lang='lat' dir='ltr'><strong>similitudine</strong></span> <span class='ocrx_word' id='word_1_339' title='bbox 1461 2924 1540 2981; x_wconf 78' lang='lat' dir='ltr'><strong>cocis</strong></span> <span class='ocrx_word' id='word_1_340' title='bbox 1550 2923 1659 2994; x_wconf 75' lang='lat' dir='ltr'><strong>prime</strong></span> <span class='ocrx_word' id='word_1_341' title='bbox 1675 2926 1703 2980; x_wconf 88' lang='lat' dir='ltr'><strong>et</strong></span> <span class='ocrx_word' id='word_1_342' title='bbox 1717 2921 1840 2995; x_wconf 77' lang='lat' dir='ltr'><strong>quintas.</strong></span> 
     </span>
    </p>
   </div>
   <div class='ocr_carea' id='block_1_12' title="bbox 221 3006 1849 3103">
    <p class='ocr_par' dir='ltr' id='par_1_41' title="bbox 221 3006 1849 3103">
     <span class='ocr_line' id='line_1_62' title="bbox 221 3006 1849 3103; baseline -0.01 -13"><span class='ocrx_word' id='word_1_343' title='bbox 221 3032 267 3090; x_wconf 89' lang='lat' dir='ltr'><strong>Sic</strong></span> <span class='ocrx_word' id='word_1_344' title='bbox 282 3047 355 3088; x_wconf 87' lang='lat' dir='ltr'><strong>mox</strong></span> <span class='ocrx_word' id='word_1_345' title='bbox 367 3029 461 3087; x_wconf 91' lang='lat' dir='ltr'><strong>altero</strong></span> <span class='ocrx_word' id='word_1_346' title='bbox 472 3029 503 3086; x_wconf 92' lang='lat' dir='ltr'><strong>in</strong></span> <span class='ocrx_word' id='word_1_347' title='bbox 516 3044 611 3103; x_wconf 91' lang='lat' dir='ltr'><strong>passu</strong></span> <span class='ocrx_word' id='word_1_348' title='bbox 625 3028 742 3087; x_wconf 82' lang='lat' dir='ltr'><strong>tertiam</strong></span> <span class='ocrx_word' id='word_1_349' title='bbox 755 3028 957 3103; x_wconf 80' lang='lat' dir='ltr'><strong>rescribimus,</strong></span> <span class='ocrx_word' id='word_1_350' title='bbox 1065 3013 1086 3069; x_wconf 79' lang='lat' dir='ltr'>C</span> <span class='ocrx_word' id='word_1_351' title='bbox 1103 3017 1306 3088; x_wconf 56' lang='lat' dir='ltr'><strong>Esssspfffltfflffl</strong></span> <span class='ocrx_word' id='word_1_352' title='bbox 1323 3027 1394 3069; x_wconf 65' lang='lat'><strong>⁰⁰¹³</strong></span> <span class='ocrx_word' id='word_1_353' title='bbox 1406 3011 1504 3085; x_wconf 68' lang='lat' dir='ltr'><strong>Pfiffla</strong></span> <span class='ocrx_word' id='word_1_354' title='bbox 1513 3009 1601 3068; x_wconf 62' lang='lat' dir='ltr'><strong>Valde</strong></span> <span class='ocrx_word' id='word_1_355' title='bbox 1612 3009 1717 3084; x_wconf 60' lang='lat' dir='ltr'><strong>quinti</strong></span> <span class='ocrx_word' id='word_1_356' title='bbox 1730 3006 1849 3072; x_wconf 66' lang='lat' dir='ltr'><strong>Similis,</strong></span> 
     </span>
    </p>
   </div>
   <div class='ocr_carea' id='block_1_13' title="bbox 194 3118 1048 3194">
    <p class='ocr_par' dir='ltr' id='par_1_42' title="bbox 194 3118 1048 3194">
     <span class='ocr_line' id='line_1_63' title="bbox 194 3118 1048 3194; baseline 0 -16"><span class='ocrx_word' id='word_1_357' title='bbox 194 3168 198 3178; x_wconf 92' lang='lat'><strong>.</strong></span> <span class='ocrx_word' id='word_1_358' title='bbox 220 3122 315 3186; x_wconf 84' lang='lat' dir='ltr'><strong>Quam</strong></span> <span class='ocrx_word' id='word_1_359' title='bbox 322 3119 728 3194; x_wconf 87' lang='lat' dir='ltr'><strong>quadrandorursussextam</strong></span> <span class='ocrx_word' id='word_1_360' title='bbox 735 3118 1048 3193; x_wconf 86' lang='lat' dir='ltr'><strong>alteramperticimus.</strong></span> 
     </span>
    </p>
   </div>
   <div class='ocr_carea' id='block_1_14' title="bbox 118 3207 1047 3292">
    <p class='ocr_par' dir='ltr' id='par_1_43' title="bbox 118 3207 1047 3292">
     <span class='ocr_line' id='line_1_64' title="bbox 118 3207 1047 3292; baseline -0.003 -23"><span class='ocrx_word' id='word_1_361' title='bbox 118 3283 123 3292; x_wconf 81' lang='lat'><strong>.</strong></span> <span class='ocrx_word' id='word_1_362' title='bbox 223 3209 363 3284; x_wconf 87' lang='lat' dir='ltr'><strong>Sunt,qui</strong></span> <span class='ocrx_word' id='word_1_363' title='bbox 374 3208 492 3267; x_wconf 91' lang='lat' dir='ltr'><strong>addunt</strong></span> <span class='ocrx_word' id='word_1_364' title='bbox 505 3209 537 3266; x_wconf 94' lang='lat' dir='ltr'><strong>in</strong></span> <span class='ocrx_word' id='word_1_365' title='bbox 566 3207 892 3283; x_wconf 87' lang='lat' dir='ltr'><strong>scutisjuxtaprimam</strong></span> <span class='ocrx_word' id='word_1_366' title='bbox 901 3209 1047 3267; x_wconf 88' lang='lat' dir='ltr'><strong>litteram:</strong></span> 
     </span>
    </p>
   </div>
   <div class='ocr_carea' id='block_1_15' title="bbox 220 3298 1053 4348">
    <p class='ocr_par' dir='ltr' id='par_1_44' title="bbox 222 3298 941 3373">
     <span class='ocr_line' id='line_1_65' title="bbox 222 3298 941 3373; baseline -0.008 -13"><span class='ocrx_word' id='word_1_367' title='bbox 222 3301 279 3360; x_wconf 91' lang='lat' dir='ltr'><strong>Sed</strong></span> <span class='ocrx_word' id='word_1_368' title='bbox 294 3299 436 3372; x_wconf 80' lang='lat' dir='ltr'><strong>Gregorio</strong></span> <span class='ocrx_word' id='word_1_369' title='bbox 450 3313 512 3356; x_wconf 93' lang='lat' dir='ltr'><strong>non</strong></span> <span class='ocrx_word' id='word_1_370' title='bbox 526 3298 624 3373; x_wconf 88' lang='lat' dir='ltr'><strong>placet</strong></span> <span class='ocrx_word' id='word_1_371' title='bbox 638 3298 717 3356; x_wconf 89' lang='lat' dir='ltr'><strong>Patri</strong></span> <span class='ocrx_word' id='word_1_372' title='bbox 731 3299 795 3356; x_wconf 81' lang='lat' dir='ltr'><strong>haec</strong></span> <span class='ocrx_word' id='word_1_373' title='bbox 810 3298 941 3355; x_wconf 89' lang='lat' dir='ltr'><strong>lascivia.</strong></span> 
     </span>
    </p>

    <p class='ocr_par' dir='ltr' id='par_1_45' title="bbox 220 3387 1049 3640">
     <span class='ocr_line' id='line_1_66' title="bbox 220 3387 1049 3463; baseline -0.01 -15"><span class='ocrx_word' id='word_1_374' title='bbox 220 3393 257 3448; x_wconf 81' lang='lat' dir='ltr'><strong>st</strong></span> <span class='ocrx_word' id='word_1_375' title='bbox 270 3389 409 3447; x_wconf 93' lang='lat' dir='ltr'><strong>moderni</strong></span> <span class='ocrx_word' id='word_1_376' title='bbox 421 3389 573 3463; x_wconf 87' lang='lat' dir='ltr'><strong>sapientes</strong></span> <span class='ocrx_word' id='word_1_377' title='bbox 589 3387 667 3444; x_wconf 91' lang='lat' dir='ltr'><strong>hanc</strong></span> <span class='ocrx_word' id='word_1_378' title='bbox 680 3402 779 3460; x_wconf 92' lang='lat' dir='ltr'><strong>neque</strong></span> <span class='ocrx_word' id='word_1_379' title='bbox 800 3387 1049 3443; x_wconf 88' lang='lat' dir='ltr'><strong>commemorant.</strong></span> 
     </span>
     <span class='ocr_line' id='line_1_67' title="bbox 222 3472 983 3552; baseline -0.009 -16"><span class='ocrx_word' id='word_1_380' title='bbox 222 3477 366 3546; x_wconf 87' lang='lat' dir='ltr'><strong>Quamvis</strong></span> <span class='ocrx_word' id='word_1_381' title='bbox 380 3492 451 3548; x_wconf 92' lang='lat' dir='ltr'><strong>ergo</strong></span> <span class='ocrx_word' id='word_1_382' title='bbox 464 3476 547 3552; x_wconf 89' lang='lat' dir='ltr'><strong>apud</strong></span> <span class='ocrx_word' id='word_1_383' title='bbox 562 3473 713 3549; x_wconf 91' lang='lat' dir='ltr'><strong>quosdam</strong></span> <span class='ocrx_word' id='word_1_384' title='bbox 726 3475 792 3549; x_wconf 90' lang='lat' dir='ltr'><strong>ipsa</strong></span> <span class='ocrx_word' id='word_1_385' title='bbox 800 3473 854 3531; x_wconf 90' lang='lat' dir='ltr'><strong>fiat</strong></span> <span class='ocrx_word' id='word_1_386' title='bbox 864 3472 983 3546; x_wconf 92' lang='lat' dir='ltr'><strong>vocula,</strong></span> 
     </span>
     <span class='ocr_line' id='line_1_68' title="bbox 222 3563 926 3640; baseline -0.001 -19"><span class='ocrx_word' id='word_1_387' title='bbox 222 3566 312 3640; x_wconf 80' lang='lat' dir='ltr'><strong>Apud</strong></span> <span class='ocrx_word' id='word_1_388' title='bbox 326 3565 437 3622; x_wconf 90' lang='lat' dir='ltr'><strong>multos</strong></span> <span class='ocrx_word' id='word_1_389' title='bbox 451 3568 552 3621; x_wconf 66' lang='lat' dir='ltr'><strong>nmen</strong></span> <span class='ocrx_word' id='word_1_390' title='bbox 564 3565 632 3636; x_wconf 85' lang='lat' dir='ltr'><strong>jure</strong></span> <span class='ocrx_word' id='word_1_391' title='bbox 645 3564 754 3621; x_wconf 90' lang='lat' dir='ltr'><strong>dicitnr</strong></span> <span class='ocrx_word' id='word_1_392' title='bbox 763 3563 926 3637; x_wconf 86' lang='lat' dir='ltr'><strong>superflua.</strong></span> 
     </span>
    </p>

    <p class='ocr_par' dir='ltr' id='par_1_46' title="bbox 222 3650 940 3725">
     <span class='ocr_line' id='line_1_69' title="bbox 222 3650 940 3725; baseline -0.001 -14"><span class='ocrx_word' id='word_1_393' title='bbox 222 3652 321 3712; x_wconf 80' lang='lat' dir='ltr'><strong>Altera</strong></span> <span class='ocrx_word' id='word_1_394' title='bbox 332 3668 405 3710; x_wconf 90' lang='lat' dir='ltr'><strong>vero</strong></span> <span class='ocrx_word' id='word_1_395' title='bbox 419 3650 554 3710; x_wconf 89' lang='lat' dir='ltr'><strong>secunda</strong></span> <span class='ocrx_word' id='word_1_396' title='bbox 565 3667 686 3725; x_wconf 91' lang='lat' dir='ltr'><strong>semper</strong></span> <span class='ocrx_word' id='word_1_397' title='bbox 700 3656 745 3709; x_wconf 90' lang='lat' dir='ltr'><strong>est</strong></span> <span class='ocrx_word' id='word_1_398' title='bbox 759 3652 940 3710; x_wconf 88' lang='lat' dir='ltr'><strong>authentica.</strong></span> 
     </span>
    </p>

    <p class='ocr_par' dir='ltr' id='par_1_47' title="bbox 222 3739 985 4068">
     <span class='ocr_line' id='line_1_70' title="bbox 223 3739 985 3815; baseline -0.007 -14"><span class='ocrx_word' id='word_1_399' title='bbox 223 3745 298 3802; x_wconf 86' lang='lat' dir='ltr'><strong>Nota</strong></span> <span class='ocrx_word' id='word_1_400' title='bbox 310 3745 406 3814; x_wconf 89' lang='lat' dir='ltr'><strong>caute,</strong></span> <span class='ocrx_word' id='word_1_401' title='bbox 421 3756 529 3798; x_wconf 90' lang='lat' dir='ltr'><strong>omnes</strong></span> <span class='ocrx_word' id='word_1_402' title='bbox 541 3739 603 3798; x_wconf 93' lang='lat' dir='ltr'><strong>toni</strong></span> <span class='ocrx_word' id='word_1_403' title='bbox 617 3756 727 3798; x_wconf 91' lang='lat' dir='ltr'><strong>novem</strong></span> <span class='ocrx_word' id='word_1_404' title='bbox 741 3740 818 3798; x_wconf 88' lang='lat' dir='ltr'><strong>fiunt</strong></span> <span class='ocrx_word' id='word_1_405' title='bbox 830 3741 985 3815; x_wconf 87' lang='lat' dir='ltr'><strong>passibus,</strong></span> 
     </span>
     <span class='ocr_line' id='line_1_71' title="bbox 222 3829 945 3906; baseline -0.003 -18"><span class='ocrx_word' id='word_1_406' title='bbox 222 3831 414 3890; x_wconf 87' lang='lat' dir='ltr'><strong>Diatessaron</strong></span> <span class='ocrx_word' id='word_1_407' title='bbox 428 3829 593 3906; x_wconf 88' lang='lat' dir='ltr'><strong>quaternis,</strong></span> <span class='ocrx_word' id='word_1_408' title='bbox 610 3829 686 3888; x_wconf 89' lang='lat' dir='ltr'><strong>sicut</strong></span> <span class='ocrx_word' id='word_1_409' title='bbox 698 3829 945 3905; x_wconf 81' lang='lat' dir='ltr'><strong>supradiximus,</strong></span> 
     </span>
     <span class='ocr_line' id='line_1_72' title="bbox 223 3917 932 3995; baseline -0.006 -16"><span class='ocrx_word' id='word_1_410' title='bbox 223 3919 366 3995; x_wconf 82' lang='lat' dir='ltr'><strong>Dispente</strong></span> <span class='ocrx_word' id='word_1_411' title='bbox 381 3933 500 3993; x_wconf 91' lang='lat' dir='ltr'><strong>semper</strong></span> <span class='ocrx_word' id='word_1_412' title='bbox 511 3917 617 3988; x_wconf 89' lang='lat' dir='ltr'><strong>tribus,</strong></span> <span class='ocrx_word' id='word_1_413' title='bbox 636 3918 785 3993; x_wconf 85' lang='lat' dir='ltr'><strong>Diapason</strong></span> <span class='ocrx_word' id='word_1_414' title='bbox 799 3918 932 3975; x_wconf 93' lang='lat' dir='ltr'><strong>duobus.</strong></span> 
     </span>
     <span class='ocr_line' id='line_1_73' title="bbox 224 4006 886 4068; baseline -0.008 0"><span class='ocrx_word' id='word_1_415' title='bbox 224 4009 389 4068; x_wconf 89' lang='lat' dir='ltr'><strong>istomodo</strong></span> <span class='ocrx_word' id='word_1_416' title='bbox 403 4007 647 4066; x_wconf 92' lang='lat' dir='ltr'><strong>monochordum</strong></span> <span class='ocrx_word' id='word_1_417' title='bbox 661 4006 747 4065; x_wconf 88' lang='lat' dir='ltr'><strong>iacile</strong></span> <span class='ocrx_word' id='word_1_418' title='bbox 757 4011 802 4064; x_wconf 90' lang='lat' dir='ltr'><strong>est</strong></span> <span class='ocrx_word' id='word_1_419' title='bbox 812 4007 886 4065; x_wconf 87' lang='lat' dir='ltr'><strong>fieri.</strong></span> 
     </span>
    </p>

    <p class='ocr_par' dir='ltr' id='par_1_48' title="bbox 224 4094 948 4172">
     <span class='ocr_line' id='line_1_74' title="bbox 224 4094 948 4172; baseline -0.006 -16"><span class='ocrx_word' id='word_1_420' title='bbox 224 4103 260 4157; x_wconf 81' lang='lat' dir='ltr'><strong>at</strong></span> <span class='ocrx_word' id='word_1_421' title='bbox 275 4099 301 4155; x_wconf 89' lang='lat' dir='ltr'><strong>si</strong></span> <span class='ocrx_word' id='word_1_422' title='bbox 311 4097 453 4172; x_wconf 87' lang='lat' dir='ltr'><strong>cymbala</strong></span> <span class='ocrx_word' id='word_1_423' title='bbox 464 4094 633 4156; x_wconf 81' lang='lat' dir='ltr'><strong>formantur</strong></span> <span class='ocrx_word' id='word_1_424' title='bbox 647 4096 833 4154; x_wconf 90' lang='lat' dir='ltr'><strong>musicorum</strong></span> <span class='ocrx_word' id='word_1_425' title='bbox 847 4111 948 4170; x_wconf 91' lang='lat' dir='ltr'><strong>opere,</strong></span> 
     </span>
    </p>

    <p class='ocr_par' dir='ltr' id='par_1_49' title="bbox 226 4185 1053 4348">
     <span class='ocr_line' id='line_1_75' title="bbox 226 4185 1053 4260; baseline 0.002 -18"><span class='ocrx_word' id='word_1_426' title='bbox 226 4187 276 4242; x_wconf 82' lang='lat' dir='ltr'><strong>lise</strong></span> <span class='ocrx_word' id='word_1_427' title='bbox 288 4195 439 4243; x_wconf 82' lang='lat' dir='ltr'><strong>mensuras</strong></span> <span class='ocrx_word' id='word_1_428' title='bbox 453 4189 523 4244; x_wconf 89' lang='lat' dir='ltr'><strong>sunt</strong></span> <span class='ocrx_word' id='word_1_429' title='bbox 537 4186 679 4244; x_wconf 73' lang='lat' dir='ltr'><strong>cavendae</strong></span> <span class='ocrx_word' id='word_1_430' title='bbox 706 4187 837 4246; x_wconf 83' lang='lat' dir='ltr'><strong>maxime</strong></span> <span class='ocrx_word' id='word_1_431' title='bbox 851 4185 882 4242; x_wconf 92' lang='lat' dir='ltr'><strong>in</strong></span> <span class='ocrx_word' id='word_1_432' title='bbox 909 4186 1053 4260; x_wconf 91' lang='lat' dir='ltr'><strong>pondere.</strong></span> 
     </span>
     <span class='ocr_line' id='line_1_76' title="bbox 227 4273 974 4348; baseline 0.003 -17"><span class='ocrx_word' id='word_1_433' title='bbox 227 4273 276 4331; x_wconf 89' lang='lat' dir='ltr'><strong>llis</strong></span> <span class='ocrx_word' id='word_1_434' title='bbox 286 4273 436 4330; x_wconf 89' lang='lat' dir='ltr'><strong>mensuris</strong></span> <span class='ocrx_word' id='word_1_435' title='bbox 450 4279 665 4348; x_wconf 81' lang='lat' dir='ltr'><strong>comparantur</strong></span> <span class='ocrx_word' id='word_1_436' title='bbox 680 4281 709 4332; x_wconf 90' lang='lat' dir='ltr'><strong>et</strong></span> <span class='ocrx_word' id='word_1_437' title='bbox 722 4290 834 4332; x_wconf 87' lang='lat' dir='ltr'><strong>canora</strong></span> <span class='ocrx_word' id='word_1_438' title='bbox 849 4289 974 4346; x_wconf 87' lang='lat' dir='ltr'><strong>organa,</strong></span> 
     </span>
    </p>
   </div>
   <div class='ocr_carea' id='block_1_16' title="bbox 1104 3094 1899 3538">
    <p class='ocr_par' dir='ltr' id='par_1_50' title="bbox 1104 3094 1899 3538">
     <span class='ocr_line' id='line_1_77' title="bbox 1104 3094 1899 3175; baseline -0.015 -13"><span class='ocrx_word' id='word_1_439' title='bbox 1104 3103 1161 3162; x_wconf 89' lang='lat' dir='ltr'><strong>Sed</strong></span> <span class='ocrx_word' id='word_1_440' title='bbox 1175 3101 1206 3158; x_wconf 90' lang='lat' dir='ltr'><strong>ln</strong></span> <span class='ocrx_word' id='word_1_441' title='bbox 1218 3099 1399 3175; x_wconf 89' lang='lat' dir='ltr'><strong>deponendo</strong></span> <span class='ocrx_word' id='word_1_442' title='bbox 1409 3103 1525 3156; x_wconf 87' lang='lat' dir='ltr'><strong>tantmn</strong></span> <span class='ocrx_word' id='word_1_443' title='bbox 1539 3117 1546 3169; x_wconf 88' lang='grc'><strong>;</strong></span> <span class='ocrx_word' id='word_1_444' title='bbox 1560 3113 1693 3172; x_wconf 89' lang='lat' dir='ltr'><strong>namque</strong></span> <span class='ocrx_word' id='word_1_445' title='bbox 1708 3097 1733 3154; x_wconf 89' lang='lat' dir='ltr'><strong>si</strong></span> <span class='ocrx_word' id='word_1_446' title='bbox 1746 3094 1899 3153; x_wconf 88' lang='lat' dir='ltr'><strong>notaveris</strong></span> 
     </span>
     <span class='ocr_line' id='line_1_78' title="bbox 1106 3185 1786 3259; baseline -0.01 -10"><span class='ocrx_word' id='word_1_447' title='bbox 1106 3189 1269 3251; x_wconf 88' lang='lat' dir='ltr'><strong>semitonia</strong></span> <span class='ocrx_word' id='word_1_448' title='bbox 1283 3193 1312 3246; x_wconf 86' lang='lat' dir='ltr'><strong>et</strong></span> <span class='ocrx_word' id='word_1_449' title='bbox 1326 3193 1424 3259; x_wconf 92' lang='lat' dir='ltr'><strong>tonos,</strong></span> <span class='ocrx_word' id='word_1_450' title='bbox 1435 3189 1503 3257; x_wconf 91' lang='lat' dir='ltr'><strong>hoc,</strong></span> <span class='ocrx_word' id='word_1_451' title='bbox 1514 3191 1547 3244; x_wconf 94' lang='lat' dir='ltr'><strong>nt</strong></span> <span class='ocrx_word' id='word_1_452' title='bbox 1561 3187 1658 3254; x_wconf 90' lang='lat' dir='ltr'><strong>andis,</strong></span> <span class='ocrx_word' id='word_1_453' title='bbox 1668 3185 1786 3244; x_wconf 89' lang='lat' dir='ltr'><strong>videris.</strong></span> 
     </span>
     <span class='ocr_line' id='line_1_79' title="bbox 1104 3273 1844 3354; baseline -0.012 -16"><span class='ocrx_word' id='word_1_454' title='bbox 1104 3279 1235 3354; x_wconf 75' lang='lat' dir='ltr'><strong>Reliqua</strong></span> <span class='ocrx_word' id='word_1_455' title='bbox 1248 3279 1313 3351; x_wconf 88' lang='lat' dir='ltr'><strong>jam</strong></span> <span class='ocrx_word' id='word_1_456' title='bbox 1328 3293 1398 3335; x_wconf 86' lang='lat' dir='ltr'><strong>vero</strong></span> <span class='ocrx_word' id='word_1_457' title='bbox 1411 3293 1501 3334; x_wconf 89' lang='lat' dir='ltr'><strong>voces</strong></span> <span class='ocrx_word' id='word_1_458' title='bbox 1514 3275 1570 3333; x_wconf 90' lang='lat' dir='ltr'><strong>sibi</strong></span> <span class='ocrx_word' id='word_1_459' title='bbox 1584 3275 1671 3332; x_wconf 88' lang='lat' dir='ltr'><strong>valde</strong></span> <span class='ocrx_word' id='word_1_460' title='bbox 1685 3273 1844 3344; x_wconf 90' lang='lat' dir='ltr'><strong>dissident,</strong></span> 
     </span>
     <span class='ocr_line' id='line_1_80' title="bbox 1107 3361 1882 3442; baseline -0.012 -15"><span class='ocrx_word' id='word_1_461' title='bbox 1107 3371 1198 3428; x_wconf 89' lang='lat' dir='ltr'><strong>Suam</strong></span> <span class='ocrx_word' id='word_1_462' title='bbox 1208 3383 1337 3442; x_wconf 71' lang='lat' dir='ltr'><strong>quaeque</strong></span> <span class='ocrx_word' id='word_1_463' title='bbox 1351 3367 1422 3426; x_wconf 84' lang='lat' dir='ltr'><strong>facit</strong></span> <span class='ocrx_word' id='word_1_464' title='bbox 1435 3381 1580 3424; x_wconf 87' lang='lat' dir='ltr'><strong>neumam</strong></span> <span class='ocrx_word' id='word_1_465' title='bbox 1593 3363 1678 3422; x_wconf 89' lang='lat' dir='ltr'><strong>alteri</strong></span> <span class='ocrx_word' id='word_1_466' title='bbox 1691 3361 1882 3430; x_wconf 86' lang='lat' dir='ltr'><strong>dissimilem,</strong></span> 
     </span>
     <span class='ocr_line' id='line_1_81' title="bbox 1105 3453 1857 3538; baseline -0.011 -23"><span class='ocrx_word' id='word_1_467' title='bbox 1105 3462 1206 3533; x_wconf 90' lang='lat' dir='ltr'><strong>Neque</strong></span> <span class='ocrx_word' id='word_1_468' title='bbox 1220 3474 1283 3514; x_wconf 82' lang='lat' dir='ltr'><strong>suar</strong></span> <span class='ocrx_word' id='word_1_469' title='bbox 1297 3457 1375 3514; x_wconf 90' lang='lat' dir='ltr'><strong>sedis</strong></span> <span class='ocrx_word' id='word_1_470' title='bbox 1386 3456 1487 3513; x_wconf 90' lang='lat' dir='ltr'><strong>locum</strong></span> <span class='ocrx_word' id='word_1_471' title='bbox 1502 3453 1554 3512; x_wconf 91' lang='lat' dir='ltr'><strong>dat</strong></span> <span class='ocrx_word' id='word_1_472' title='bbox 1562 3470 1681 3538; x_wconf 79' lang='lat' dir='ltr'><strong>neumae</strong></span> <span class='ocrx_word' id='word_1_473' title='bbox 1695 3459 1857 3512; x_wconf 73' lang='lat' dir='ltr'><strong>extranee.</strong></span> 
     </span>
    </p>
   </div>
   <div class='ocr_carea' id='block_1_17' title="bbox 1106 3561 1947 4352">
    <p class='ocr_par' dir='ltr' id='par_1_51' title="bbox 1106 3561 1942 4175">
     <span class='ocr_line' id='line_1_82' title="bbox 1173 3561 1870 3640; baseline -0.009 -17"><span class='ocrx_word' id='word_1_474' title='bbox 1173 3568 1248 3623; x_wconf 80' lang='lat' dir='ltr'><strong>item</strong></span> <span class='ocrx_word' id='word_1_475' title='bbox 1263 3567 1300 3624; x_wconf 88' lang='lat' dir='ltr'><strong>de</strong></span> <span class='ocrx_word' id='word_1_476' title='bbox 1313 3571 1444 3640; x_wconf 85' lang='lat' dir='ltr'><strong>quatuor</strong></span> <span class='ocrx_word' id='word_1_477' title='bbox 1459 3567 1552 3636; x_wconf 86' lang='lat' dir='ltr'><strong>tropis</strong></span> <span class='ocrx_word' id='word_1_478' title='bbox 1567 3565 1599 3621; x_wconf 89' lang='lat' dir='ltr'><strong>in</strong></span> <span class='ocrx_word' id='word_1_479' title='bbox 1612 3569 1678 3621; x_wconf 87' lang='lat' dir='ltr'><strong>octo</strong></span> <span class='ocrx_word' id='word_1_480' title='bbox 1691 3561 1870 3635; x_wconf 76' lang='lat' dir='ltr'><strong>dispertitis.</strong></span> 
     </span>
     <span class='ocr_line' id='line_1_83' title="bbox 1106 3652 1703 3727; baseline -0.007 -13"><span class='ocrx_word' id='word_1_481' title='bbox 1106 3661 1183 3714; x_wconf 89' lang='lat' dir='ltr'><strong>Aure</strong></span> <span class='ocrx_word' id='word_1_482' title='bbox 1199 3659 1299 3712; x_wconf 90' lang='lat' dir='ltr'><strong>tamen</strong></span> <span class='ocrx_word' id='word_1_483' title='bbox 1314 3655 1444 3727; x_wconf 88' lang='lat' dir='ltr'><strong>curiosa,</strong></span> <span class='ocrx_word' id='word_1_484' title='bbox 1456 3653 1545 3711; x_wconf 90' lang='lat' dir='ltr'><strong>valde</strong></span> <span class='ocrx_word' id='word_1_485' title='bbox 1559 3652 1614 3711; x_wconf 88' lang='lat' dir='ltr'><strong>erit</strong></span> <span class='ocrx_word' id='word_1_486' title='bbox 1623 3652 1703 3718; x_wconf 90' lang='lat' dir='ltr'><strong>utile,</strong></span> 
     </span>
     <span class='ocr_line' id='line_1_84' title="bbox 1108 3740 1835 3816; baseline -0.011 -12"><span class='ocrx_word' id='word_1_487' title='bbox 1108 3744 1137 3804; x_wconf 88' lang='lat' dir='ltr'><strong>Si</strong></span> <span class='ocrx_word' id='word_1_488' title='bbox 1148 3745 1287 3803; x_wconf 88' lang='lat' dir='ltr'><strong>advertas</strong></span> <span class='ocrx_word' id='word_1_489' title='bbox 1302 3749 1332 3803; x_wconf 89' lang='lat' dir='ltr'><strong>et</strong></span> <span class='ocrx_word' id='word_1_490' title='bbox 1346 3759 1522 3816; x_wconf 89' lang='lat' dir='ltr'><strong>cognoscas,</strong></span> <span class='ocrx_word' id='word_1_491' title='bbox 1536 3741 1695 3800; x_wconf 88' lang='lat' dir='ltr'><strong>harmonia</strong></span> <span class='ocrx_word' id='word_1_492' title='bbox 1706 3740 1835 3815; x_wconf 88' lang='lat' dir='ltr'><strong>qualiter</strong></span> 
     </span>
     <span class='ocr_line' id='line_1_85' title="bbox 1108 3829 1828 3904; baseline -0.008 -13"><span class='ocrx_word' id='word_1_493' title='bbox 1108 3837 1241 3904; x_wconf 82' lang='lat' dir='ltr'><strong>Quatuor</strong></span> <span class='ocrx_word' id='word_1_494' title='bbox 1255 3839 1381 3892; x_wconf 87' lang='lat' dir='ltr'><strong>canatur</strong></span> <span class='ocrx_word' id='word_1_495' title='bbox 1395 3833 1494 3891; x_wconf 90' lang='lat' dir='ltr'><strong>modis</strong></span> <span class='ocrx_word' id='word_1_496' title='bbox 1509 3832 1719 3891; x_wconf 78' lang='lat' dir='ltr'><strong>transformata</strong></span> <span class='ocrx_word' id='word_1_497' title='bbox 1730 3829 1805 3888; x_wconf 90' lang='lat' dir='ltr'><strong>iacie</strong></span> <span class='ocrx_word' id='word_1_498' title='bbox 1820 3846 1828 3885; x_wconf 90' lang='lat'><strong>:</strong></span> 
     </span>
     <span class='ocr_line' id='line_1_86' title="bbox 1109 3918 1881 3998; baseline -0.009 -17"><span class='ocrx_word' id='word_1_499' title='bbox 1109 3925 1242 3992; x_wconf 76' lang='lat' dir='ltr'><strong>Quatuor</strong></span> <span class='ocrx_word' id='word_1_500' title='bbox 1256 3923 1417 3998; x_wconf 84' lang='lat' dir='ltr'><strong>exquibus</strong></span> <span class='ocrx_word' id='word_1_501' title='bbox 1432 3921 1531 3979; x_wconf 87' lang='lat' dir='ltr'><strong>modis</strong></span> <span class='ocrx_word' id='word_1_502' title='bbox 1541 3925 1609 3979; x_wconf 89' lang='lat' dir='ltr'><strong>octo</strong></span> <span class='ocrx_word' id='word_1_503' title='bbox 1621 3919 1728 3977; x_wconf 91' lang='lat' dir='ltr'><strong>dehinc</strong></span> <span class='ocrx_word' id='word_1_504' title='bbox 1737 3918 1881 3988; x_wconf 85' lang='lat' dir='ltr'><strong>tacimus,</strong></span> 
     </span>
     <span class='ocr_line' id='line_1_87' title="bbox 1109 4009 1771 4084; baseline -0.006 -14"><span class='ocrx_word' id='word_1_505' title='bbox 1109 4012 1186 4081; x_wconf 82' lang='lat' dir='ltr'><strong>eris</strong></span> <span class='ocrx_word' id='word_1_506' title='bbox 1196 4012 1300 4084; x_wconf 86' lang='lat' dir='ltr'><strong>gravia</strong></span> <span class='ocrx_word' id='word_1_507' title='bbox 1314 4017 1343 4070; x_wconf 92' lang='lat' dir='ltr'><strong>et</strong></span> <span class='ocrx_word' id='word_1_508' title='bbox 1355 4011 1416 4069; x_wconf 88' lang='lat' dir='ltr'><strong>alta</strong></span> <span class='ocrx_word' id='word_1_509' title='bbox 1431 4011 1547 4068; x_wconf 88' lang='lat' dir='ltr'><strong>cantica</strong></span> <span class='ocrx_word' id='word_1_510' title='bbox 1562 4009 1771 4082; x_wconf 86' lang='lat' dir='ltr'><strong>discernimus,</strong></span> 
     </span>
     <span class='ocr_line' id='line_1_88' title="bbox 1108 4095 1942 4175; baseline -0.008 -18"><span class='ocrx_word' id='word_1_511' title='bbox 1108 4103 1183 4160; x_wconf 85' lang='lat' dir='ltr'><strong>cnm</strong></span> <span class='ocrx_word' id='word_1_512' title='bbox 1199 4102 1358 4160; x_wconf 87' lang='lat' dir='ltr'><strong>authentos</strong></span> <span class='ocrx_word' id='word_1_513' title='bbox 1373 4105 1463 4174; x_wconf 90' lang='lat' dir='ltr'><strong>atque</strong></span> <span class='ocrx_word' id='word_1_514' title='bbox 1473 4099 1579 4175; x_wconf 78' lang='lat' dir='ltr'><strong>plagas</strong></span> <span class='ocrx_word' id='word_1_515' title='bbox 1591 4115 1675 4156; x_wconf 88' lang='lat' dir='ltr'><strong>more</strong></span> <span class='ocrx_word' id='word_1_516' title='bbox 1683 4099 1785 4156; x_wconf 81' lang='lat' dir='ltr'><strong>Graeco</strong></span> <span class='ocrx_word' id='word_1_517' title='bbox 1795 4095 1942 4154; x_wconf 79' lang='lat' dir='ltr'><strong>diximus.</strong></span> 
     </span>
    </p>

    <p class='ocr_par' dir='ltr' id='par_1_52' title="bbox 1297 4190 1752 4261">
     <span class='ocr_line' id='line_1_89' title="bbox 1297 4190 1752 4261; baseline -0.007 -14"><span class='ocrx_word' id='word_1_518' title='bbox 1297 4192 1371 4248; x_wconf 87' lang='lat' dir='ltr'><strong>Item</strong></span> <span class='ocrx_word' id='word_1_519' title='bbox 1386 4190 1424 4248; x_wconf 89' lang='lat' dir='ltr'><strong>de</strong></span> <span class='ocrx_word' id='word_1_520' title='bbox 1437 4190 1589 4248; x_wconf 82' lang='lat' dir='ltr'><strong>authentis</strong></span> <span class='ocrx_word' id='word_1_521' title='bbox 1602 4195 1630 4247; x_wconf 91' lang='lat' dir='ltr'><strong>et</strong></span> <span class='ocrx_word' id='word_1_522' title='bbox 1639 4191 1752 4261; x_wconf 77' lang='lat' dir='ltr'><strong>ptapr&#39;s.</strong></span> 
     </span>
    </p>

    <p class='ocr_par' dir='ltr' id='par_1_53' title="bbox 1109 4277 1947 4352">
     <span class='ocr_line' id='line_1_90' title="bbox 1109 4277 1947 4352; baseline -0.01 -13"><span class='ocrx_word' id='word_1_523' title='bbox 1109 4281 1166 4339; x_wconf 80' lang='lat' dir='ltr'><strong>hlti</strong></span> <span class='ocrx_word' id='word_1_524' title='bbox 1179 4284 1285 4339; x_wconf 88' lang='lat' dir='ltr'><strong>cantus</strong></span> <span class='ocrx_word' id='word_1_525' title='bbox 1299 4283 1370 4337; x_wconf 89' lang='lat' dir='ltr'><strong>sunt</strong></span> <span class='ocrx_word' id='word_1_526' title='bbox 1383 4279 1529 4349; x_wconf 87' lang='lat' dir='ltr'><strong>authenti,</strong></span> <span class='ocrx_word' id='word_1_527' title='bbox 1545 4293 1652 4349; x_wconf 87' lang='lat' dir='ltr'><strong>graves</strong></span> <span class='ocrx_word' id='word_1_528' title='bbox 1661 4277 1768 4352; x_wconf 88' lang='lat' dir='ltr'><strong>plagas</strong></span> <span class='ocrx_word' id='word_1_529' title='bbox 1780 4277 1947 4334; x_wconf 88' lang='lat' dir='ltr'><strong>nominant</strong></span> 
     </span>
    </p>
   </div>
   <div class='ocr_carea' id='block_1_18' title="bbox 228 4351 1947 4445">
    <p class='ocr_par' dir='ltr' id='par_1_54' title="bbox 228 4351 1947 4445">
     <span class='ocr_line' id='line_1_91' title="bbox 228 4351 1947 4445; baseline 0.002 -29"><span class='ocrx_word' id='word_1_530' title='bbox 228 4362 262 4417; x_wconf 82' lang='lat' dir='ltr'><strong>st</strong></span> <span class='ocrx_word' id='word_1_531' title='bbox 275 4376 463 4435; x_wconf 76' lang='lat' dir='ltr'><strong>quacunque</strong></span> <span class='ocrx_word' id='word_1_532' title='bbox 484 4361 538 4418; x_wconf 92' lang='lat' dir='ltr'><strong>rite</strong></span> <span class='ocrx_word' id='word_1_533' title='bbox 552 4361 629 4420; x_wconf 88' lang='lat' dir='ltr'><strong>finnt</strong></span> <span class='ocrx_word' id='word_1_534' title='bbox 640 4363 826 4421; x_wconf 90' lang='lat' dir='ltr'><strong>musicorum</strong></span> <span class='ocrx_word' id='word_1_535' title='bbox 838 4364 971 4422; x_wconf 90' lang='lat' dir='ltr'><strong>vascula.</strong></span> <span class='ocrx_word' id='word_1_536' title='bbox 1071 4351 1094 4406; x_wconf 80' lang='grc' dir='ltr'><strong>Ῑ)</strong></span> <span class='ocrx_word' id='word_1_537' title='bbox 1110 4374 1248 4445; x_wconf 86' lang='lat' dir='ltr'><strong>Dumque</strong></span> <span class='ocrx_word' id='word_1_538' title='bbox 1261 4373 1394 4444; x_wconf 90' lang='lat' dir='ltr'><strong>quatuor</strong></span> <span class='ocrx_word' id='word_1_539' title='bbox 1407 4369 1439 4425; x_wconf 93' lang='lat' dir='ltr'><strong>in</strong></span> <span class='ocrx_word' id='word_1_540' title='bbox 1453 4367 1531 4426; x_wconf 94' lang='lat' dir='ltr'><strong>tonis</strong></span> <span class='ocrx_word' id='word_1_541' title='bbox 1557 4367 1616 4425; x_wconf 92' lang='lat' dir='ltr'><strong>hoc</strong></span> <span class='ocrx_word' id='word_1_542' title='bbox 1641 4371 1806 4440; x_wconf 91' lang='lat' dir='ltr'><strong>utramque</strong></span> <span class='ocrx_word' id='word_1_543' title='bbox 1827 4380 1947 4438; x_wconf 89' lang='lat' dir='ltr'><strong>suppa·</strong></span> 
     </span>
    </p>
   </div>
   <div class='ocr_carea' id='block_1_19' title="bbox 212 4449 1060 5604">
    <p class='ocr_par' dir='ltr' id='par_1_55' title="bbox 228 4449 931 4512">
     <span class='ocr_line' id='line_1_92' title="bbox 228 4449 931 4512; baseline 0.006 -4"><span class='ocrx_word' id='word_1_544' title='bbox 228 4449 277 4508; x_wconf 88' lang='lat' dir='ltr'><strong>llis</strong></span> <span class='ocrx_word' id='word_1_545' title='bbox 290 4450 440 4508; x_wconf 89' lang='lat' dir='ltr'><strong>mensuris</strong></span> <span class='ocrx_word' id='word_1_546' title='bbox 456 4453 517 4509; x_wconf 87' lang='lat' dir='ltr'><strong>Deo</strong></span> <span class='ocrx_word' id='word_1_547' title='bbox 532 4453 613 4509; x_wconf 90' lang='lat' dir='ltr'><strong>canit</strong></span> <span class='ocrx_word' id='word_1_548' title='bbox 622 4456 686 4510; x_wconf 91' lang='lat' dir='ltr'><strong>tota</strong></span> <span class='ocrx_word' id='word_1_549' title='bbox 695 4469 776 4512; x_wconf 90' lang='lat' dir='ltr'><strong>nunc</strong></span> <span class='ocrx_word' id='word_1_550' title='bbox 791 4454 931 4512; x_wconf 86' lang='lat' dir='ltr'><strong>Ecclesia.</strong></span> 
     </span>
    </p>

    <p class='ocr_par' dir='ltr' id='par_1_56' title="bbox 212 4539 1060 5604">
     <span class='ocr_line' id='line_1_93' title="bbox 283 4539 986 4616; baseline 0.007 -19"><span class='ocrx_word' id='word_1_551' title='bbox 283 4539 387 4597; x_wconf 87' lang='lat' dir='ltr'><strong>Omnis</strong></span> <span class='ocrx_word' id='word_1_552' title='bbox 398 4555 455 4596; x_wconf 87' lang='lat' dir='ltr'><strong>vox</strong></span> <span class='ocrx_word' id='word_1_553' title='bbox 470 4541 610 4610; x_wconf 79' lang='lat' dir='ltr'><strong>secundm</strong></span> <span class='ocrx_word' id='word_1_554' title='bbox 623 4541 680 4600; x_wconf 88' lang='lat' dir='ltr'><strong>sibi</strong></span> <span class='ocrx_word' id='word_1_555' title='bbox 690 4541 827 4614; x_wconf 86' lang='lat' dir='ltr'><strong>jnngitur</strong></span> <span class='ocrx_word' id='word_1_556' title='bbox 841 4548 870 4601; x_wconf 91' lang='lat' dir='ltr'><strong>et</strong></span> <span class='ocrx_word' id='word_1_557' title='bbox 883 4543 986 4616; x_wconf 75' lang='lat' dir='ltr'><strong>tertiae,</strong></span> 
     </span>
     <span class='ocr_line' id='line_1_94' title="bbox 228 4630 1005 4705; baseline 0.008 -19"><span class='ocrx_word' id='word_1_558' title='bbox 228 4632 345 4697; x_wconf 68' lang='lat' dir='ltr'><strong>Quartae</strong></span> <span class='ocrx_word' id='word_1_559' title='bbox 355 4646 426 4688; x_wconf 90' lang='lat' dir='ltr'><strong>vero</strong></span> <span class='ocrx_word' id='word_1_560' title='bbox 441 4634 531 4704; x_wconf 78' lang='lat' dir='ltr'><strong>attque</strong></span> <span class='ocrx_word' id='word_1_561' title='bbox 543 4630 656 4705; x_wconf 72' lang='lat' dir='ltr'><strong>quintae</strong></span> <span class='ocrx_word' id='word_1_562' title='bbox 670 4645 732 4688; x_wconf 93' lang='lat' dir='ltr'><strong>non</strong></span> <span class='ocrx_word' id='word_1_563' title='bbox 743 4632 913 4704; x_wconf 86' lang='lat' dir='ltr'><strong>junguntur</strong></span> <span class='ocrx_word' id='word_1_564' title='bbox 922 4633 1005 4692; x_wconf 88' lang='lat' dir='ltr'><strong>aliter</strong></span> 
     </span>
     <span class='ocr_line' id='line_1_95' title="bbox 212 4718 824 4795; baseline 0.003 -17"><span class='ocrx_word' id='word_1_565' title='bbox 212 4719 288 4778; x_wconf 74' lang='lat' dir='ltr'><strong>&#39;Nisi</strong></span> <span class='ocrx_word' id='word_1_566' title='bbox 302 4719 492 4778; x_wconf 87' lang='lat' dir='ltr'><strong>diatessaron</strong></span> <span class='ocrx_word' id='word_1_567' title='bbox 507 4718 544 4776; x_wconf 91' lang='lat' dir='ltr'><strong>sit</strong></span> <span class='ocrx_word' id='word_1_568' title='bbox 555 4718 597 4776; x_wconf 91' lang='lat' dir='ltr'><strong>ihi</strong></span> <span class='ocrx_word' id='word_1_569' title='bbox 611 4719 659 4776; x_wconf 84' lang='lat' dir='ltr'><strong>vel</strong></span> <span class='ocrx_word' id='word_1_570' title='bbox 674 4719 824 4795; x_wconf 87' lang='lat' dir='ltr'><strong>diapente.</strong></span> 
     </span>
     <span class='ocr_line' id='line_1_96' title="bbox 228 4807 905 4884; baseline 0.006 -19"><span class='ocrx_word' id='word_1_571' title='bbox 228 4811 310 4866; x_wconf 85' lang='lat' dir='ltr'><strong>Tono</strong></span> <span class='ocrx_word' id='word_1_572' title='bbox 326 4807 522 4866; x_wconf 88' lang='lat' dir='ltr'><strong>semitoniove</strong></span> <span class='ocrx_word' id='word_1_573' title='bbox 534 4824 595 4865; x_wconf 84' lang='lat' dir='ltr'><strong>vox</strong></span> <span class='ocrx_word' id='word_1_574' title='bbox 609 4809 749 4867; x_wconf 81' lang='lat' dir='ltr'><strong>secundae</strong></span> <span class='ocrx_word' id='word_1_575' title='bbox 760 4810 905 4884; x_wconf 89' lang='lat' dir='ltr'><strong>jungitur,</strong></span> 
     </span>
     <span class='ocr_line' id='line_1_97' title="bbox 229 4898 862 4958; baseline 0.005 -3"><span class='ocrx_word' id='word_1_576' title='bbox 229 4898 353 4956; x_wconf 82' lang='lat' dir='ltr'><strong>bitonus</strong></span> <span class='ocrx_word' id='word_1_577' title='bbox 367 4913 438 4956; x_wconf 88' lang='lat' dir='ltr'><strong>vcro</strong></span> <span class='ocrx_word' id='word_1_578' title='bbox 450 4901 480 4956; x_wconf 90' lang='lat' dir='ltr'><strong>ct</strong></span> <span class='ocrx_word' id='word_1_579' title='bbox 488 4898 685 4956; x_wconf 91' lang='lat' dir='ltr'><strong>semiditonus</strong></span> <span class='ocrx_word' id='word_1_580' title='bbox 697 4901 862 4958; x_wconf 82' lang='lat' dir='ltr'><strong>vocabitur.</strong></span> 
     </span>
     <span class='ocr_line' id='line_1_98' title="bbox 231 4987 1059 5064; baseline 0.007 -20"><span class='ocrx_word' id='word_1_581' title='bbox 231 4987 330 5063; x_wconf 90' lang='lat' dir='ltr'><strong>Siqua</strong></span> <span class='ocrx_word' id='word_1_582' title='bbox 341 5004 413 5046; x_wconf 89' lang='lat' dir='ltr'><strong>vero</strong></span> <span class='ocrx_word' id='word_1_583' title='bbox 422 4988 567 5047; x_wconf 85' lang='lat' dir='ltr'><strong>voxultra</strong></span> <span class='ocrx_word' id='word_1_584' title='bbox 577 4989 744 5048; x_wconf 89' lang='lat' dir='ltr'><strong>secundam</strong></span> <span class='ocrx_word' id='word_1_585' title='bbox 751 4990 868 5049; x_wconf 89' lang='lat' dir='ltr'><strong>tertiam</strong></span> <span class='ocrx_word' id='word_1_586' title='bbox 876 4992 1059 5064; x_wconf 88' lang='lat' dir='ltr'><strong>adgreditur,</strong></span> 
     </span>
     <span class='ocr_line' id='line_1_99' title="bbox 230 5077 1059 5156; baseline 0.008 -23"><span class='ocrx_word' id='word_1_587' title='bbox 230 5077 421 5136; x_wconf 88' lang='lat' dir='ltr'><strong>Diatessaron</strong></span> <span class='ocrx_word' id='word_1_588' title='bbox 432 5078 571 5150; x_wconf 90' lang='lat' dir='ltr'><strong>habetur,</strong></span> <span class='ocrx_word' id='word_1_589' title='bbox 586 5095 656 5136; x_wconf 92' lang='lat' dir='ltr'><strong>cum</strong></span> <span class='ocrx_word' id='word_1_590' title='bbox 684 5080 724 5138; x_wconf 89' lang='lat' dir='ltr'><strong>ad</strong></span> <span class='ocrx_word' id='word_1_591' title='bbox 737 5085 879 5156; x_wconf 90' lang='lat' dir='ltr'><strong>quartam</strong></span> <span class='ocrx_word' id='word_1_592' title='bbox 901 5083 1036 5154; x_wconf 88' lang='lat' dir='ltr'><strong>graditur</strong></span> <span class='ocrx_word' id='word_1_593' title='bbox 1052 5100 1059 5153; x_wconf 88' lang='lat'><strong>;</strong></span> 
     </span>
     <span class='ocr_line' id='line_1_100' title="bbox 231 5165 1023 5246; baseline 0.015 -27"><span class='ocrx_word' id='word_1_594' title='bbox 231 5165 375 5240; x_wconf 85' lang='lat' dir='ltr'><strong>Dispente</strong></span> <span class='ocrx_word' id='word_1_595' title='bbox 388 5169 594 5240; x_wconf 87' lang='lat' dir='ltr'><strong>nominamur,</strong></span> <span class='ocrx_word' id='word_1_596' title='bbox 609 5170 807 5244; x_wconf 72' lang='lat' dir='ltr'><strong>quintiacum</strong></span> <span class='ocrx_word' id='word_1_597' title='bbox 822 5173 1023 5246; x_wconf 88' lang='lat' dir='ltr'><strong>conjungitur.</strong></span> 
     </span>
     <span class='ocr_line' id='line_1_101' title="bbox 231 5252 943 5321; baseline 0.011 -11"><span class='ocrx_word' id='word_1_598' title='bbox 231 5252 293 5310; x_wconf 87' lang='lat' dir='ltr'><strong>Nisi</strong></span> <span class='ocrx_word' id='word_1_599' title='bbox 303 5255 436 5313; x_wconf 89' lang='lat' dir='ltr'><strong>motibus</strong></span> <span class='ocrx_word' id='word_1_600' title='bbox 445 5256 493 5313; x_wconf 92' lang='lat' dir='ltr'><strong>his</strong></span> <span class='ocrx_word' id='word_1_601' title='bbox 504 5258 583 5315; x_wconf 90' lang='lat' dir='ltr'><strong>senis</strong></span> <span class='ocrx_word' id='word_1_602' title='bbox 592 5257 677 5320; x_wconf 88' lang='lat' dir='ltr'><strong>nulls</strong></span> <span class='ocrx_word' id='word_1_603' title='bbox 690 5275 751 5318; x_wconf 87' lang='lat' dir='ltr'><strong>vox</strong></span> <span class='ocrx_word' id='word_1_604' title='bbox 764 5261 943 5321; x_wconf 87' lang='lat' dir='ltr'><strong>movebitur.</strong></span> 
     </span>
     <span class='ocr_line' id='line_1_102' title="bbox 233 5341 886 5423; baseline 0.015 -23"><span class='ocrx_word' id='word_1_605' title='bbox 233 5341 337 5400; x_wconf 90' lang='lat' dir='ltr'><strong>Omnis</strong></span> <span class='ocrx_word' id='word_1_606' title='bbox 351 5358 423 5414; x_wconf 88' lang='lat' dir='ltr'><strong>ergo</strong></span> <span class='ocrx_word' id='word_1_607' title='bbox 437 5345 587 5404; x_wconf 80' lang='lat' dir='ltr'><strong>cantilena</strong></span> <span class='ocrx_word' id='word_1_608' title='bbox 597 5348 671 5422; x_wconf 92' lang='lat' dir='ltr'><strong>quia</strong></span> <span class='ocrx_word' id='word_1_609' title='bbox 684 5349 731 5406; x_wconf 92' lang='lat' dir='ltr'><strong>his</strong></span> <span class='ocrx_word' id='word_1_610' title='bbox 746 5349 886 5423; x_wconf 86' lang='lat' dir='ltr'><strong>efficitur,·</strong></span> 
     </span>
     <span class='ocr_line' id='line_1_103' title="bbox 232 5433 1012 5515; baseline 0.01 -26"><span class='ocrx_word' id='word_1_611' title='bbox 232 5433 337 5489; x_wconf 81' lang='lat' dir='ltr'><strong>idoneo</strong></span> <span class='ocrx_word' id='word_1_612' title='bbox 347 5434 385 5500; x_wconf 91' lang='lat' dir='ltr'><strong>te,</strong></span> <span class='ocrx_word' id='word_1_613' title='bbox 396 5433 530 5506; x_wconf 90' lang='lat' dir='ltr'><strong>prudens</strong></span> <span class='ocrx_word' id='word_1_614' title='bbox 543 5440 657 5506; x_wconf 89' lang='lat' dir='ltr'><strong>cantor,</strong></span> <span class='ocrx_word' id='word_1_615' title='bbox 672 5437 729 5498; x_wconf 90' lang='lat' dir='ltr'><strong>hos</strong></span> <span class='ocrx_word' id='word_1_616' title='bbox 740 5440 870 5515; x_wconf 85' lang='lat' dir='ltr'><strong>perfecte</strong></span> <span class='ocrx_word' id='word_1_617' title='bbox 880 5441 1012 5500; x_wconf 88' lang='lat' dir='ltr'><strong>discere:</strong></span> 
     </span>
     <span class='ocr_line' id='line_1_104' title="bbox 232 5521 1060 5604; baseline 0.011 -26"><span class='ocrx_word' id='word_1_618' title='bbox 232 5525 307 5580; x_wconf 89' lang='lat' dir='ltr'><strong>Nam</strong></span> <span class='ocrx_word' id='word_1_619' title='bbox 322 5521 444 5597; x_wconf 91' lang='lat' dir='ltr'><strong>quibos</strong></span> <span class='ocrx_word' id='word_1_620' title='bbox 458 5523 545 5597; x_wconf 89' lang='lat' dir='ltr'><strong>plene</strong></span> <span class='ocrx_word' id='word_1_621' title='bbox 558 5529 722 5604; x_wconf 89' lang='lat' dir='ltr'><strong>cognoscit,</strong></span> <span class='ocrx_word' id='word_1_622' title='bbox 737 5530 778 5588; x_wconf 92' lang='lat' dir='ltr'><strong>nil</strong></span> <span class='ocrx_word' id='word_1_623' title='bbox 792 5531 823 5590; x_wconf 90' lang='lat' dir='ltr'><strong>in</strong></span> <span class='ocrx_word' id='word_1_624' title='bbox 833 5535 924 5590; x_wconf 90' lang='lat' dir='ltr'><strong>cantu</strong></span> <span class='ocrx_word' id='word_1_625' title='bbox 933 5529 1060 5589; x_wconf 83' lang='lat' dir='ltr'><strong>dubitat</strong></span> 
     </span>
    </p>
   </div>
   <div class='ocr_carea' id='block_1_20' title="bbox 223 5629 509 5748">
    <p class='ocr_par' dir='ltr' id='par_1_57' title="bbox 223 5629 509 5748">
     <span class='ocr_line' id='line_1_105' title="bbox 223 5629 509 5748; baseline -0.017 -57"><span class='ocrx_word' id='word_1_626' title='bbox 223 5631 372 5748; x_wconf 50' lang='lat' dir='ltr'><strong>&#39;fritilli</strong></span> <span class='ocrx_word' id='word_1_627' title='bbox 388 5629 509 5692; x_wconf 84' lang='lat' dir='ltr'><strong>durum.</strong></span> 
     </span>
    </p>
   </div>
   <div class='ocr_carea' id='block_1_21' title="bbox 1111 4454 1958 5603">
    <p class='ocr_par' dir='ltr' id='par_1_58' title="bbox 1111 4454 1954 4974">
     <span class='ocr_line' id='line_1_106' title="bbox 1817 4454 1911 4526; baseline -0.021 0"><span class='ocrx_word' id='word_1_628' title='bbox 1817 4454 1911 4526; x_wconf 67' lang='lat' dir='ltr'><strong>[canu</strong></span> 
     </span>
     <span class='ocr_line' id='line_1_107' title="bbox 1112 4543 1893 4609; baseline -0.013 -1"><span class='ocrx_word' id='word_1_629' title='bbox 1112 4552 1183 4609; x_wconf 87' lang='lat' dir='ltr'><strong>Octo</strong></span> <span class='ocrx_word' id='word_1_630' title='bbox 1192 4546 1338 4606; x_wconf 80' lang='lat' dir='ltr'><strong>formulas</strong></span> <span class='ocrx_word' id='word_1_631' title='bbox 1349 4549 1491 4604; x_wconf 88' lang='lat' dir='ltr'><strong>tonorum</strong></span> <span class='ocrx_word' id='word_1_632' title='bbox 1506 4544 1552 4604; x_wconf 91' lang='lat' dir='ltr'><strong>vel</strong></span> <span class='ocrx_word' id='word_1_633' title='bbox 1565 4545 1727 4602; x_wconf 90' lang='lat' dir='ltr'><strong>modorum</strong></span> <span class='ocrx_word' id='word_1_634' title='bbox 1740 4543 1893 4602; x_wconf 85' lang='lat' dir='ltr'><strong>indicant.</strong></span> 
     </span>
     <span class='ocr_line' id='line_1_108' title="bbox 1111 4632 1949 4709; baseline -0.01 -14"><span class='ocrx_word' id='word_1_635' title='bbox 1111 4641 1216 4695; x_wconf 91' lang='lat' dir='ltr'><strong>Protns</strong></span> <span class='ocrx_word' id='word_1_636' title='bbox 1224 4641 1270 4694; x_wconf 91' lang='lat' dir='ltr'><strong>est</strong></span> <span class='ocrx_word' id='word_1_637' title='bbox 1280 4635 1443 4693; x_wconf 91' lang='lat' dir='ltr'><strong>authentus</strong></span> <span class='ocrx_word' id='word_1_638' title='bbox 1450 4635 1578 4709; x_wconf 93' lang='lat' dir='ltr'><strong>primns,</strong></span> <span class='ocrx_word' id='word_1_639' title='bbox 1589 4633 1686 4708; x_wconf 88' lang='lat' dir='ltr'><strong>plagis</strong></span> <span class='ocrx_word' id='word_1_640' title='bbox 1693 4632 1771 4708; x_wconf 88' lang='lat' dir='ltr'><strong>proti</strong></span> <span class='ocrx_word' id='word_1_641' title='bbox 1778 4632 1949 4696; x_wconf 89' lang='lat' dir='ltr'><strong>secundus,</strong></span> 
     </span>
     <span class='ocr_line' id='line_1_109' title="bbox 1112 4719 1950 4796; baseline -0.011 -13"><span class='ocrx_word' id='word_1_642' title='bbox 1112 4725 1276 4783; x_wconf 82' lang='lat' dir='ltr'><strong>[teutherus</strong></span> <span class='ocrx_word' id='word_1_643' title='bbox 1283 4723 1444 4781; x_wconf 88' lang='lat' dir='ltr'><strong>authentus</strong></span> <span class='ocrx_word' id='word_1_644' title='bbox 1457 4726 1565 4795; x_wconf 87' lang='lat' dir='ltr'><strong>exstat,</strong></span> <span class='ocrx_word' id='word_1_645' title='bbox 1572 4722 1692 4778; x_wconf 90' lang='lat' dir='ltr'><strong>tertium</strong></span> <span class='ocrx_word' id='word_1_646' title='bbox 1700 4736 1792 4796; x_wconf 91' lang='lat' dir='ltr'><strong>quem</strong></span> <span class='ocrx_word' id='word_1_647' title='bbox 1799 4719 1950 4777; x_wconf 85' lang='lat' dir='ltr'><strong>dicimus.</strong></span> 
     </span>
     <span class='ocr_line' id='line_1_110' title="bbox 1113 4809 1861 4888; baseline -0.008 -16"><span class='ocrx_word' id='word_1_648' title='bbox 1113 4817 1241 4883; x_wconf 87' lang='lat' dir='ltr'><strong>Quartus</strong></span> <span class='ocrx_word' id='word_1_649' title='bbox 1255 4814 1310 4871; x_wconf 90' lang='lat' dir='ltr'><strong>erit</strong></span> <span class='ocrx_word' id='word_1_650' title='bbox 1321 4812 1419 4888; x_wconf 88' lang='lat' dir='ltr'><strong>plagis</strong></span> <span class='ocrx_word' id='word_1_651' title='bbox 1434 4813 1510 4887; x_wconf 90' lang='lat' dir='ltr'><strong>ejus,</strong></span> <span class='ocrx_word' id='word_1_652' title='bbox 1525 4811 1630 4870; x_wconf 90' lang='lat' dir='ltr'><strong>ordine</strong></span> <span class='ocrx_word' id='word_1_653' title='bbox 1644 4811 1696 4886; x_wconf 93' lang='lat' dir='ltr'><strong>qui</strong></span> <span class='ocrx_word' id='word_1_654' title='bbox 1709 4809 1861 4886; x_wconf 89' lang='lat' dir='ltr'><strong>sequitur.</strong></span> 
     </span>
     <span class='ocr_line' id='line_1_111' title="bbox 1112 4899 1954 4974; baseline -0.008 -12"><span class='ocrx_word' id='word_1_655' title='bbox 1112 4905 1237 4974; x_wconf 85' lang='lat' dir='ltr'><strong>Quintus</strong></span> <span class='ocrx_word' id='word_1_656' title='bbox 1250 4907 1295 4962; x_wconf 89' lang='lat' dir='ltr'><strong>est</strong></span> <span class='ocrx_word' id='word_1_657' title='bbox 1307 4903 1468 4961; x_wconf 88' lang='lat' dir='ltr'><strong>authentus</strong></span> <span class='ocrx_word' id='word_1_658' title='bbox 1483 4902 1578 4971; x_wconf 91' lang='lat' dir='ltr'><strong>tritus,</strong></span> <span class='ocrx_word' id='word_1_659' title='bbox 1606 4906 1713 4959; x_wconf 85' lang='lat' dir='ltr'><strong>sextus</strong></span> <span class='ocrx_word' id='word_1_660' title='bbox 1732 4905 1762 4958; x_wconf 90' lang='lat' dir='ltr'><strong>et</strong></span> <span class='ocrx_word' id='word_1_661' title='bbox 1779 4899 1887 4974; x_wconf 86' lang='lat' dir='ltr'><strong>plagis</strong></span> <span class='ocrx_word' id='word_1_662' title='bbox 1908 4900 1954 4972; x_wconf 91' lang='lat' dir='ltr'><strong>ip-</strong></span> 
     </span>
    </p>

    <p class='ocr_par' dir='ltr' id='par_1_59' title="bbox 1113 4988 1958 5153">
     <span class='ocr_line' id='line_1_112' title="bbox 1822 4988 1919 5062; baseline -0.021 -16"><span class='ocrx_word' id='word_1_663' title='bbox 1822 4988 1919 5062; x_wconf 88' lang='lat' dir='ltr'><strong>[sius.</strong></span> 
     </span>
     <span class='ocr_line' id='line_1_113' title="bbox 1113 5079 1958 5153; baseline -0.009 -11"><span class='ocrx_word' id='word_1_664' title='bbox 1113 5083 1188 5142; x_wconf 86' lang='lat' dir='ltr'><strong>Hinc</strong></span> <span class='ocrx_word' id='word_1_665' title='bbox 1202 5082 1362 5140; x_wconf 89' lang='lat' dir='ltr'><strong>authentus</strong></span> <span class='ocrx_word' id='word_1_666' title='bbox 1377 5085 1424 5139; x_wconf 93' lang='lat' dir='ltr'><strong>est</strong></span> <span class='ocrx_word' id='word_1_667' title='bbox 1436 5079 1594 5149; x_wconf 90' lang='lat' dir='ltr'><strong>tetrardus,</strong></span> <span class='ocrx_word' id='word_1_668' title='bbox 1609 5094 1703 5153; x_wconf 90' lang='lat' dir='ltr'><strong>quem</strong></span> <span class='ocrx_word' id='word_1_669' title='bbox 1715 5093 1869 5136; x_wconf 76' lang='lat' dir='ltr'><strong>sommus</strong></span> <span class='ocrx_word' id='word_1_670' title='bbox 1886 5093 1958 5150; x_wconf 88' lang='lat' dir='ltr'><strong>sep-</strong></span> 
     </span>
    </p>

    <p class='ocr_par' dir='ltr' id='par_1_60' title="bbox 1778 5167 1921 5242">
     <span class='ocr_line' id='line_1_114' title="bbox 1778 5167 1921 5242; baseline -0.021 -17"><span class='ocrx_word' id='word_1_671' title='bbox 1778 5167 1921 5242; x_wconf 89' lang='lat' dir='ltr'><strong>[timum.</strong></span> 
     </span>
    </p>

    <p class='ocr_par' dir='ltr' id='par_1_61' title="bbox 1113 5257 1957 5603">
     <span class='ocr_line' id='line_1_115' title="bbox 1113 5257 1907 5334; baseline -0.009 -14"><span class='ocrx_word' id='word_1_672' title='bbox 1113 5261 1209 5334; x_wconf 87' lang='lat' dir='ltr'><strong>Plagis</strong></span> <span class='ocrx_word' id='word_1_673' title='bbox 1219 5259 1341 5319; x_wconf 86' lang='lat' dir='ltr'><strong>tetrardi</strong></span> <span class='ocrx_word' id='word_1_674' title='bbox 1353 5261 1488 5331; x_wconf 90' lang='lat' dir='ltr'><strong>octavus,</strong></span> <span class='ocrx_word' id='word_1_675' title='bbox 1504 5258 1667 5334; x_wconf 90' lang='lat' dir='ltr'><strong>septimum</strong></span> <span class='ocrx_word' id='word_1_676' title='bbox 1681 5257 1734 5331; x_wconf 95' lang='lat' dir='ltr'><strong>qni</strong></span> <span class='ocrx_word' id='word_1_677' title='bbox 1749 5259 1907 5330; x_wconf 89' lang='lat' dir='ltr'><strong>sequitur.</strong></span> 
     </span>
     <span class='ocr_line' id='line_1_116' title="bbox 1115 5345 1957 5420; baseline -0.007 -12"><span class='ocrx_word' id='word_1_678' title='bbox 1115 5352 1249 5419; x_wconf 84' lang='lat' dir='ltr'><strong>Quorum</strong></span> <span class='ocrx_word' id='word_1_679' title='bbox 1265 5349 1327 5407; x_wconf 91' lang='lat' dir='ltr'><strong>duo</strong></span> <span class='ocrx_word' id='word_1_680' title='bbox 1341 5363 1435 5406; x_wconf 90' lang='lat' dir='ltr'><strong>unam</strong></span> <span class='ocrx_word' id='word_1_681' title='bbox 1445 5363 1550 5407; x_wconf 89' lang='lat' dir='ltr'><strong>vocam</strong></span> <span class='ocrx_word' id='word_1_682' title='bbox 1565 5350 1676 5416; x_wconf 91' lang='lat' dir='ltr'><strong>tenent,</strong></span> <span class='ocrx_word' id='word_1_683' title='bbox 1690 5348 1723 5403; x_wconf 92' lang='lat' dir='ltr'><strong>nt</strong></span> <span class='ocrx_word' id='word_1_684' title='bbox 1736 5345 1957 5420; x_wconf 75' lang='lat' dir='ltr'><strong>prediximus,</strong></span> 
     </span>
     <span class='ocr_line' id='line_1_117' title="bbox 1115 5433 1826 5510; baseline -0.007 -14"><span class='ocrx_word' id='word_1_685' title='bbox 1115 5439 1191 5507; x_wconf 85' lang='lat' dir='ltr'><strong>Quia</strong></span> <span class='ocrx_word' id='word_1_686' title='bbox 1203 5455 1316 5497; x_wconf 91' lang='lat' dir='ltr'><strong>vocum</strong></span> <span class='ocrx_word' id='word_1_687' title='bbox 1324 5438 1356 5496; x_wconf 93' lang='lat' dir='ltr'><strong>in</strong></span> <span class='ocrx_word' id='word_1_688' title='bbox 1369 5441 1479 5497; x_wconf 91' lang='lat' dir='ltr'><strong>natura</strong></span> <span class='ocrx_word' id='word_1_689' title='bbox 1493 5442 1623 5510; x_wconf 90' lang='lat' dir='ltr'><strong>quatuor</strong></span> <span class='ocrx_word' id='word_1_690' title='bbox 1633 5439 1703 5493; x_wconf 91' lang='lat' dir='ltr'><strong>sunt</strong></span> <span class='ocrx_word' id='word_1_691' title='bbox 1713 5433 1826 5507; x_wconf 88' lang='lat' dir='ltr'><strong>verius,</strong></span> 
     </span>
     <span class='ocr_line' id='line_1_118' title="bbox 1116 5523 1801 5603; baseline -0.007 -16"><span class='ocrx_word' id='word_1_692' title='bbox 1116 5531 1197 5596; x_wconf 79' lang='lat' dir='ltr'><strong>Quos</strong></span> <span class='ocrx_word' id='word_1_693' title='bbox 1208 5529 1233 5586; x_wconf 90' lang='lat' dir='ltr'><strong>si</strong></span> <span class='ocrx_word' id='word_1_694' title='bbox 1243 5529 1334 5603; x_wconf 89' lang='lat' dir='ltr'><strong>sapis,</strong></span> <span class='ocrx_word' id='word_1_695' title='bbox 1346 5527 1404 5585; x_wconf 89' lang='lat' dir='ltr'><strong>hac</strong></span> <span class='ocrx_word' id='word_1_696' title='bbox 1418 5527 1450 5585; x_wconf 92' lang='lat' dir='ltr'><strong>in</strong></span> <span class='ocrx_word' id='word_1_697' title='bbox 1464 5530 1527 5586; x_wconf 88' lang='lat' dir='ltr'><strong>arte</strong></span> <span class='ocrx_word' id='word_1_698' title='bbox 1541 5524 1617 5584; x_wconf 88' lang='lat' dir='ltr'><strong>nihil</strong></span> <span class='ocrx_word' id='word_1_699' title='bbox 1630 5529 1675 5583; x_wconf 90' lang='lat' dir='ltr'><strong>est</strong></span> <span class='ocrx_word' id='word_1_700' title='bbox 1689 5523 1801 5583; x_wconf 76' lang='lat' dir='ltr'><strong>abtim.</strong></span> 
     </span>
    </p>
   </div>
   <div class='ocr_carea' id='block_1_22' title="bbox 0 0 2044 6164">
    <p class='ocr_par' dir='ltr' id='par_1_62' title="bbox 0 0 2044 6164">
     <span class='ocr_line' id='line_1_119' title="bbox 0 0 2044 6164; baseline 0 0"><span class='ocrx_word' id='word_1_701' title='bbox 0 0 2044 6164; x_wconf 95' lang='lat' dir='ltr'><strong> </strong></span> 
     </span>
    </p>
   </div>
  </div>
 </body>
</html>
