4044 6184
118 180 158 232 ili
388 189 390 193 ·
745 170 928 230 subitonus
946 171 1034 229 ritas
1054 175 1158 232 uasti.
1757 177 1806 231 itt

114 295 232 354 excubiis
254 294 353 352 lumen
374 295 412 351 de
436 294 512 352 ooelo
535 311 698 352 coruscans
718 312 808 368 super
822 295 962 351 locumti
980 295 1146 368 miserunt;
1163 317 1231 374 quae
1246 300 1327 356 idem
1342 304 1493 358 itomanus
1509 315 1589 374 papa
1604 301 1808 368 gratantersu-

114 384 400 459 seprdcridescendit,
429 384 459 440 iu
475 385 652 457 saojubare
665 390 759 442 totam
775 385 923 442 civitatem
982 386 1120 459 scipiens,
1148 390 1321 446 auctoritate
1350 390 1515 464 apostolica
1542 388 1703 457 roboravit,
1730 385 1807 443 etde

113 473 187 549 quasi
204 473 254 530 lux
264 474 319 530 diei
333 473 501 530 meridiana
515 490 569 547 per
582 491 676 530 uuam
696 475 756 531 iere
769 475 876 531 horam
891 473 923 530 il·
979 493 1052 550 pace
1069 479 1204 535 Ecclesire
1220 479 1386 537 admodum
1398 480 1429 536 in
1443 480 1568 535 bouriuo
1577 477 1742 549 gratulatus
1753 479 1806 542 est,

112 562 262 620 luminarii.
280 565 388 620 Omnes
404 568 505 620 autom
529 564 581 638 qui
604 565 635 622 in
659 564 733 621 urbe
756 567 839 620 erant
858 563 924 619 lan-
980 566 1128 640 simulque
1140 568 1178 624 de
1193 575 1253 625 tam
1270 569 1390 641 pretiosi
1405 568 1524 640 patroni
1537 567 1727 624 translatione
1742 584 1747 632 ;
1769 569 1806 630 et,

112 657 221 726 grentes
233 657 351 727 repente
367 653 433 709 sani
447 653 517 710 facti
541 657 620 726 sunt,
650 659 688 725 et,
711 659 847 710 cessante
871 653 924 709 ‹lo-
980 662 1011 713 ut
1024 657 1088 714 hac
1102 675 1156 731 per
1171 659 1305 730 singulos
1317 660 1458 732 deinceps
1468 659 1496 714 iu
1510 657 1654 714 memoria
1664 657 1808 713 baberen-

112 744 162 798 lore
185 747 212 799 et
237 741 371 812 gemitu,
394 729 517 815 'requies
546 747 575 800 et
603 743 753 800 silentium
781 742 923 798 omnibus
979 751 1025 803 tur
1040 763 1145 815 anuos,
1162 765 1296 806 consono
1311 749 1430 804 decreto
1445 748 1593 804 saircitum
1616 753 1660 802 ιιι
1684 746 1722 802 ad
1742 745 1806 800 lau-

112 833 503 890 iactrimest.Fue1·untvero
518 839 772 907 numeroseptem
792 833 924 890 milliaet
978 835 1046 892 elem
1061 843 1089 894 et
1101 837 1226 908 gloriam
1242 839 1358 895 Domini
1374 837 1466 894 nostri
1480 839 1551 894 lesu
1566 835 1683 905 Christi,
1698 835 1744 892 oui
1764 837 1808 890 est

111 939 138 978 eo
152 921 275 995 amplius
287 937 392 978 coruum
404 923 458 997 qui
473 923 580 981 eadem
600 924 695 980 noctis
717 924 793 980 hora
816 924 924 980 sanita·
978 926 1184 995 honor,virtas
1198 931 1225 983 ot
1238 926 1331 996 gloria
1346 926 1495 983 insteenla
1507 925 1805 997 sempiternalimen.

112 1017 158 1068 tem
180 1016 363 1085 receperunt,
387 1012 519 1070 virorum
541 1017 570 1070 et
590 1013 761 1082 mrdierum,
784 1013 923 1070 dantium
1309 1017 1423 1074 santio
1443 1019 1475 1072 ll.

111 1101 220 1170 gloriam
235 1102 295 1158 Deo
318 1100 385 1158 coeli
400 1104 429 1158 et
444 1101 484 1158 ad
495 1102 618 1176 propria
639 1102 804 1160 incolumes
828 1102 923 1158 redie·
1013 1109 1044 1160 ln
1073 1105 1267 1164 translatione
1297 1106 1376 1162 beati
1406 1103 1554 1172 Martialis,
1579 1119 1646 1178 qum
1680 1099 1807 1158 Loibarii

110 1193 174 1244 runt.
196 1192 264 1261 lpse
291 1189 421 1262 denique
445 1191 540 1246 noctis
564 1191 640 1247 hora
663 1195 848 1248 memoratus
863 1191 923 1263 epi·
977 1194 1162 1268 temporibus
1178 1195 1255 1252 faeta
1270 1199 1323 1262 est,
1350 1193 1469 1251 athene
1485 1194 1587 1259 nostis,
1613 1191 1806 1262 dilectissimi,

110 1294 205 1351 scopus
219 1278 249 1334 in
262 1277 338 1336 iacto
351 1279 512 1351 quiescens
527 1279 602 1337 vidit
614 1280 645 1336 in
670 1295 777 1354 sopore
799 1280 922 1352 prolun-
976 1283 1006 1339 ia
1023 1285 1147 1340 ltonteur
1164 1284 1270 1341 (laudii
1286 1287 1408 1357 propter
1431 1282 1500 1338 illue
1513 1282 1645 1355 primam
1665 1277 1807 1336 translata

109 1369 140 1422 da
151 1367 234 1424 talem
248 1366 407 1424 visionem.
421 1369 545 1425 Astabat
558 1369 583 1425 ei
600 1369 777 1442 splendidus
799 1370 829 1426 in
842 1375 922 1427 veste
977 1371 1111 1442 ejusdem
1127 1373 1266 1430 membra
1278 1371 1397 1447 patroni
1413 1372 1511 1428 omnis
1529 1369 1661 1445 populus
1683 1369 1805 1441 Aquita·

109 1457 215 1526 fulgenti
242 1457 288 1514 vir
316 1456 442 1531 quidam
470 1457 522 1531 qui
544 1474 668 1514 urceum
689 1457 813 1532 plenum
842 1475 923 1533 aqua
977 1461 1061 1517 nicus
1077 1477 1147 1517 oum
1163 1463 1312 1535 episcopis
1327 1465 1355 1518 et
1367 1459 1535 1534 majoribus
1548 1463 1621 1515 nata
1642 1473 1677 1514 ao
1699 1457 1807 1530 princi-

108 1545 261 1618 porn'gebat
276 1546 313 1615 ei,
327 1545 431 1602 dicens
447 1564 453 1602 :
471 1569 485 1596 ιι
501 1547 622 1605 Mandat
636 1547 689 1604 tibi
714 1546 852 1605 Martialis
876 1548 922 1604 di·
976 1549 1066 1623 pibus
1079 1551 1261 1608 ascendebat
1275 1550 1313 1606 ad
1329 1551 1506 1622 orationem,
1520 1552 1552 1606 ut
1566 1563 1627 1604 uon
1641 1547 1806 1620 incongrua

108 1633 223 1708 scipulos
249 1634 369 1690 bomini
396 1635 489 1692 nostri
517 1639 588 1692 lesu
614 1636 719 1694 Christi
749 1641 780 1693 ut
803 1637 840 1694 de
864 1637 922 1694 lrac
942 1636 1032 1705 gillis
1047 1637 1272 1694 diebuslaetitice
1286 1639 1359 1694 illud
1378 1640 1555 1706 congrueret
1570 1633 1732 1708 prophetice
1754 1647 1806 1688 va·

107 1723 216 1796 lympha
236 1723 394 1794 refrigeres
412 1725 561 1798 populum
582 1730 758 1783 aestuantem
779 1725 921 1796 dammis,
977 1726 1110 1783 ticinium
1127 1744 1134 1782 z
1151 1749 1165 1776 ι
1182 1727 1291 1794 Venite,
1309 1726 1510 1784 ascendamus
1527 1724 1565 1780 ad
1591 1725 1723 1779 montem
1751 1723 1806 1776 llo·

107 1815 129 1867 et
139 1811 206 1868 bene
220 1812 387 1871 habebunt.
410 1837 424 1864 u
444 1817 672 1895 Experrectuea
694 1831 802 1873 somno
823 1817 921 1888 ponti·
976 1815 1050 1871 mini
1064 1820 1092 1872 et
1106 1815 1146 1872 ad
1161 1815 1287 1872 domum
1304 1816 1354 1872 llei
1368 1814 1469 1884 iacob,
1486 1817 1514 1870 et
1526 1811 1644 1869 docebit
1664 1827 1720 1868 nos
1738 1810 1803 1867 vias

108 1899 235 1967 tendum
250 1918 355 1960 secum
370 1903 471 1962 detali
486 1903 644 1960 miraretur
669 1903 746 1972 visu,
769 1909 797 1961 et
819 1906 922 1962 omnia
976 1919 1056 1972 suas,
1086 1908 1115 1960 ct
1141 1903 1367 1961 ambulabimus
1396 1903 1426 1959 in
1453 1901 1564 1959 semitis
1588 1901 1663 1972 ejus,
1683 1897 1804 1973 quiade

109 1989 191 2060 quieta
206 1991 336 2062 sentiret,
350 1991 492 2050 intellexit
505 1992 715 2050 misericordiae
728 2009 827 2050 rorem
846 1993 920 2050 divi·
977 1991 1047 2049 Sion
1060 1992 1151 2049 exibit
1164 1987 1211 2050 ιιι
1226 1997 1254 2049 ιι
1265 1992 1392 2050 verbum
1406 1990 1522 2048 Domini
1532 1989 1570 2046 de
1584 1985 1763 2046 Hierusalem
1769 2003 1802 2044 ιι

108 2079 172 2136 nitus
184 2081 213 2136 in
228 2081 351 2154 plebem
367 2082 479 2150 sb'llari,
497 2083 574 2140 siout
588 2086 617 2140 ct
628 2082 845 2140 inelucescente
857 2099 921 2140 ma·
975 2082 1031 2148 Qui
1045 2081 1129 2140 locus
1153 2083 1268 2140 nomini
1290 2097 1454 2155 congruere
1482 2080 1598 2138 videtur
1614 2095 1620 2136 :
1639 2081 1702 2136 erat
1723 2073 1803 2136 cnitn

107 2169 288 2242 reprobavit.
307 2176 339 2228 ln
354 2171 404 2228 illo
419 2175 553 2246 tempore
567 2171 715 2245 siquidem
730 2176 839 2230 extum
854 2171 920 2230 talis
974 2170 1015 2228 ibi
1029 2173 1156 2245 typicus,
1171 2173 1233 2228 imo
1246 2189 1335 2230 verus
1350 2187 1439 2229 mons
1461 2169 1590 2244 bomini,
1611 2167 1692 2226 idem
1717 2165 1803 2225 disci-

107 2259 212 2333 inipsa
238 2262 338 2334 patria
366 2262 513 2336 paulatim
537 2277 653 2320 cessare
667 2262 758 2336 plaga
778 2263 867 2336 ooepit
888 2267 921 2322 ut
974 2260 1063 2334 palus
1078 2261 1191 2330 Christi,
1209 2262 1295 2333 cujus
1310 2277 1396 2330 sacra
1419 2261 1489 2318 illato
1516 2261 1653 2317 membra
1678 2255 1716 2316 ad
1732 2263 1804 2316 teau

107 2354 190 2422 aperte
205 2355 356 2408 constaret
368 2351 553 2426 Aquitanicis
565 2351 666 2424 ipsum
690 2368 756 2408 esse
771 2357 919 2427 protecto·
974 2365 1031 2424 pus
1048 2350 1088 2406 ab
1102 2351 1246 2421 gaudium
1266 2350 1502 2408 Christianorum
1526 2355 1612 2407 erant
1634 2347 1777 2406 translata
1794 2361 1801 2417 ;

106 2439 198 2496 remia
212 2441 295 2498 coelis
309 2441 360 2514 qui
376 2440 513 2498 eosolim
536 2457 640 2499 veram
663 2439 755 2498 fidem
776 2441 920 2500 docuerat
973 2439 1114 2514 idemque
1127 2441 1178 2514 qai
1193 2457 1246 2514 per
1265 2441 1375 2498 tribum
1397 2439 1553 2513 BenJamin
1577 2455 1614 2497 ex
1636 2435 1728 2496 Jacob
1750 2453 1802 2512 pa·

107 2528 128 2582 in
143 2530 340 2588 terrisverum
355 2531 394 2588 ad
408 2531 490 2588 ibam
504 2529 627 2598 beatam
646 2531 818 2604 congregati
842 2533 921 2605 pari·
974 2530 1102 2586 triarelra
1116 2529 1262 2600 originem
1278 2531 1375 2602 traxit,
1395 2546 1457 2586 non
1479 2527 1720 2586 inconvenienter
1745 2521 1803 2584 dici

107 2621 212 2676 tersunt
224 2619 454 2678 translationem
468 2620 602 2693 episcopi
621 2623 733 2693 septem
757 2619 844 2692 quasi
866 2636 921 2676 an·
973 2619 1090 2677 videtur
1103 2621 1213 2676 domus
1227 2619 1276 2677 Del
1292 2619 1393 2677 Jacob.
1410 2623 1522 2676 Domus
1537 2619 1660 2693 quippe,
1679 2609 1737 2674 hoo
1758 2619 1803 2676 est

108 2706 151 2775 geli
164 2713 273 2780 septem
292 2709 500 2778 Ecclesiaram,
516 2709 628 2782 utipso
652 2723 737 2766 sacro
751 2709 918 2782 septenario
973 2709 1181 2766 habitaculum
1206 2709 1256 2766 liei
1276 2707 1368 2766 Jacob
1392 2709 1569 2782 permansit,
1592 2707 1644 2782 qul
1657 2720 1726 2763 cum
1739 2707 1802 2762 aliis

108 2797 179 2854 nobis
190 2798 322 2858 doctoris
345 2799 496 2856 translatio
519 2798 664 2856 celebrior
682 2802 768 2856 esset.
800 2801 918 2873 Septem
975 2799 1118 2873 apostolis
1130 2800 1161 2856 in
1174 2815 1263 2857 carne
1279 2803 1397 2857 secutas
1423 2803 1486 2856 toto
1509 2797 1599 2856 corde
1617 2794 1718 2854 dilexit
1733 2806 1802 2852 eum

107 2900 163 2941 vero
175 2887 308 2944 Ecclesia
323 2903 453 2961 quaram
466 2891 602 2961 pastores
618 2886 657 2943 ad
671 2885 810 2944 eamdem
836 2890 917 2944 tren·
974 2890 1012 2946 de
1028 2905 1089 2964 quo
1103 2889 1231 2962 legimus
1246 2907 1252 2945 :
1270 2911 1283 2938 a
1301 2891 1362 2960 Ego
1378 2905 1445 2946 sum
1460 2891 1536 2946 licus
1551 2885 1713 2952 Abrabam,
1727 2887 1803 2943 beas

109 2971 245 3032 stationem
258 2975 351 3032 simtd
367 2979 437 3032 tune
452 2979 665 3050 convenerunt,
685 2975 731 3030 hee
747 2979 817 3032 sant
831 2975 918 3032 sedes
940 3010 960 3066 C
975 2982 1067 3047 isaac,
1083 2981 1160 3035 tiens
1174 2978 1276 3036 iacob.
1291 3001 1306 3028 »
1322 2981 1362 3034 lie
1377 2978 1486 3035 talibus
1497 2975 1629 3052 prolecto
1643 2974 1693 3033 lici
1705 2971 1802 3030 domi-

107 3061 276 3122 Bituricensis
304 3070 393 3139 atque
416 3065 652 3138 Burdegalensis,
679 3064 918 3122 sanctonicensis
975 3067 1033 3122 bus
1050 3067 1090 3123 ait
1104 3067 1168 3140 ipse
1183 3067 1328 3124 Dominus
1345 3083 1350 3123 :
1369 3089 1382 3116 a
1400 3067 1429 3126 Si
1440 3068 1508 3140 quis
1520 3067 1614 3138 diligit
1624 3083 1682 3132 me,
1692 3079 1804 3120 sermo-

107 3151 432 3224 eremetnrveniensis,
455 3171 510 3212 nec
524 3170 586 3213 non
601 3159 629 3212 et
643 3153 807 3212 aniciensis
828 3159 918 3229 atque
973 3172 1044 3214 nem
1060 3171 1162 3212 meum
1178 3155 1314 3224 servabit,
1343 3160 1371 3213 et
1393 3159 1478 3214 Pater
1501 3169 1587 3213 mens
1607 3153 1708 3225 diliget
1721 3166 1802 3218 eunt,

107 3241 313 3316 Petrocorensis,
328 3245 477 3318 simulque
490 3244 732 3315 Eugolismensis.
754 3243 788 3300 Hi
803 3249 918 3318 septem
975 3251 1002 3302 et
1017 3245 1056 3302 ad
1070 3261 1140 3302 eum
1154 3245 1309 3302 veniemus
1324 3249 1353 3302 ct
1365 3246 1555 3302 mansionem
1570 3241 1653 3318 apud
1671 3257 1741 3299 cum
1762 3241 1802 3300 ia·

109 3331 285 3392 Ecclesiaram
300 3335 453 3409 principes
466 3350 528 3392 una
542 3351 612 3393 cam
634 3333 762 3409 primate
787 3334 920 3391 Lemavi·
974 3335 1096 3392 olemus.
1112 3357 1126 3386 »ι
1140 3338 1206 3391 ttae
1222 3333 1332 3392 domus
1345 3335 1395 3392 bei
1410 3333 1497 3391 lsrael
1518 3335 1582 3390 vias
1605 3332 1655 3389 liei
1682 3333 1802 3403 gentem

108 3423 182 3490 censi,
196 3425 380 3498 poptdorum
392 3424 586 3498 optimatibus
609 3427 638 3482 et
652 3424 818 3498 Aquitania
833 3423 919 3481 duci·
973 3427 1116 3482 docuerat
1130 3424 1441 3498 Aquitaniamgentes
1454 3423 1604 3481 erroribus
1616 3418 1686 3479 olim
1695 3419 1802 3478 dedita

108 3507 153 3566 bus
164 3529 355 3590 summopore
369 3515 399 3572 in
414 3515 522 3574 eodem
541 3514 667 3572 concilio
679 3513 797 3572 Domini
820 3514 918 3586 legem
973 3519 1126 3589 carperent
1138 3513 1294 3571 ambulare
1309 3514 1340 3570 in
1360 3514 1473 3571 semitis
1485 3513 1616 3586 iustitias.
1641 3513 1722 3569 Tunc
1746 3507 1801 3566 illis

108 3599 288 3662 observariab
304 3603 448 3662 omnibus
460 3603 646 3674 sanciebant,
655 3602 918 3678 quemadmodum
973 3605 1010 3660 de
1027 3604 1096 3662 Sion
1109 3603 1197 3661 exivit
1210 3603 1258 3660 lex
1272 3608 1301 3660 et
1313 3603 1441 3661 verbum
1467 3602 1584 3660 bomini
1607 3601 1644 3659 de
1665 3599 1801 3658 Hierusa-

108 3703 150 3760 ιιι
161 3693 335 3768 prophetam
350 3694 493 3760 Dominus
508 3697 633 3752 testatur
656 3692 759 3750 dicens
774 3711 780 3750 ι
798 3715 812 3743 «
827 3693 919 3751 Labie
972 3692 1031 3750 lem
1047 3708 1117 3749 cam
1131 3691 1278 3758 Martialis,
1292 3691 1344 3765 qui
1358 3692 1389 3748 in
1406 3693 1476 3750 Sion
1491 3708 1561 3749 cum
1578 3690 1643 3749 aliis
1657 3689 1801 3766 pradica-

110 3780 247 3838 sacerdotis
272 3782 447 3840 emtodiant
470 3782 635 3851 scientiam,
665 3785 694 3840 et
708 3781 806 3852 legem
820 3782 919 3856 requi·
972 3781 1087 3839 toribus
1102 3795 1224 3837 omnem
1245 3781 1399 3838 scientiam
1422 3781 1639 3855 perspiritum
1663 3783 1801 3835 sanetum

109 3873 204 3928 runtex
216 3889 265 3930 ore
281 3874 359 3946 eius,
375 3873 447 3947 qaia
462 3872 587 3944 angelus
601 3871 719 3930 bomini
734 3871 917 3929 exercituum
971 3871 1003 3928 in
1017 3871 1188 3942 linguarum
1202 3870 1360 3941 ignearum
1372 3869 1486 3926 visione
1502 3869 1625 3926 edoctus
1640 3867 1746 3934 iuerat,
1759 3867 1800 3923 ie-

111 3961 152 4012 ιιι.
167 3965 259 4020 »Ante
274 3962 382 4021 omnia
399 3977 507 4036 pacem
533 3965 562 4018 et
586 3959 735 4033 justitiam
763 3959 919 4018 observari
972 3976 1041 4033 gem
1055 3975 1141 4017 novre
1157 3959 1258 4031 gratia
1277 3957 1410 4016 occiduis
1433 3957 1664 4029 evangelizabat,
1687 3961 1716 4014 et
1737 3972 1801 4012 ver·

111 4048 302 4125 mormantut
312 4051 387 4123 legis
398 4051 479 4110 docti
490 4051 567 4109 inter
580 4050 678 4107 virum
690 4053 719 4106 et
732 4048 831 4106 virum
845 4063 918 4123 qae-
970 4051 1046 4109 bum
1059 4049 1186 4117 bomini,
1201 4047 1284 4122 qaod
1299 4049 1330 4104 in
1346 4045 1527 4105 Hierusalem
1549 4045 1588 4104 ab
1613 4047 1680 4121 ipso
1704 4045 1800 4118 magi·

110 4137 254 4213 relasjuste
267 4143 400 4210 finirem,
416 4145 454 4212 et,
476 4140 723 4216 oppressionibus
747 4155 918 4214 pauperum
972 4146 1034 4199 stro
1063 4141 1214 4198 salvatore
1242 4141 1310 4196 iesu
1338 4137 1453 4196 Christo
1478 4135 1623 4194 didicerat
1642 4135 1800 4212 provinciis

108 4233 130 4286 ιι
141 4230 272 4292 violentiis
285 4233 459 4309 rapacitatis
470 4232 576 4307 procul
586 4231 724 4301 exclusis,
736 4234 837 4305 parret
847 4230 918 4287 ami·
972 4231 1132 4290 Galliarum
1148 4230 1263 4306 primus
1278 4228 1414 4286 omnium
1427 4227 1612 4285 ostendebat.
1638 4231 1670 4284 ln
1694 4244 1730 4284 eo
1749 4243 1802 4284 au·

108 4323 221 4394 ιιιριιιι
242 4325 273 4382 in
299 4339 395 4395 regno
408 4322 586 4396 Aquitanico
604 4319 747 4394 deinceps
759 4335 918 4394 permane·
934 4365 956 4422 D
972 4327 1032 4380 tem
1047 4323 1197 4378 conventu
1221 4319 1273 4393 qai
1287 4333 1434 4390 magnum
1453 4315 1612 4375 concilium
1634 4317 1800 4387 dicebatur,

108 4414 157 4480 ιιι;
171 4413 302 4487 quivero
315 4429 423 4488 pacem
437 4412 593 4482 violarent,
609 4416 755 4484 tanquam
769 4409 812 4468 rei
826 4410 918 4482 maje-
972 4411 1117 4487 episcopi,
1143 4410 1196 4483 qai
1219 4409 1257 4466 ad
1282 4408 1421 4467 eamdem
1454 4408 1572 4483 patroni
1601 4409 1802 4465 convenerant

110 4501 175 4558 statis
188 4519 204 4560 a
215 4503 369 4562 liminibus
384 4502 615 4577 exploderentar
627 4500 811 4572 ecclesiast
824 4517 842 4558 a
857 4516 920 4558 cor
972 4501 1208 4571 translationem,
1222 4513 1330 4556 omnes
1349 4497 1456 4556 dooere
1468 4513 1661 4572 summopere
1680 4495 1799 4552 festina·

110 4603 167 4660 pore
177 4597 204 4652 et
213 4578 488 4668 sangui'nebomini
500 4591 919 4651 extorresetaildeliumcon·
972 4593 1047 4650 hant
1060 4591 1142 4648 viam
1156 4589 1283 4658 bomini,
1299 4592 1333 4646 ut
1346 4603 1399 4662 per
1413 4587 1494 4646 viam
1513 4587 1596 4662 pacis
1621 4590 1650 4643 et
1669 4583 1801 4642 veritatis

111 4682 183 4740 sartio
197 4689 223 4741 ct
234 4684 385 4759 colloquio
399 4685 516 4750 remoti,
531 4682 658 4741 infamia
669 4685 814 4756 perpetua
835 4685 920 4740 nota·
971 4681 1109 4739 incedere
1123 4683 1304 4752 satagerent,
1319 4693 1374 4736 nec
1387 4677 1530 4735 atramite
1541 4675 1801 4750 justitieesequen-

111 4775 203 4845 mabar,
225 4775 322 4834 donec
349 4791 404 4850 per
423 4773 658 4833 satisfactionem
681 4771 864 4844 condignam
879 4772 919 4830 ab
972 4777 1016 4832 tes
1029 4771 1127 4828 cordis
1140 4770 1186 4827 sui
1200 4769 1389 4846 pravitatem,
1403 4767 1565 4830 deviarent.
1580 4765 1740 4841 potiusque
1750 4763 1801 4818 Pa·

111 4861 237 4938 episcopis
252 4866 360 4924 iterum
383 4865 473 4923 matri
492 4863 627 4923 Ecclesiae
648 4861 917 4920 reconciliarentur.
972 4865 1051 4918 trum
1063 4859 1202 4917 institutis
1216 4873 1310 4932 quam
1324 4855 1437 4914 diaboli
1452 4851 1691 4927 suggestionibus
1701 4847 1803 4908 obedi·

111 4949 178 5006 lueo
191 4955 315 5012 concilio
334 4955 500 5012 meandum
526 4953 625 5026 legem
653 4950 772 5008 bomini
798 4949 920 5009 benedi·
972 4955 1047 5019 rent,
1061 4953 1090 5007 et
1102 4949 1140 5006 de
1152 4947 1204 5006 illa
1220 4947 1339 5022 patroni
1363 4944 1554 5002 translatione
1577 4942 1618 4999 ita
1636 4939 1801 5013 gauderent

110 5039 220 5100 ebonem
231 5047 455 5120 proposuerant
473 5048 503 5102 et
524 5041 783 5108 maledictionem
798 5039 920 5098 benedi·
973 5044 1005 5098 ut
1018 5055 1138 5097 morum
1152 5041 1181 5095 et
1194 5041 1316 5095 actuum
1330 5033 1571 5093 emendationem
1591 5029 1647 5088 sibi
1668 5035 1800 5104 reporta·

110 5129 221 5192 ebonem
234 5134 456 5206 obedientibus,
480 5133 723 5192 meledictionem
746 5129 920 5190 inobedien·
972 5133 1047 5188 rent.
1064 5128 1271 5188 eoruscabant
1286 5141 1359 5184 sane
1375 5123 1470 5182 multa
1483 5119 1628 5179 miracula
1648 5121 1688 5178 ad
1706 5121 1800 5196 ipsius

110 5217 183 5278 dhas.
196 5225 296 5282 Crebri
310 5229 409 5282 autem
422 5223 544 5281 urbium
557 5221 787 5296 aquitaniarum
800 5219 921 5294 pontili-
974 5219 1101 5296 apostoli
1114 5217 1366 5294 pretiosissimum
1381 5228 1500 5286 corpus.
1518 5213 1557 5268 lie
1579 5209 1700 5285 quibus,
1726 5226 1800 5285 quo-

111 5321 158 5380 ces,
171 5311 219 5368 illa
231 5313 329 5372 soluta
342 5315 372 5370 in
385 5329 460 5388 pace
476 5312 605 5385 syuodo,
625 5326 641 5368 ι
656 5310 781 5382 vestigio
795 5309 921 5367 advene·
973 5311 1056 5369 niam
1071 5310 1142 5367 setis
1156 5312 1264 5366 notum
1278 5309 1322 5363 est
1344 5302 1430 5361 vobis
1453 5301 1506 5377 qai
1529 5302 1799 5376 impraesentiarum

110 5405 174 5472 rant,
193 5405 400 5463 confirmantes
410 5419 479 5478 quae
492 5403 530 5460 ab
545 5403 587 5460 eis
599 5401 778 5460 confirmata
791 5401 919 5470 luerent,
973 5400 1030 5476 ipsi
1043 5398 1170 5468 vidistis,
1183 5413 1237 5471 per
1251 5393 1369 5466 singula
1381 5407 1443 5451 non
1459 5407 1579 5450 necesse
1600 5396 1646 5450 est
1666 5407 1799 5460 narrare,

111 5491 133 5542 et
144 5491 369 5552 condemnantes
382 5511 449 5568 qua
462 5491 502 5550 illi
515 5493 800 5562 condemnaverant,
810 5495 843 5548 ut
855 5489 920 5546 uni·
973 5505 1011 5547 ne
1024 5487 1086 5546 dies
1099 5491 1262 5560 antequam
1282 5498 1381 5541 sermo
1405 5481 1572 5541 claudatur.
1597 5481 1679 5540 libet
1699 5485 1800 5539 tamen

113 5581 146 5634 tas
167 5581 195 5638 in
221 5601 296 5658 pace
321 5585 456 5643 Ecclesia
478 5586 678 5659 permaneret.
697 5583 789 5654 Cujus
804 5581 920 5638 consilii
973 5581 1031 5638 hoc
1046 5577 1143 5634 solum
1159 5574 1330 5633 meminisse
1344 5573 1437 5648 quod,
1453 5573 1574 5631 invento
1589 5587 1713 5646 corpore
1733 5586 1801 5628 san-

113 5666 214 5733 daneta
223 5676 341 5736 andsiti
349 5681 491 5736 Romana
500 5679 608 5735 sanatae
619 5675 648 5732 et
659 5672 830 5750 apostolica
841 5671 920 5728 sedis
974 5673 1032 5739 oto,
1046 5668 1218 5742 quicunque
1230 5663 1409 5723 demoniaci
1423 5666 1451 5721 et
1465 5661 1530 5721 aliis
1548 5661 1639 5721 variis
1650 5659 1801 5732 languori·
