3984 6182
93 159 152 214 on
340 155 345 162 ·
422 150 425 156 ’
767 158 853 214 vrrs
872 158 901 212 a.
924 155 1140 213 mensum.
1755 169 1807 224 en

129 281 198 337 cir.
219 283 263 337 lit.
286 281 426 350 Qualiter
450 285 636 352 semetipsum
656 285 800 353 palestra
829 283 921 338 virtu·
940 287 963 338 Α
1013 282 1080 337 Cir.
1097 283 1126 336 x.
1141 279 1227 348 Quod
1237 285 1353 352 praesul
1367 285 1465 341 almus
1478 284 1607 342 celebrat
1629 286 1763 358 lamnas,
1780 295 1808 348 et

94 353 291 410 tameaercuit
306 359 332 410 el
346 354 471 410 subditis
480 361 507 410 el
518 357 632 418 ceteris
644 356 753 412 tiaram
769 355 926 423 eacrnplar
979 367 1113 408 sermone
1127 355 1281 424 confortat
1296 357 1469 426 discipulas.

93 425 320 482 derroastracit.
416 467 422 484 ,
1016 425 1084 478 Car.
1100 427 1141 480 lii.
1155 425 1527 492 Quodtrannussanetam
1547 429 1603 484 Dei
1628 433 1807 492 mordaciter

130 498 197 552 Car.
208 497 250 550 IV.
267 496 342 564 Quia
354 512 412 551 non
428 502 584 552 contentus
598 499 781 553 curaecium
793 497 924 554 commis·
980 495 1140 566 occipiens,
1154 498 1283 554 tradidit
1297 499 1568 570 subprimendum,
1584 504 1612 556 et
1622 501 1659 558 de
1672 503 1748 576 suaa
1763 519 1808 562 co-

93 582 197 623 sarum
209 567 287 623 alias
303 567 392 622 ducit
406 569 436 622 in
451 569 528 623 ooile
541 569 737 638 Dominicum,
759 576 786 624 el
801 570 926 637 insuper
980 567 1094 620 mitum.

91 654 150 709 pro
165 639 285 694 nomine
299 638 414 694 Christi
425 639 605 695 desiderarit
613 642 816 710 pereminari.
1016 639 1082 692 Cir.
1099 640 1153 693 XII.
1172 640 1256 708 Quod
1270 643 1318 698 air
1331 643 1387 699 Dei
1399 642 1589 700 membratim
1604 649 1700 700 sectus
1715 649 1766 712 est,
1781 653 1809 702 et

131 712 199 766 Cir.
215 711 246 766 V.
264 711 669 779 Quodpostnobilemanimi
680 712 923 780 disceptationem
979 709 1426 784 quoddnoecarnificibuspcr
1451 716 1600 784 paenitens
1624 729 1677 771 aar
1698 716 1810 773 salvati

95 782 168 838 exul
182 781 300 838 veniens
314 782 345 837 in
356 783 534 852 Bajoariam
549 783 675 838 intravit
701 783 923 852 Radasponam.
980 786 1060 844 sunt,
1075 786 1100 836 et
1122 782 1227 838 Vitatis
1239 785 1404 856 presbyter.

132 855 198 908 Car.
214 854 256 908 Vt.
274 853 357 920 Qccod
372 855 533 923 aprincipc
543 855 733 909 t’ccnnoniam
754 854 877 923 pctcsrcl'
893 855 926 908 li·
1016 853 1082 907 eu.
1100 850 1165 908 Xlll.
1180 855 1224 910 De
1234 857 1379 912 miraculo
1390 859 1420 912 in
1432 857 1569 914 membris
1580 858 1640 914 oiri
1648 859 1704 914 Dei
1712 859 1807 928 sacto,

96 925 223 979 centiam
238 925 413 993 postularit,
432 930 459 980 el
475 925 553 980 banc
568 941 628 980 nrm
643 927 778 982 obtinens
803 927 926 994 disposi-
981 927 1007 977 el
1021 924 1222 980 critusancta
1233 927 1316 982 illius
1327 943 1443 994 anima,
1458 933 1485 985 el
1497 927 1577 1000 quod
1586 929 1670 998 apud
1677 929 1807 987 Ascllein

97 997 173 1050 ttoni
184 996 293 1051 divina
308 998 440 1051 animum
456 998 622 1065 supposuit.
979 995 1116 1061 sapritius
1128 1001 1180 1062 est,
1195 1003 1221 1051 el
1236 997 1272 1052 de
1284 1003 1395 1055 natura
1408 1000 1487 1055 orbis
1501 1005 1627 1056 mutata.

133 1069 199 1122 Cir.
216 1067 271 1122 Vll.
290 1067 426 1134 Qualiter
439 1067 696 1123 Noricamadhuc
717 1068 821 1134 inficta
845 1069 926 1122 nori·
1016 1067 1082 1121 tlsr.
1099 1068 1154 1120 XIV
1183 1068 1267 1134 Quod
1276 1085 1331 1138 per
1345 1072 1538 1126 revelationes
1553 1073 1659 1128 ordine
1680 1072 1806 1142 mirilico

96 1138 171 1192 tiam
182 1139 312 1194 eccoluit
326 1143 430 1208 etpost
441 1141 585 1194 triemscm
600 1140 631 1193 in
645 1155 679 1194 eu
703 1141 845 1208 laborem,
871 1141 924 1194 lto·
980 1136 1021 1192 ad
1035 1137 1280 1208 Hiatoscopolim‚
1295 1140 1327 1195 id
1341 1147 1383 1197 est
1397 1143 1601 1211 Ratisbonam,
1616 1149 1657 1199 est
1678 1145 1808 1201 transla-

96 1225 175 1264 marn
188 1209 231 1265 irc
244 1210 398 1279 disposuit.
981 1213 1039 1274 las,
1061 1208 1159 1280 ibique
1182 1209 1345 1279 honorilice
1365 1217 1406 1268 est
1431 1213 1581 1279 humatos,
1606 1219 1634 1270 et
1658 1215 1729 1284 auia
1741 1230 1807 1284 patr

134 1283 199 1336 Car.
216 1283 283 1335 thl.
301 1280 386 1347 Quod
401 1281 562 1335 Dorru'nicm
593 1281 760 1336 dilectionis
789 1281 924 1349 ercmplo
980 1278 1211 1335 crlbcrisrcctiit.

97 1351 258 1407 alteritatis
273 1367 366 1408 onera
380 1354 518 1421 suscepit,
533 1357 559 1407 cl
567 1367 624 1420 per
637 1353 784 1422 Spiritum
797 1353 925 1421 prophe·
1017 1353 1083 1406 Csr.
1097 1352 1148 1405 XV.
1166 1351 1316 1418 Ouarnorlo
1332 1353 1365 1410 bi
1379 1359 1437 1410 tres
1450 1354 1631 1410 interierunt
1642 1357 1807 1426 carnifices,

98 1425 147 1478 tire
174 1425 377 1480 ecclesiasticis
407 1430 534 1479 remisero
559 1424 841 1494 praediciturque
869 1425 925 1478 iter
980 1426 1123 1478 eteorum
1138 1423 1290 1478 dominum
1306 1427 1406 1494 qualis
1430 1440 1521 1494 prena
1546 1427 1666 1496 ceperit,
1682 1441 1733 1483 seu
1748 1441 1809 1498 qua
1882 1491 1886 1499 Ι

97 1509 184 1548 srcccm
200 1497 322 1550 Hatram
338 1496 460 1550 diremit.
980 1493 1099 1548 irrisoria
1112 1496 1272 1562 posteritas
1283 1498 1348 1564 ejas
1363 1497 1473 1566 affecta
1486 1499 1536 1553 sit,

134 1569 201 1620 Car.
215 1569 255 1622 rx.
274 1566 359 1633 Quod
371 1566 455 1621 ducis
466 1565 532 1633 filia
545 1571 587 1621 est
612 1567 730 1622 sceleris
754 1565 923 1635 psablicala
1016 1564 1082 1617 Car.
1094 1566 1159 1620 XVI.
1176 1566 1219 1622 De
1238 1567 1393 1624 miraculis
1407 1569 1540 1624 locorum
1552 1569 1689 1626 sectionis
1713 1575 1740 1626 et
1763 1584 1809 1626 vo·

98 1641 125 1691 et
140 1639 212 1708 quia
227 1636 511 1693 Lambcrtuseirum
526 1638 581 1693 Dei
595 1643 638 1692 cst
657 1643 840 1707 persecutus,
867 1651 924 1705 pro
981 1635 1116 1690 calionis.

98 1708 299 1764 inobedientia
312 1709 457 1765 mallatus
468 1713 510 1764 est
527 1710 616 1779 praei
624 1711 781 1765 sententia.

741 2052 947 2141 INCIPIT
999 2051 1167 2140 LIBER

313 2307 390 2408 DE
429 2306 568 2408 vlia
610 2308 682 2408 ΕΤ
721 2306 1085 2410 VIRTUTIBUS
1123 2309 1175 2409 Β.
1216 2305 1599 2411 emanarant

846 2543 1061 2560 ψ

380 2685 492 2740 aaron
510 2683 652 2739 rnrunu.
948 2686 970 2740 a
1306 2683 1420 2742 aanor
1447 2685 1492 2740 m.
1560 2671 1563 2674 ’

136 2775 352 2831 Emmcrammi
360 2775 473 2844 patria.
489 2805 523 2814 -
538 2776 588 2828 Est
602 2774 632 2828 in
661 2773 826 2845 aquitania
842 2774 932 2846 parti·
1021 2773 1098 2842 Ejus
1113 2774 1247 2830 uirtutes.
1264 2773 1461 2848 -iiisposita
1476 2789 1547 2832 vero
1562 2774 1593 2831 in
1620 2771 1741 2831 sublimi
1768 2773 1814 2830 In-

101 2865 160 2920 hns
173 2861 246 2920 urbs
266 2863 399 2918 rherum
422 2861 581 2918 illustrium
609 2862 699 2918 titulis
727 2861 930 2934 celeberrima,
987 2877 1085 2930 cerna,
1102 2861 1213 2935 quihus
1225 2863 1316 2919 radiis
1329 2863 1479 2933 effulserit,
1496 2880 1558 2939 qna
1585 2863 1743 2922 serenitate
1764 2877 1816 2938 pa

100 2953 224 3008 nomine
240 2951 375 3020 Pictavis,
389 2951 419 3006 in
444 2965 506 3023 qua
534 2953 565 3006 B.
595 2953 835 3007 Eminerammus
865 2952 932 3007 sinu
987 2951 1074 3007 triam
1089 2951 1290 3023 illustraverit,
1321 2953 1405 3009 omni
1427 2952 1555 3010 orati0ni
1576 2953 1736 3011 materiam
1760 2951 1816 3010 da·

101 3041 338 3099 Christianorum
349 3045 509 3112 parentum
520 3045 564 3095 est
579 3039 718 3106 nutritus,
728 3045 756 3096 et
766 3040 804 3096 ad
818 3040 933 3096 discen·
986 3039 1039 3096 bit.
1058 3040 1149 3110 Igitur
1160 3044 1188 3096 et
1202 3041 1269 3114 quis
1284 3057 1356 3112 erga
1370 3059 1401 3097 se
1413 3043 1523 3116 ipsum,
1540 3043 1649 3100 deiude
1661 3043 1761 3117 qualis
1776 3043 1816 3101 ad

100 3131 158 3186 das
173 3145 266 3186 sacrae
287 3128 478 3185 institutionis
503 3127 614 3185 litteras
644 3128 753 3184 scholis
781 3129 930 3185 traditus:
989 3129 1135 3200 subditos,
1149 3133 1177 3185 et
1192 3129 1230 3185 ad
1241 3135 1363 3186 caeteros
1376 3131 1463 3187 luerit
1472 3132 1699 3205 proloquamur.
1717 3132 1816 3205 Dupli-

100 3220 156 3276 uhi
169 3235 263 3292 quam
278 3218 383 3275 docilis
399 3218 494 3286 luerIt,
517 3218 587 3273 finis
613 3217 791 3291 disciplinas,
818 3218 933 3275 ristutis
988 3235 1054 3274 cem
1069 3219 1237 3275 custodiam
1251 3220 1379 3292 corpori,
1391 3219 1543 3294 duplicem
1556 3221 1649 3277 menti
1659 3219 1818 3293 disposuit.

102 3309 186 3366 socia
195 3307 326 3380 dignitas
338 3307 476 3364 ostendit.
493 3311 568 3363 Nam
579 3307 610 3364 in
638 3309 705 3381 ipsa
734 3307 932 3380 simplicItate,
989 3311 1064 3364 Nam
1090 3325 1127 3364 ue
1155 3308 1203 3364 Iex
1229 3310 1362 3382 corporIs
1377 3313 1532 3366 enervaret
1546 3308 1644 3380 legem
1656 3308 1777 3381 mentis,
1792 3311 1822 3366 et

102 3401 147 3456 sio
156 3398 280 3474 puerilis
294 3397 411 3454 collatio
424 3403 555 3454 mentem
571 3399 610 3454 acl
626 3399 685 3455 alta
712 3399 932 3470 scripturarum
988 3397 1078 3470 plena
1092 3397 1232 3471 voluptas
1246 3398 1415 3454 exhauriret
1428 3398 1594 3455 uberim
1619 3397 1728 3470 cordis,
1752 3411 1821 3455 con-

102 3487 507 3561 suspendit,ulcunet0rum
522 3488 688 3556 aestimabo,
705 3487 779 3560 quid
800 3491 876 3544 esset
891 3486 935 3543 iu·
988 3487 1072 3543 tinuo
1085 3487 1270 3559 jejuurorum
1284 3491 1313 3544 et
1327 3487 1498 3560 vigiliarum
1521 3487 1684 3562 presulatu
1713 3487 1820 3563 prieri-

102 3584 199 3648 turus,
215 3577 398 3651 praesagiret,
415 3582 591 3633 cunctorum
607 3577 685 3634 ocirli
699 3583 846 3646 notarent,
868 3593 935 3633 om·
989 3575 1040 3631 dit.
1056 3577 1145 3633 Porro
1158 3577 1293 3634 lectionis
1308 3580 1336 3634 et
1348 3577 1492 3635 orationis
1516 3578 1629 3636 vicarias
1656 3578 1820 3636 successio-

101 3667 190 3723 nium
204 3665 329 3723 affectus
343 3667 486 3737 diligeret.
503 3666 554 3722 Hic
570 3671 671 3724 tamen
684 3667 803 3724 oblatus
816 3685 851 3722 ex
879 3683 934 3740 pa·
990 3681 1037 3736 ne,
1051 3669 1079 3722 el
1094 3667 1273 3739 expatiantis
1288 3667 1380 3724 animi
1395 3668 1549 3725 discursus
1564 3667 1702 3741 inhibui,
1714 3672 1743 3726 et
1753 3683 1822 3740 sug·

102 3757 172 3823 tria,
189 3755 271 3812 lavor
284 3755 326 3812 sic
340 3756 378 3814 ab
395 3771 431 3812 eo
445 3755 607 3828 prudenter
620 3757 774 3830 accipitur,
790 3763 820 3814 et
832 3772 935 3829 accep-
990 3755 1130 3824 gestionis
1147 3756 1282 3812 adversae
1297 3757 1434 3813 militiam
1450 3757 1573 3814 exclusit
1586 3777 1592 3826 ;
1607 3762 1636 3814 et
1644 3757 1721 3814 inter
1728 3771 1820 3828 agen·

102 3850 154 3902 tus
165 3849 302 3917 augetur,
318 3849 349 3902 ut
363 3861 418 3902 nec
441 3844 595 3902 humilitas
622 3845 770 3902 midueret
796 3845 933 3917 gloriam,
990 3842 1064 3898 dum
1078 3843 1163 3916 quid,
1178 3845 1330 3912 solemnis,
1344 3845 1370 3900 ei
1384 3859 1504 3916 semper
1516 3845 1554 3900 ad
1577 3849 1738 3916 utramque
1766 3843 1822 3899 fuit

102 3951 160 3992 nec
175 3935 307 4006 gravitas
322 3935 462 3992 echtaret
476 3935 631 3992 invidiam.
991 3949 1067 4006 opus
1082 3931 1259 4004 psalmodiae
1274 3933 1383 3989 dilecta
1397 3932 1532 3988 materia.
1558 3933 1635 3989 Sane
1662 3929 1822 4000 singularis

415 4026 527 4082 CAPUT
546 4027 579 4081 II.
990 4035 1161 4094 pauperum
1176 4022 1344 4088 thesaurus
1359 4018 1543 4092 pupillorum
1558 4022 1653 4091 pater,
1674 4016 1821 4076 refocilla·

141 4114 366 4185 Fitepiscopus.
384 4145 418 4155 -
435 4113 580 4170 Successit
593 4113 682 4184 igilur
693 4111 723 4168 in
740 4117 801 4169 tam
825 4111 938 4186 perspi·
990 4111 1031 4167 tio
1047 4125 1164 4178 senum,
1178 4110 1340 4166 viduarum
1355 4109 1472 4180 antcus,
1489 4108 1718 4181 desperatorum
1742 4123 1820 4182 spes,

105 4203 171 4260 caci
185 4203 939 4277 pueroIelixadolescentia,eiiucrementatempo
990 4200 1140 4257 medinina
1180 4199 1397 4269 languentium,
1427 4199 1607 4255 miserorum
1635 4198 1821 4270 coniugium,

104 4309 174 4350 rum
201 4293 310 4350 florent
336 4292 520 4350 incremento
542 4292 709 4362 virtutum,
746 4297 774 4348 et
796 4293 939 4366 praevenis
992 4289 1033 4346 sic
1048 4288 1215 4362 hospitalis,
1232 4293 1264 4344 ut
1278 4303 1376 4361 neqrre
1391 4303 1517 4344 manum
1532 4304 1550 4344 a
1563 4303 1688 4346 munere
1711 4288 1822 4346 domas

104 4383 207 4440 virum
218 4381 375 4440 maturitas
388 4397 520 4450 morum,
533 4399 607 4439 nam
632 4381 814 4438 collactanea
836 4382 940 4439 teneri-
991 4380 1137 4436 exhausta
1150 4378 1322 4451 retraheret,
1338 4393 1436 4452 neque
1448 4377 1616 4452 trequentia
1628 4378 1758 4436 ironiam
1771 4395 1822 4435 ru-

108 4471 222 4528 tudinis
237 4473 303 4544 ejus
316 4472 477 4547 prudentia
491 4471 576 4529 facile
592 4472 739 4528 suadebat
748 4471 863 4544 juveni,
891 4487 938 4528 ra·
992 4472 1075 4540 garet
1087 4486 1094 4536 ;
1106 4467 1180 4524 dum
1195 4467 1383 4524 venientibus
1394 4471 1422 4524 et
1433 4467 1542 4524 anime
1557 4467 1680 4524 delicias
1694 4465 1821 4535 affatim,

110 4561 199 4618 danis
211 4562 355 4635 pondere,
378 4561 583 4619 transitorium
605 4577 695 4618 omne
720 4577 813 4635 quam
837 4561 941 4618 luisset
992 4562 1020 4615 et
1035 4561 1149 4615 natura
1164 4557 1265 4614 dehita
1279 4557 1434 4631 preberet.
1453 4557 1500 4613 Ad
1511 4555 1653 4615 excubias
1668 4552 1823 4610 commissi

107 4651 185 4708 leve.
202 4653 286 4710 Unde
301 4651 413 4709 lactum
429 4657 472 4708 esi
486 4657 518 4708 ut
532 4669 586 4708 nee
599 4652 638 4708 ad
668 4667 753 4725 spem
778 4655 807 4708 et
829 4651 940 4722 gaudia
993 4646 1091 4718 gregis
1124 4647 1258 4719 pervigili
1287 4645 1484 4703 sollicitudine
1512 4646 1677 4718 porrectus,
1707 4641 1823 4697 adItum

107 4741 216 4799 mnndi
229 4740 386 4798 inclinaret
412 4742 545 4811 oculum,
570 4741 720 4798 tristitiam
747 4757 868 4815 quoque
893 4740 941 4798 vel
992 4741 1071 4794 tehoe
1085 4739 1256 4811 rapacitatis
1280 4739 1322 4795 ita
1345 4735 1547 4810 pastoralibus
1572 4731 1663 4790 armis
1692 4729 1822 4798 obsedit,

108 4831 349 4888 metumnullius
364 4831 596 4905 haberetpensI.
612 4833 707 4895 Quare
722 4831 814 4887 luitet
828 4831 858 4886 In
879 4845 942 4887 cor-
993 4832 1093 4902 utper
1119 4829 1200 4884 vicos
1229 4825 1424 4898 singulasque
1453 4823 1560 4880 domos
1586 4819 1721 4877 fidelium
1737 4819 1822 4876 coele-

107 4919 240 4977 rectione
252 4919 419 4976 amicorum
427 4919 503 4976 liber
517 4922 646 4988 animus,
660 4919 939 4988 didaisexhortatia,
994 4918 1045 4972 stis
1060 4917 1214 4974 discursus
1229 4913 1334 4972 sideris
1350 4913 1488 4970 tenebras
1501 4909 1704 4968 reverberaret
1724 4909 1753 4964 et
1777 4923 1823 4965 er-

109 5011 268 5067 moderata
280 5009 400 5067 locutio.
417 5012 491 5065 Tum
517 5013 660 5082 praterea
688 5009 817 5082 pretium
841 5008 940 5065 cordis
993 5005 1079 5062 roris.

109 5099 306 5156 commendat
323 5099 515 5173 pulchritudo
531 5098 676 5172 corporis,
705 5105 733 5156 et
761 5099 942 5156 suavissIma
1122 5109 1125 5114 ’
1322 5088 1436 5146 CAPUT
1455 5087 1499 5142 W·

109 5189 194 5246 dona
208 5187 494 5263 sapientiaprahuit
522 5201 558 5243 ex
582 5187 792 5244 honestissimo
818 5188 940 5245 ferculo.
1032 5179 1183 5238 Convertit
1197 5179 1238 5235 ad
1250 5178 1338 5247 fidam
1349 5177 1507 5248 plurimas.
1532 5173 1635 5232 Nullus
1655 5179 1719 5232 erat
1740 5174 1824 5232 locus

110 5277 163 5333 Eis
200 5277 384 5336 ornamentis
410 5276 601 5349 conspicuus,
640 5289 694 5347 per
727 5275 942 5332 ecclesiasticos
996 5267 1143 5336 tamviiis,
1157 5267 1240 5323 nulla
1250 5281 1380 5340 persona
1392 5271 1452 5322 tam
1462 5264 1594 5339 humilis,
1611 5281 1672 5340 quo
1683 5281 1753 5322 eum
1762 5278 1825 5323 non

111 5366 226 5438 gradis
241 5368 407 5425 ascendens
422 5365 467 5422 vir
478 5365 538 5432 Dei,
553 5367 624 5438 post
633 5363 823 5421 dilectionem
833 5364 942 5422 meruit
996 5356 1158 5414 declinaret
1167 5356 1247 5413 salus
1256 5356 1437 5427 animarum,
1446 5353 1643 5414 redimentem
1658 5359 1825 5428 tempusue

109 5457 321 5524 reverentiam,
335 5457 432 5512 donec
445 5455 623 5526 disponente
639 5453 777 5520 Domino,
801 5453 942 5510 confessu
998 5447 1189 5505 adlrorreum
1204 5445 1320 5501 domini
1334 5443 1575 5501 vacuusrediret.
1607 5442 1826 5502 Sufficerethoc

110 5550 302 5617 cunctorum,
319 5546 550 5602 morumoustos
563 5547 591 5597 et
605 5543 777 5616 exemplum
801 5541 868 5597 vites
896 5555 944 5597 or·
997 5537 1181 5612 quibusdam
1196 5550 1259 5592 nan
1273 5534 1432 5602 immerito,
1447 5533 1473 5589 si
1486 5533 1746 5606 chcnmsoriptnm
1769 5531 1827 5590 sibi

111 5633 237 5691 dinatus
251 5650 420 5708 episcopus.
997 5627 1159 5684 terminum
1174 5623 1291 5682 ouibus
1306 5623 1482 5682 sacerdotali
1500 5627 1562 5681 tam
1579 5621 1735 5692 diligenter
1760 5637 1825 5679 am-
