3990 6184
176 65 243 140 rils
708 69 894 132 sarraceni
914 71 1059 129 reeens
1078 63 1350 160 tecaaasaasrs.
1827 79 1893 130 resa

173 205 258 264 dium
277 203 396 278 animae,
412 218 465 258 seu
480 203 645 256 vestrorum
659 201 829 273 pareutum,
850 198 1000 270 quatenus
1017 197 1124 252 Amus
1153 197 1220 254 ritae
1246 195 1378 254 alimenti
1411 167 1621 254 ministerium.
1652 196 1709 253 Sed
1735 195 1820 254 dicat
1845 195 1893 254 ali

173 299 277 351 nostro
291 305 486 365 nequaquam
498 288 682 345 monasterio
701 285 880 360 praecipiatis
906 284 1001 340 ullum
1057 284 1125 356 quis
1141 301 1159 342 a
1173 291 1276 344 nostra
1290 283 1446 358 poscendo
1459 283 1584 358 familia,
1613 284 1644 340 in
1667 284 1719 342 illo
1744 299 1804 342 nos
1830 285 1893 343 loeo

172 383 236 440 fleri
250 381 473 446 detrimentum.
1056 374 1180 447 petitam
1204 375 1292 433 vobis
1315 365 1486 432 servitutem
1500 390 1590 447 posse
1603 374 1747 431 obtinere.
1779 375 1892 432 idcireo

565 506 597 559 w
1057 461 1245 521 conducibile
1258 468 1303 522 est
1325 463 1366 520 ad
1388 463 1421 520 id
1438 464 1595 521 veiimtem
1607 462 1797 537 respondere
1811 465 1892 536 qued

369 615 373 626 ,
570 614 575 624 Ι
600 547 624 624 ’,
807 611 812 622 ,
1056 549 1087 606 in
1099 551 1238 624 proximo
1253 552 1388 610 Pascbali
1403 557 1538 626 tempore
1552 569 1607 626 per
1619 557 1757 610 nostram
1768 569 1895 623 magno

172 617 220 672 Ad
233 617 283 686 Ν,,
299 621 332 671 ut
344 614 471 682 ardetur,
488 614 848 684 crctrepaccpamnayas
863 623 1000 709 caesam
1055 655 1126 712 pere
1140 640 1308 713 flagitando
1318 641 1500 712 legationem
1526 658 1544 699 a
1566 642 1676 699 nostris
1697 642 1894 716 nequivimus

247 709 359 776 praeler
372 717 453 772 W
467 703 600 758 ‘mimum
614 713 793 769 remmam
806 701 927 768 fflmff·
1055 727 1198 786 ministris
1211 729 1564 805 ullumsupplementum
1586 730 1680 788 nostri
1694 731 1830 788 coenobii
1855 731 1892 786 ad

206 839 233 894 aa
253 825 410 884 Excellenti
424 825 600 899 pontificum
610 823 785 895 dignitatem
796 821 1000 878 venerandam
1055 820 1313 878 restaurationem.
1331 822 1372 876 De
1385 824 1491 878 caetero
1505 825 1642 877 nostrum
1665 819 1810 876 misimus
1824 821 1893 878 illuc

171 915 375 974 sanctimoniae
403 930 456 987 per
482 913 695 969 sublimitatem
726 921 753 976 aa
777 915 947 984 postremus
969 909 1000 964 in
1054 909 1205 979 nuntium,
1231 913 1380 983 quatenus
1405 915 1508 966 nostro
1541 909 1695 983 praecipiat
1728 910 1892 982 praeposito

169 1005 274 1062 ordine
286 1004 432 1060 abbatum
448 1001 574 1058 coelestis
589 1001 666 1056 aulae
680 1005 828 1058 senatum.
1055 1013 1162 1070 parare
1177 999 1351 1073 hospitium,
1367 1015 1497 1056 necnon
1512 1015 1602 1056 omne
1616 997 1700 1073 quod
1725 1001 1825 1072 possit
1840 999 1893 1056 im·

205 1091 376 1165 Praecptis,
388 1090 629 1163 patriarcharum
649 1087 903 1168 reverentissima,
922 1103 999 1158 sem7
1054 1087 1167 1161 pendat
1178 1089 1265 1146 vobis
1280 1089 1444 1147 servitium.
1460 1089 1571 1146 Valete.

169 1197 223 1256 per
237 1195 341 1253 parere
356 1194 425 1235 cum
442 1178 624 1234 studuissem
640 1182 743 1234 vestrae
758 1179 788 1234 io
804 1176 946 1232 omnibus
960 1174 1001 1231 al-
1449 1181 1492 1234 vr,

169 1269 289 1337 mitatis,
303 1267 395 1324 veluti
409 1267 483 1323 dum
499 1267 576 1323 divae
590 1267 714 1341 quidem
728 1265 881 1324 memorie
895 1270 1000 1322 vestre
1053 1267 1105 1322 Ad
1119 1269 1264 1340 eamden,
1287 1269 1368 1340 sorte
1390 1269 1550 1326 Nitlserum
1579 1269 1749 1338 episcopam
1777 1269 1892 1325 fissia

170 1358 272 1416 matris
285 1356 406 1415 obedivi
415 1356 569 1429 imperatis
584 1355 666 1429 apud
680 1361 793 1412 curtem
807 1355 895 1426 regis,
906 1369 1001 1428 quan·
1088 1357 1270 1426 gessemani
1282 1357 1634 1427 quendamcommendot
1646 1357 1700 1428 qai
1714 1357 1891 1428 beneficiam

169 1449 208 1505 do
223 1466 241 1504 a
255 1452 354 1504 vestra
364 1446 541 1520 paternitate
556 1445 688 1516 flagitavi
704 1445 878 1502 missionem
897 1459 933 1500 ac
947 1443 999 1499 be·
1089 1446 1227 1502 omittere
1241 1446 1354 1503 debeat.

168 1537 387 1604 nedictionem;
414 1537 507 1593 miror
533 1552 585 1591 cur
606 1551 659 1608 per
683 1539 797 1592 tantam
822 1532 1035 1602 avobisdi-13
1089 1545 1117 1599 aa
1135 1537 1251 1592 Domno
1266 1538 1299 1592 N.
1315 1533 1505 1593 desiderabili
1515 1535 1692 1593 meritorum
1703 1537 1889 1604 sanemario,

168 1627 279 1684 missus
301 1627 357 1682 sim
383 1625 631 1694 indignationem.
654 1625 787 1698 ldipsum
811 1623 900 1694 igitur
925 1621 999 1678 mihi
1052 1622 1496 1696 dignoapostolorumvicerio,
1512 1626 1556 1692 lt,
1582 1629 1651 1697 post
1678 1625 1772 1696 hujus
1793 1624 1890 1680 exsilii

167 1714 402 1790 improperando
417 1714 591 1784 objecerunt
607 1713 664 1770 rnei
678 1712 849 1780 familiares,
872 1725 933 1768 non
950 1727 998 1768 so·
1052 1711 1216 1767 incolatum
1231 1709 1358 1768 coelestis
1371 1711 1476 1784 patriae
1491 1716 1638 1769 senatum.

167 1803 484 1873 lurnvirisreculares,
505 1803 660 1858 sedetiam
678 1801 872 1871 cenobiales,
902 1801 999 1872 utqui
1088 1800 1280 1856 presentium
1295 1799 1401 1857 allator
1413 1799 1579 1858 litterarum
1594 1801 1742 1858 vestraein
1757 1817 1886 1873 conspe-

167 1893 312 1949 baolenus
328 1896 432 1946 vcstrae
449 1895 587 1963 expertus
608 1908 674 1946 snm
690 1891 806 1963 pietatis
831 1888 997 1946 adminicu·
1052 1894 1102 1946 ctu
1116 1889 1331 1946 dominationis
1343 1889 1458 1963 aliquid
1472 1889 1571 1947 valere
1595 1905 1721 1963 sperans
1745 1907 1823 1946 meae
1835 1907 1884 1946 co-

166 1979 230 2036 lum
258 1995 294 2035 ac
320 1983 499 2052 respectum,
525 1979 652 2050 qualiter
676 1979 708 2034 in
730 1982 846 2034 tantum
866 1982 999 2034 restrum
1051 1995 1163 2036 namen
1174 1979 1392 2053 postulationis,
1409 1979 1518 2036 obnixe
1532 1981 1616 2038 haud
1628 1980 1757 2038 cessavit
1776 1981 1883 2054 depre-

70 2130 78 2140 ,
166 2067 402 2142 promeruissem
427 2068 613 2140 despectam.
644 2071 707 2124 Non
722 2067 827 2136 ignoro
842 2065 998 2140 quippein
1052 2069 1113 2125 cari
1127 2084 1196 2124 mea
1210 2075 1316 2125 νοείτω
1329 2068 1499 2142 paternitati
1513 2069 1661 2140 legatione
1683 2085 1884 2126 seeommen-

144 2201 149 2208 .
167 2157 337 2215 sanctuario
351 2158 439 2214 vestri
465 2157 592 2230 pectoris
611 2156 795 2213 reconditam
819 2172 883 2211 esse
898 2156 998 2212 omnis
1051 2156 1126 2214 dari.
1144 2160 1210 2224 Qua
1223 2156 1261 2213 de
1274 2173 1305 2214 re
1320 2173 1504 2231 magnopere
1516 2157 1647 2228 efflagito
1663 2163 1788 2231 propter
1807 2159 1885 2216 Chri-

167 2249 296 2304 scientire
324 2246 519 2316 affluentiam,
547 2247 698 2320 hujusque
725 2247 824 2319 scripti
849 2263 855 2301 :
880 2247 997 2314 Quanto
1053 2244 1090 2302 sti
1105 2260 1251 2309 amorem,
1267 2245 1388 2319 meique
1403 2245 1609 2302 famulaminis
1622 2246 1663 2302 ob
1678 2246 1882 2314 devotionem,

166 2354 293 2409 mugitus
309 2353 348 2405 es,
365 2339 492 2394 turadia
508 2338 578 2392 teia
592 2337 737 2406 omnibus,
751 2334 996 2392 inibideforene-
1050 2339 1200 2407 quatenus
1212 2334 1309 2407 ipsius
1330 2334 1496 2405 dignemini
1521 2335 1744 2409 querimoniam
1764 2337 1883 2392 auscul-

167 2427 352 2497 gligentiam.
367 2430 408 2482 Ex
421 2427 478 2482 hoc
494 2425 598 2483 diffido
618 2432 722 2482 vestrae
749 2425 789 2480 ob
813 2423 996 2494 magnitudi-
1050 2429 1122 2494 tare,
1138 2428 1167 2480 et
1179 2423 1218 2480 ad
1234 2423 1280 2480 sui
1295 2423 1421 2480 senioris
1435 2423 1605 2481 dominium
1619 2423 1698 2481 illius
1715 2425 1885 2496 subrogare

165 2531 236 2572 nem
251 2516 417 2587 majestatis
430 2514 571 2571 vilitatem
584 2531 658 2571 mere
674 2513 823 2571 annullari
838 2519 997 2586 pauperta-
1050 2513 1176 2570 miserias
1191 2519 1322 2570 vestrum
1336 2518 1506 2592 praepotens
1520 2513 1732 2587 patrocinium.
1760 2517 1885 2572 Paterno

166 2605 213 2662 tis.
230 2609 268 2662 fle
284 2610 390 2662 caetero
406 2609 475 2660 ante
501 2610 604 2660 vestrae
631 2603 845 2661 dominationis
869 2618 994 2676 conspe·
1049 2602 1172 2676 quidem
1196 2604 1263 2674 jure
1283 2601 1475 2672 beneficium,
1502 2603 1526 2659 si
1551 2603 1611 2658 dici
1635 2603 1682 2660 fas
1696 2607 1755 2674 est,
1782 2605 1842 2660 sibi
1857 2606 1884 2660 in

165 2700 256 2756 ctum.
273 2694 297 2750 si
312 2693 496 2750 famulamen
516 2708 618 2748 meum
643 2692 729 2748 fuerit
752 2696 920 2762 acceptum,
950 2691 994 2746 di·
1048 2689 1255 2746 haereditatem
1270 2691 1423 2762 collatum,
1438 2690 1606 2748 assiduisve
1619 2707 1689 2748 cum
1703 2691 1884 2749 muneribus

165 2783 298 2853 gnernini
313 2783 450 2850 detegere
465 2797 540 2837 meae
551 2782 692 2836 ruborem
701 2785 790 2836 tantae
798 2779 993 2850 confusionis,
1048 2777 1087 2833 ab
1102 2777 1253 2851 episcopis
1265 2779 1416 2851 prioribus
1431 2783 1651 2853 comparatum,
1671 2784 1813 2837 vestrum
1830 2781 1883 2836 nisi

164 2869 276 2925 sedicet
297 2869 465 2924 intimando
486 2869 599 2924 fontem
620 2884 781 2925 causamve
796 2868 926 2940 praelatae
941 2869 993 2924 de·
1010 2908 1030 2964 C
1048 2865 1267 2923 adminiculum
1282 2868 1381 2925 eidem
1395 2868 1561 2938 auxilietur,
1582 2884 1601 2924 a
1617 2885 1648 2926 se
1661 2868 1802 2926 funditus
1814 2870 1882 2925 alie-

163 2955 333 3026 spectionis.
366 2958 405 3011 Ex
430 2956 486 3010 hoc
509 2971 580 3011 vero
604 2955 726 3011 evidens
744 2955 891 3026 judicium
906 2956 994 3013 datur
1047 2955 1113 3010 nari
1126 2960 1252 3011 veretur.
1270 2957 1424 3026 sagacitas
1438 2973 1510 3014 vero
1525 2955 1609 3013 vobis
1631 2955 1751 3013 coetitus
1772 2957 1881 3028 infusa,

162 3059 211 3100 me
225 3044 289 3100 hese
303 3043 344 3100 ita
359 3047 515 3102 autumare
531 3045 648 3118 absque
668 3043 811 3112 falsitatis,
828 3045 900 3119 quia
923 3062 993 3102 cum
1045 3043 1153 3115 poterit
1167 3043 1299 3102 celeriter
1313 3045 1496 3116 examinare,
1526 3046 1607 3101 hunc
1630 3045 1705 3101 nihil
1729 3046 1762 3102 in
1777 3045 1879 3104 haere

162 3150 247 3191 meas
276 3138 499 3209 prosternerem
526 3151 629 3208 preces
653 3135 807 3192 vestraein
833 3135 994 3208 prasentia
1045 3134 1150 3188 contra
1161 3132 1281 3204 justitiae
1294 3149 1434 3191 normam
1448 3132 1609 3207 postulare.

163 3221 334 3292 sanctitatis,
349 3227 471 3298 propter
484 3223 615 3280 flebilem
634 3224 725 3295 hujus
753 3222 902 3281 combusti
926 3240 991 3282 mo·
1431 3225 1487 3280 Vll.

160 3315 281 3372 nasterii
307 3316 525 3384 necessitatem,
554 3316 665 3372 nullius
691 3315 794 3371 auxilii
813 3319 991 3372 consecutus
1044 3310 1093 3367 Ad
1111 3312 1143 3368 V.
1160 3313 1296 3370 abbatem
1311 3327 1330 3369 α
1343 3329 1401 3386 quo
1421 3314 1536 3383 fratres
1560 3319 1680 3370 revocat
1704 3314 1741 3369 od
1766 3314 1879 3372 adcen-

160 3419 228 3460 sum
242 3403 485 3478 propitiationem
498 3403 546 3460 vel
561 3403 746 3460 charitatem.
1079 3406 1143 3457 tam
1153 3403 1284 3473 episcopi
1295 3403 1496 3475 Frisingensis
1509 3404 1619 3476 iniquis
1642 3419 1713 3474 ergo
1735 3418 1769 3459 se
1791 3404 1877 3460 deta-

558 3530 580 3579 v
1079 3490 1208 3548 tionibus
1223 3494 1404 3562 ecaspactt.

583 3571 589 3583 '
1078 3580 1109 3634 V.
1126 3579 1274 3637 abbatum
1288 3581 1442 3638 decoranti
1457 3580 1665 3638 sublimitatem
1677 3595 1871 3654 peromnem

1041 3665 1185 3723 virtutum
1199 3669 1406 3744 capacitatem,
1423 3671 1453 3726 E.
1457 3711 1467 3743 ,
1480 3670 1603 3728 ultimus
1618 3669 1873 3738 Christicolarum,

1042 3754 1155 3825 gaudia
1171 3745 1383 3816 coelicolaruni.
1450 3757 1451 3762 ’

192 3845 406 3920 Amplectendo
434 3844 608 3902 meritorum
636 3842 816 3910 sanctuario,
839 3843 988 3913 condigne
1077 3847 1151 3903 Cum
1162 3850 1300 3902 nostrum
1314 3850 1394 3903 esset
1407 3847 1592 3907 veterestro
1604 3848 1778 3906 satisfacere
1796 3848 1874 3906 desi·

157 3936 320 4008 subrogato
348 3935 456 3992 christi
477 3933 600 3998 vicario,
616 3946 644 4002 aa
666 3933 773 3991 Christi
799 3933 894 4004 gratia
909 3949 987 3992 curre
1040 3934 1133 4006 derio,
1150 3937 1324 4010 repentinus
1337 3938 1432 3995 nostri
1446 3937 1585 3996 antisbtis
1599 3938 1752 3997 adventus
1771 3943 1873 3996 nostro

156 4025 291 4082 custodis
305 4024 476 4097 deputatus,
492 4022 618 4080 coelestis
633 4021 745 4092 gaudia
760 4021 918 4080 incolatus.
1040 4023 1212 4096 publicatus
1224 4026 1417 4095 monasterio,
1432 4031 1552 4084 nostros
1566 4026 1683 4096 fratres,
1708 4032 1810 4084 vestm
1824 4028 1873 4084 ad·

192 4116 318 4170 Omnem
341 4129 409 4186 quae
432 4113 540 4188 poterit
553 4111 735 4169 devitionem
758 4111 894 4185 impendi
916 4111 986 4168 affe·
1039 4110 1135 4169 dictos
1150 4113 1278 4182 servitio,
1294 4114 1374 4185 cogit
1385 4131 1441 4172 nos
1455 4130 1579 4190 poscere
1589 4119 1699 4173 nostra
1712 4115 1871 4172 remissum

155 4199 245 4258 ctioni
257 4201 345 4258 albus
359 4203 459 4273 amici,
475 4203 662 4270 confitemur,
685 4201 788 4274 quoad
810 4201 1021 4310 vixe1·imus,D
1037 4199 1068 4257 in
1095 4202 1336 4274 congregationis
1358 4205 1538 4278 paupertati,
1564 4204 1746 4279 priusquam
1771 4209 1871 4261 reeb-ar

158 3630 207 3688 Ad
218 3632 257 3688 N.
273 3635 451 3703 episcopum,
465 3635 547 3703 sorte
571 3631 731 3688 Nitlteram
753 3632 986 3700 Frbinpeasem,

217 3734 303 3792 quen
315 3735 346 3777 se
359 3719 396 3777 de
406 3733 467 3776 aaa
483 3732 619 3776 concesso
629 3718 783 3789 frumento
798 3723 931 3774 accusat.

154 4291 222 4349 totis
237 4292 394 4350 annisibus
410 4291 519 4349 nostris
533 4307 588 4365 par
603 4306 671 4348 esse
686 4291 772 4348 vobis
788 4290 898 4360 addici,
913 4291 986 4365 quia
1037 4291 1221 4364 promissum
1234 4297 1312 4350 esset
1324 4294 1469 4352 charitati.
1486 4294 1595 4352 estate
1609 4294 1747 4369 quidem,
1775 4301 1809 4352 ut
1831 4311 1872 4351 re
1980 4337 1981 4380 .

156 4380 365 4440 munificentia.
379 4386 487 4439 vestrae
500 4379 674 4438 excellentia
689 4380 835 4454 perdigna
857 4379 985 4437 estinte-
1038 4379 1192 4453 scivimus,
1212 4381 1250 4438 de
1264 4383 1321 4440 hoc
1338 4382 1478 4441 coenobio
1501 4383 1584 4441 falsae
1610 4384 1716 4456 lingua
1745 4385 1871 4443 adulan-

153 4470 238 4528 rioris
264 4487 317 4528 seu
337 4470 489 4529 exterioris
514 4473 622 4528 cuncta
643 4469 786 4527 famulicii
805 4468 982 4542 frequentia.
1036 4468 1111 4525 tium
1125 4471 1357 4541 criminationes,
1374 4471 1495 4544 ejudem
1510 4473 1671 4530 adversum
1684 4490 1743 4531 nos
1757 4489 1871 4548 praesu-

155 4563 260 4618 Verum
272 4561 379 4633 ingerit
391 4561 480 4619 nobis
492 4559 634 4618 ruborem
647 4558 832 4617 confusionis
843 4559 898 4614 lras
911 4575 983 4632 prse-
1034 4557 1071 4615 lis
1094 4560 1255 4618 nonnullas
1278 4561 1383 4619 dolose
1411 4562 1573 4621 conflando
1596 4563 1779 4620 machinatae
1804 4569 1874 4620 sunt

153 4651 262 4708 sentari
276 4651 388 4709 litteras
403 4655 509 4708 vestrae
525 4649 700 4724 conspectui
724 4647 899 4706 dilectionis.
925 4651 983 4704 Nos
1034 4646 1265 4721 indignationes.
1282 4651 1347 4716 Qua
1363 4651 1400 4707 de
1414 4667 1446 4708 re
1460 4667 1645 4727 magnopere
1655 4649 1871 4723 efflagitamus,

151 4739 275 4812 quidem
289 4741 376 4798 vestri
390 4740 627 4811 magnitudinem
641 4737 779 4796 beneficii
791 4737 874 4795 haud
894 4753 982 4812 posse
1033 4737 1106 4811 quia
1121 4738 1152 4795 in
1163 4744 1294 4797 vestram
1320 4741 1510 4813 peculiariter
1530 4741 1749 4813 benignitatem
1770 4759 1872 4817 spera·

151 4830 330 4904 equiperari
358 4829 419 4888 ulla
442 4830 536 4889 nostri
565 4829 744 4894 assiduitate
766 4827 873 4885 servitii
895 4826 981 4900 [fate-
1033 4842 1112 4896 mus,
1126 4828 1233 4885 vestris
1247 4833 1398 4902 quatenus
1406 4829 1655 4888 commendatitiis
1671 4831 1757 4904 apud
1768 4831 1873 4906 ipsum

151 4921 240 4992 marl.
257 4923 322 4987 Qua
335 4921 373 4976 de
387 4936 419 4976 re
435 4919 547 4976 scilicet
562 4919 627 4990 ejus
644 4917 981 4976 testimoniuminroca-
1033 4915 1147 4982 litteris,
1177 4921 1230 4974 aut
1257 4917 1458 4989 legationibus
1481 4920 1512 4976 id
1538 4919 1708 4989 efficiatur,
1743 4921 1871 4994 quando

150 5011 209 5082 tur,
223 5009 276 5084 qni
290 5012 467 5066 cunctorum
483 5013 596 5066 secreta
610 5007 745 5064 cordium
760 5007 897 5079 rimatur,
908 5021 982 5080 quo·
1033 5007 1091 5063 hoc
1116 5005 1303 5064 domicilium
1334 5025 1388 5066 suo
1417 5009 1555 5082 primitus
1576 5009 1717 5080 ingressu
1741 5009 1775 5065 in
1798 5025 1872 5083 prrs-

149 5099 232 5156 niam
247 5097 276 5154 iu
289 5096 356 5154 loco
371 5095 485 5154 archis
504 5095 683 5169 praetitulato
710 5095 871 5152 exhibendi
898 5094 981 5152 nulla
1032 5096 1196 5153 sentiarum
1224 5097 1397 5170 illustratur,
1427 5099 1473 5156 sui
1499 5097 1617 5157 turbine
1642 5097 1790 5172 terroris,
1829 5115 1866 5158 ne

149 5186 275 5244 facultas
288 5185 426 5259 obsequii
445 5183 719 5244 acccommodatar.
743 5187 877 5240 Vestram
893 5199 980 5241 nam·
1032 5184 1204 5242 diffametur
1227 5187 1275 5244 vel
1298 5187 1459 5262 quatiatur.
1487 5180 1613 5261 Insuper
1649 5191 1784 5246 vescam
1816 5203 1868 5244 cu-

148 5293 208 5351 que
218 5275 437 5333 intimationem
446 5291 535 5349 super
543 5275 601 5330 hoo
614 5273 734 5345 negotio
742 5272 978 5342 sirescissemus,
1032 5273 1133 5348 pimus
1160 5273 1336 5334 affinitatem
1363 5278 1421 5334 hoc
1446 5277 1502 5335 sibi
1522 5275 1682 5346 consiliari,
1698 5281 1865 5350 pastorem¹

148 5365 327 5442 priusquam
347 5365 418 5424 inde
443 5381 534 5424 omne
547 5364 732 5420 frumentum
762 5361 871 5420 auferri
888 5363 979 5434 jussi·
1031 5361 1084 5435 qui
1113 5365 1213 5435 posuit
1242 5365 1376 5422 animam
1402 5381 1457 5438 pro
1486 5382 1542 5423 suo
1575 5380 1676 5438 grege,
1705 5369 1740 5422 ut
1762 5363 1866 5437 digne-

149 5469 228 5527 mus,
240 5470 302 5512 non
315 5454 398 5512 aliter
414 5459 518 5512 vestras
534 5451 756 5510 studuissemus
770 5450 978 5526 postulationis
1029 5455 1077 5509 tur
1089 5450 1208 5524 imitari,
1222 5457 1312 5527 atque
1328 5453 1374 5510 sui
1387 5454 1553 5526 patrocinio
1564 5455 1643 5530 asyli
1660 5454 1864 5514 coadunatum

147 5543 291 5620 perficere
305 5542 497 5612 desiderium,
513 5542 643 5618 quamsi
657 5541 787 5616 propria
801 5539 978 5616 prshutsse-
1031 5543 1170 5600 tunemur
1194 5542 1283 5613 ovile,
1308 5559 1346 5600 nc
1375 5543 1499 5618 aliquod
1525 5541 1687 5603 discidium
1704 5545 1767 5602 sive
1781 5557 1865 5602 scan-
