3984 6182
102 115 165 172 lact
447 152 450 156 -
507 117 552 170 llll
567 115 755 173 clareatis
770 109 1017 168 suadeantur!
1034 114 1125 171 traal
1140 117 1224 174 DUO.
1240 145 1273 156 -—
1287 115 1352 172 tra.
1369 121 1390 172 l.
1743 121 1816 174 raca

99 240 152 297 Cui
166 239 274 296 flamm
287 237 340 312 qui
356 238 473 298 astabat
487 239 643 309 adjunxit:
660 261 674 287 «
691 241 794 308 Surge,
816 251 854 292 ne
867 233 929 290 haa-
947 237 1117 308 Aprimum
1144 239 1344 310 obsecrando,
1371 239 1441 298 dein
1468 239 1664 314 increpando,
1688 239 1817 298 demum,

97 328 180 394 sitas,
198 326 251 384 sed
266 343 351 384 surae
366 343 476 400 panem
492 327 624 400 positum
634 326 664 382 in
677 324 833 382 coenaculo
846 337 931 395 supe·
984 327 1147 398 omnigeno
1169 334 1291 398 conatu,
1315 333 1347 385 ut
1362 329 1538 388 alimentum
1561 334 1702 400 sumeret,
1718 345 1812 400 anga-

97 417 180 486 riori,
196 421 225 472 et
239 419 304 490 ipse
320 415 446 472 sufficiet
464 417 494 472 in
508 415 684 472 alimentum
697 415 761 482 tibi,
785 413 823 470 ad
838 411 932 486 perfe-
984 414 1142 474 riaverunt.
1158 418 1215 476 Sed
1237 417 1288 475 illa
1303 419 1446 491 pereinde
1469 417 1567 475 modis
1587 417 1727 476 omnibus
1748 418 1813 476 uni·

98 505 228 562 ctionem
244 504 356 560 itineris
371 505 421 559 tui.
435 527 449 554 a
464 504 510 560 Vir
523 509 623 561 auam
636 508 705 577 post
718 507 832 560 tantam
845 500 933 557 visio-
986 520 1082 576 versa,
1093 521 1161 580 quar
1177 507 1277 564 mandi
1295 513 1324 565 et
1335 507 1399 564 bibi
1422 512 1560 582 possunt,
1576 507 1734 565 recusabat
1746 524 1813 582 per-

99 611 169 654 nam
181 595 416 669 expergefactus,
436 599 465 651 et
479 593 666 668 aliquamdiu
681 592 800 666 spiritus
815 589 932 648 occulta
986 592 1094 666 cipere,
1110 595 1168 652 cibi
1180 601 1331 670 potusque
1356 595 1437 654 fassa
1451 595 1682 654 delectationem
1706 611 1738 653 se
1760 596 1814 652 mi-

103 688 260 752 scrutatus,
276 684 436 754 ignorabat
458 690 559 741 utram
573 683 727 740 dormiens
751 699 790 739 an
803 680 931 753 vigilans
985 680 1066 738 nime
1081 682 1202 741 habere.
1218 685 1380 759 Propinqui
1405 701 1476 742 vero
1492 684 1599 758 puellae
1613 700 1727 758 aquam
1739 683 1814 740 lacte

101 775 181 832 hanc
194 773 339 848 acceperit
354 773 611 830 ammonitionem.
626 774 756 830 Surrexit
769 778 869 829 tamea
886 785 931 826 se·
986 769 1111 828 mistam
1134 771 1178 827 ori
1200 773 1329 844 pervim
1351 773 1543 831 infundentes
1567 774 1766 846 temptabant,
1791 773 1815 828 si

102 864 238 922 cundum
252 863 382 919 edictum
396 862 502 934 vigilis,
515 867 662 935 etpanem
676 861 706 917 in
720 858 875 917 caenaculo
889 873 933 914 re·
986 857 1060 915 forto
1082 858 1129 917 vel
1153 865 1273 917 tenumn
1288 862 1392 932 glutire
1413 867 1514 935 posset
1539 862 1697 936 liquorem.
1721 862 1813 934 Cujus

101 953 265 1026 pertatem
292 950 455 1008 candidum
478 956 507 1008 et
520 967 675 1025 saporum,
697 949 819 1024 qualem
843 952 932 1004 aulea
986 951 1108 1019 gustum
1130 949 1206 1005 ‹lum
1220 949 1311 1006 invita
1333 950 1474 1020 sorberet,
1500 956 1596 1010 erecto
1618 951 1718 1008 statim
1738 951 1815 1008 collo

101 1058 261 1115 nunquam
276 1041 449 1098 videratvel
462 1040 709 1097 manducaverat.
731 1041 827 1105 Quem
841 1037 932 1094 etiam
987 1037 1134 1108 sanguine
1150 1038 1319 1094 confectum
1345 1040 1530 1098 revomebat.
1555 1044 1635 1098 Tunc
1664 1045 1814 1114 parentes,

103 1133 500 1196 secumsumens,etcaetera
514 1129 625 1202 quasin
639 1126 849 1185 eademdomo
863 1141 932 1200 sup·
986 1125 1070 1200 quod
1094 1127 1213 1200 quirent
1236 1127 1333 1184 facere
1357 1127 1540 1201 ignorantes,
1565 1129 1723 1186 consilium
1745 1130 1816 1188 infe-

103 1219 255 1294 pcllectilis
269 1223 363 1286 crant,
380 1218 421 1275 ibi
435 1218 616 1291 relinquens,
633 1220 749 1274 tautum
766 1215 829 1273 tulit
842 1214 931 1272 vesti·
985 1220 1065 1282 runt,
1080 1219 1114 1270 ut
1127 1230 1195 1275 earn
1209 1215 1319 1288 loseph
1336 1215 1513 1287 frisingensi
1533 1217 1674 1290 episcopo
1688 1233 1816 1291 prasen-

106 1313 168 1366 tum
183 1307 375 1380 singularem,
402 1312 431 1364 et
452 1324 544 1381 quarm
561 1323 655 1364 manu
678 1305 794 1362 solebat
817 1308 932 1374 gestare
987 1307 1093 1370 tarent,
1108 1307 1263 1376 sperantes
1276 1305 1341 1375 ejus
1365 1304 1540 1362 auctoritate
1555 1304 1648 1360 tiliam
1663 1307 1817 1364 communi

104 1397 275 1470 bipennem.
286 1398 487 1469 degressurus
499 1401 600 1453 autem
614 1395 655 1452 ad
669 1393 860 1451 solitudinem
875 1392 932 1448 sub
987 1391 1111 1448 reddere
1126 1391 1203 1448 vitae.
1220 1393 1353 1458 Quorum
1377 1393 1489 1465 spebus
1499 1393 1573 1450 dum
1585 1393 1634 1450 ille
1648 1394 1817 1452 satisfacere

103 1485 290 1544 festinatione
304 1486 443 1559 perrexit,
466 1485 660 1542 larrhrimatas
683 1498 786 1556 preces
805 1481 932 1538 llomino
988 1484 1123 1548 tentaret,
1138 1480 1272 1555 puellam
1287 1480 1344 1536 sab
1366 1482 1537 1538 austeritate
1551 1498 1692 1554 arguens,
1709 1487 1740 1538 ut
1751 1483 1819 1539 ede·

102 1575 241 1644 fundens,
259 1581 289 1632 ut
304 1591 358 1650 per
369 1575 475 1632 merita
489 1573 645 1632 clarissimi
659 1572 800 1644 martyris
815 1574 932 1628 Emme-
953 1584 975 1640 Β
989 1573 1033 1626 ret
1046 1570 1152 1641 coegit.
1170 1569 1221 1627 llla
1245 1575 1346 1627 autem
1368 1571 1458 1643 quasi
1469 1571 1647 1644 quisquilias
1668 1588 1753 1629 esum
1767 1589 1819 1647 po·

102 1659 935 1736 rammiitcrsuumdigrrareturprospcrari.0uodperia-
990 1662 1089 1716 tumve
1104 1675 1259 1733 respuens,
1280 1674 1342 1716 non
1366 1658 1467 1716 solum
1480 1659 1530 1716 illa
1553 1660 1763 1719 dfeincoenata
1776 1678 1820 1718 re-

102 1753 151 1810 via
164 1757 193 1810 et
201 1752 375 1822 decertanti
382 1750 659 1827 optavit‚prosperis
670 1748 819 1807 continuis
828 1749 936 1806 diebus
989 1748 1109 1812 mansit,
1126 1749 1180 1805 sed
1193 1753 1222 1805 et
1233 1749 1298 1820 Jam
1314 1764 1428 1805 annum
1443 1748 1593 1820 integrum
1606 1749 1689 1806 haud
1704 1751 1819 1826 absque

101 1841 334 1915 quatuordecim
348 1857 425 1914 pene
439 1841 608 1915 perficiens,
630 1839 754 1896 demum
770 1838 935 1912 diequinta
990 1853 1136 1894 manuum
1165 1853 1256 1911 opera
1281 1837 1387 1910 ijuna
1416 1837 1585 1911 complevit.
1621 1839 1721 1896 Facies
1746 1855 1819 1898 vero

102 1930 232 1998 decima,
260 1930 336 1988 lrora
363 1929 503 2002 ejusdem
525 1928 613 2002 quasi
642 1928 725 1984 tertia
750 1927 885 2001 pervenit
903 1927 934 1982 in
988 1926 1067 1983 illius
1094 1925 1184 1983 nimis
1208 1930 1272 1983 erat
1296 1924 1411 2000 pallida
1436 1929 1464 1983 et
1485 1927 1640 1998 sanguinis
1661 1929 1818 1986 exhausta.

103 2023 240 2076 montem
264 2023 368 2076 contra
394 2017 589 2075 [ratisbonam
613 2017 688 2072 inter
712 2015 883 2072 Danubium
907 2019 936 2071 et
990 2015 1075 2082 Quod
1091 2015 1213 2090 quidem
1230 2015 1317 2072 nobis
1331 2015 1419 2072 valde
1437 2015 1560 2086 mirum,
1577 2015 1630 2072 sed
1644 2016 1819 2076 incredibile

102 2107 210 2164 lmbris
223 2105 336 2163 fluenta
345 2105 627 2179 jacentemllcujus
641 2103 764 2177 specula
779 2103 933 2160 vinearum
990 2105 1106 2161 videtur
1130 2104 1239 2162 animis
1258 2104 1417 2162 hominum
1442 2110 1495 2162 aut
1515 2105 1639 2162 omnino
1659 2106 1819 2164 brutorum

101 2195 281 2267 plantationi
305 2195 446 2266 contigua
459 2194 601 2266 martyris
626 2193 750 2252 intuitus
765 2192 933 2263 ecclesiam,
989 2211 1042 2251 seu
1057 2193 1184 2251 caelestis
1207 2193 1322 2251 oraculi
1334 2193 1491 2267 speculum
1513 2195 1615 2252 minus
1635 2196 1712 2253 clare
1733 2197 1820 2253 intui·

101 2299 286 2354 magnorum
315 2283 450 2340 videlicet
473 2299 600 2357 operum
627 2299 741 2350 casam,
770 2282 935 2338 immensas
989 2287 1098 2340 torum.
1128 2283 1284 2340 Nouenim
1298 2283 1539 2356 estimpossibile
1553 2283 1637 2357 apud
1657 2285 1819 2342 flaminum

102 2377 163 2430 lleo
177 2372 324 2446 referebat
336 2373 457 2444 gratias.
474 2375 556 2430 Tunc
569 2373 759 2430 descendens
772 2371 810 2428 de
833 2376 935 2428 monte
989 2389 1079 2430 omna
1095 2372 1318 2444 ve1·bum(Lac.
1335 2373 1364 2444 1).
1389 2375 1423 2428 Et
1436 2371 1525 2428 illud:
1550 2373 1658 2430 Omnia
1678 2389 1821 2447 quascun-

100 2467 194 2536 atque
219 2463 290 2520 navi
317 2462 494 2520 transmisso
518 2462 642 2519 flumine
655 2477 726 2518 cum
750 2460 862 2518 ceteris
877 2464 936 2517 tur·
990 2478 1048 2535 que
1066 2460 1157 2518 voluit
1171 2460 1316 2516 Dominus
1330 2459 1398 2516 fecit
1411 2461 1442 2516 iu
1456 2460 1532 2516 coelo
1547 2466 1575 2518 ct
1588 2461 1619 2518 in
1632 2465 1710 2520 terra
1723 2463 1817 2536 (Psol.

98 2551 209 2610 anatim
239 2568 274 2608 ac
300 2550 496 2609 nihilominus
523 2551 658 2608 certatim
685 2550 724 2607 ad
758 2549 936 2606 memoriam
990 2556 1116 2621 cxxxiv).
1145 2550 1201 2617 Qui
1216 2550 1298 2607 solas
1311 2550 1405 2618 novit,
1428 2567 1522 2624 quare
1541 2551 1634 2608 homo
1657 2570 1753 2610 cecus
1767 2569 1820 2610 na·

99 2640 244 2714 martyris
260 2639 467 2714 pergentibus,
493 2643 522 2696 et
535 2640 599 2712 ipse
614 2639 671 2694 sub
691 2637 774 2694 omui
788 2637 936 2696 celeritate
991 2646 1038 2698 tus
1053 2640 1151 2710 fuerit,
1172 2644 1200 2697 et
1213 2656 1267 2696 cur
1280 2643 1395 2696 tantam
1419 2639 1529 2697 remia
1554 2640 1731 2700 muliercula
1744 2641 1819 2700 fece·

98 2733 318 2804 properaverat
332 2728 427 2786 laetus.
452 2731 588 2801 Cumque
601 2727 655 2784 diu
669 2731 804 2802 optatam
824 2727 936 2797 ingres·
990 2730 1036 2798 rit,
1072 2730 1219 2802 cujusque
1254 2728 1367 2785 meritis
1396 2728 1523 2786 salutem
1555 2730 1620 2801 eius
1657 2731 1820 2788 concedere

100 2837 156 2876 sus
168 2823 246 2876 esset
263 2816 431 2882 ecclesiam,
456 2817 614 2874 adhaerens
632 2815 936 2890 pavi‡=.cnto,lachri-
989 2818 1093 2887 voluit,
1116 2817 1278 2892 atquibus
1302 2817 1404 2886 voluit,
1426 2833 1481 2891 per
1502 2823 1666 2876 nocturnas
1690 2820 1821 2878 visiones

99 2909 162 2966 mis
185 2912 215 2965 et
237 2907 378 2980 precibus
393 2905 535 2964 satisfecit
562 2905 668 2962 trienni
685 2909 765 2962 voto.
783 2904 936 2979 completa
955 2907 1147 2993 crevelavit:
1173 2907 1246 2980 qum
1268 2905 1369 2980 puella
1392 2908 1568 2976 mortalibus
1593 2908 1647 2966 diu
1669 2910 1820 2984 portentui

100 3003 206 3057 autem
220 2996 382 3054 missarum
397 2994 583 3062 solennitate,
609 2994 650 3051 uti
672 2998 847 3069 competens
861 2998 933 3066 erat,
989 2998 1104 3065 habita,
1142 2997 1182 3054 ad
1220 2997 1399 3054 memoriam
1429 2998 1570 3072 martyris
1605 3000 1820 3058 Emmerammi

100 3086 258 3145 dominica
273 3084 330 3154 uie,
345 3102 437 3144 senex
463 3084 620 3156 religiosus
648 3087 732 3140 extra
759 3084 876 3141 aditum
889 3099 935 3140 ec·
989 3088 1111 3145 deberet
1136 3086 1255 3144 deduci.
1291 3087 1377 3152 Quod
1406 3093 1439 3145 ut
1474 3088 1649 3161 parentibus
1679 3090 1819 3158 innotuit,

101 3177 364 3246 clesiaegrcssus,
394 3190 516 3248 panem,
543 3173 657 3248 dequo
678 3177 720 3230 tot
742 3173 848 3230 diebus
864 3173 936 3229 refe·
989 3192 1116 3251 propere
1132 3191 1166 3232 ac
1189 3175 1325 3232 alacriter
1344 3174 1437 3231 filiam
1461 3181 1660 3245 assumentes,
1683 3178 1758 3234 dum
1781 3177 1821 3234 ad

102 3265 236 3324 ctionem
264 3263 381 3332 habuit,
414 3261 546 3320 ostendit
572 3280 579 3330 ;
606 3261 764 3318 historiam
796 3260 874 3317 exilii
908 3264 937 3316 et
990 3265 1108 3335 rubam,
1136 3281 1204 3339 quae
1237 3280 1358 3321 sacrum
1384 3264 1449 3336 ejus
1477 3280 1587 3338 corpus
1621 3267 1820 3339 amplectitur,

31 3338 39 3356 ⁴
101 3352 284 3414 reversionis
310 3353 452 3410 voraciter
482 3350 639 3424 exposuit;
667 3351 745 3408 duas
771 3350 936 3424 portiones,
990 3353 1273 3429 proticiscivellent,
1289 3353 1342 3410 sed
1361 3353 1401 3410 ab
1420 3353 1532 3410 itineris
1556 3354 1755 3428 prolixitatem
1779 3357 1822 3412 ire
1852 3385 1858 3390 -

102 3461 175 3520 qua
190 3461 225 3500 ex
252 3443 395 3500 alimento
419 3440 639 3514 superfuerant,
653 3442 685 3497 in
705 3444 868 3514 conspectu
892 3444 936 3496 to·
990 3443 1169 3508 diffiderent,
1186 3459 1289 3500 secum
1313 3459 1380 3500 eam
1393 3442 1509 3500 ducunt
1527 3443 1567 3500 ad
1580 3443 1692 3515 locum,
1706 3445 1759 3502 ubi
1782 3451 1823 3504 tc-

103 3534 164 3592 tius
176 3531 292 3606 populi,
305 3530 493 3604 pauperibus
517 3528 629 3601 divisit,
652 3528 725 3586 tanti
741 3531 860 3602 patroni
883 3528 937 3585 bc·
991 3535 1043 3591 stis
1058 3532 1155 3590 tidelis
1166 3538 1367 3606 purpuratum
1377 3533 1492 3606 accepit
1501 3533 1615 3590 martiri
1624 3533 1820 3610 triumphum.

104 3621 214 3681 aeficia
230 3620 371 3678 clamavit
393 3620 424 3676 in
439 3623 550 3676 aeterna
564 3617 626 3676 fore
646 3618 756 3675 debere
779 3618 936 3676 memoria.
991 3624 1024 3679 ln
1036 3639 1098 3697 quo
1113 3627 1147 3678 ut
1160 3621 1224 3678 solo
1237 3626 1324 3678 tenus
1336 3622 1506 3694 humiliata,
1515 3639 1571 3698 pro
1585 3640 1676 3698 posse
1691 3629 1720 3682 ct
1733 3641 1822 3684 nosse

107 3711 185 3779 Quid
201 3711 363 3784 saperhoo
386 3708 549 3766 dicendum
564 3708 611 3764 vel
628 3707 865 3765 ascribendum?
880 3707 938 3764 nisi
991 3712 1096 3780 oravit,
1124 3715 1223 3768 erecta
1249 3711 1354 3782 surgit,
1393 3727 1506 3785 panem
1533 3714 1640 3785 poscit,
1672 3715 1725 3788 qui
1752 3731 1822 3772 cum

105 3799 193 3874 quod
218 3798 377 3856 mamista
405 3797 476 3856 dicit
500 3796 676 3854 memoriale
701 3797 935 3870 sempiternum:
992 3800 1088 3869 adast,
1104 3803 1163 3856 stat
1176 3815 1251 3856 sana
1266 3804 1294 3856 et
1306 3803 1360 3856 est.
1378 3800 1536 3857 Christiani
1549 3802 1602 3873 qui
1617 3802 1752 3869 aderant,
1768 3803 1823 3858 mi-

107 3914 123 3940 «
138 3893 245 3960 llagna
259 3893 303 3946 est
317 3888 412 3960 gloria
430 3886 597 3944 insalutari
611 3889 674 3956 tuo,
694 3885 818 3942 ltomine
844 3887 936 3958 (Prot.
991 3886 1099 3944 rabilia
1123 3886 1228 3944 Christi
1256 3886 1402 3953 videntes,
1431 3885 1599 3943 laudabant
1623 3903 1705 3956 eum,
1732 3890 1823 3945 etiam

106 3981 175 4052 xx);
189 4003 204 4030 ι»
233 3977 361 4050 gloriam
375 3982 405 4034 et
433 3991 580 4047 magnum
607 3975 749 4032 decorem
768 3975 939 4049 imposuisti
992 3980 1064 4032 tuno
1078 3975 1214 4032 fortassis
1243 3974 1459 4042 vociferantes;
1475 3989 1531 4030 nos
1558 3990 1628 4030 vero
1651 3975 1751 4047 ipsum
1766 3977 1825 4032 col-

107 4085 200 4142 super
214 4085 295 4126 eum.
312 4069 418 4126 Olesu
431 4065 573 4136 benigne,
585 4065 642 4120 hoc
657 4069 774 4121 tantum
787 4063 827 4120 ad
841 4069 867 4120 te
882 4063 939 4120 sub
993 4064 1155 4122 laudamus
1167 4077 1248 4120 nunc
1263 4062 1320 4119 suh
1333 4061 1449 4118 silentio
1460 4063 1526 4118 heac
1538 4063 1762 4121 reminiscentes
1777 4066 1824 4124 vel

107 4159 174 4230 ejus
188 4155 435 4231 patrociniolieet
453 4155 561 4222 dicere,
587 4157 620 4210 ut
634 4153 711 4209 sicut
724 4153 808 4210 illum
830 4152 939 4210 dedisti
993 4151 1221 4228 pronunciantis
1247 4151 1346 4207 officio
1359 4151 1501 4221 legentes.
1527 4155 1569 4210 Tu
1593 4157 1695 4210 autem
1709 4158 1825 4228 martyr

106 4246 210 4304 multis
230 4243 366 4302 validum
391 4247 565 4317 patronum,
587 4242 628 4299 ita
651 4240 938 4316 interpollationibus
957 4285 980 4342 n
996 4243 1085 4311 alme,
1114 4241 1234 4315 piorum
1259 4241 1334 4298 votis
1362 4243 1582 4300 Emmeramme
1611 4243 1745 4314 colende,
1768 4260 1824 4319 pro
1904 4299 1910 4310 ,

108 4337 187 4409 ejus,
203 4335 251 4390 laic
264 4337 293 4392 et
306 4334 338 4390 in
352 4336 497 4390 aternum
513 4331 553 4388 sis
567 4331 655 4389 nobis
667 4331 822 4405 propitius.
995 4333 1082 4405 cujus
1108 4331 1298 4390 veneratione
1325 4331 1413 4405 panis
1447 4330 1533 4391 virm
1560 4333 1740 4392 miraculum
1766 4333 1824 4392 hoc

145 4427 172 4482 t.
189 4427 257 4482 Erat
269 4422 412 4497 quadam
434 4420 536 4497 puella
549 4420 580 4477 in
597 4419 792 4491 frisingensis
808 4420 939 4479 ccclesiae
993 4422 1107 4480 facitin
1128 4437 1218 4495 pane,
1234 4420 1318 4495 apud
1333 4437 1403 4478 eum
1425 4422 1514 4480 nobis
1539 4423 1642 4480 obtine
1661 4423 1780 4480 utillud
1793 4423 1824 4479 in

111 4511 232 4570 dioecesi
268 4510 439 4568 constituta.
477 4509 546 4566 llaec
582 4510 650 4582 (56),
679 4513 712 4566 ut
745 4508 832 4566 solita
866 4514 940 4580 erat,
994 4529 1088 4584 regno
1103 4527 1194 4586 super
1207 4527 1346 4570 mensam
1369 4511 1448 4569 illius
1462 4530 1532 4571 cum
1552 4513 1641 4585 justis
1656 4511 1782 4569 edamus
1797 4516 1826 4568 et

110 4601 209 4677 primo
241 4599 374 4658 diluculo
404 4598 594 4673 progreditur
621 4598 661 4654 ad
698 4598 940 4656 exercitationem
993 4602 1147 4660 bibamus.

109 4709 189 4750 curas
204 4689 441 4766 pastoralis,quo
454 4688 566 4746 scilicet
575 4687 613 4744 ad
626 4703 743 4761 pascua
757 4688 879 4746 duceret
891 4705 941 4764 pe·
1030 4697 1056 4750 6.
1073 4694 1190 4759 Quanto
1204 4693 1319 4750 honore
1333 4697 1362 4750 et
1375 4709 1438 4768 qua
1453 4690 1628 4763 reverentia,
1640 4706 1701 4764 quo
1717 4689 1825 4746 affectu

109 4798 182 4840 cora
196 4781 239 4838 sui
254 4779 385 4851 genitris.
406 4777 534 4849 Contigit
555 4781 656 4835 auteur
677 4794 745 4835 eam
767 4778 884 4835 occulto
901 4777 942 4835 ibi
994 4782 1147 4858 principes
1157 4781 1283 4840 beatum
1299 4785 1557 4840 Emmerammum
1579 4778 1734 4848 coluerint,
1750 4778 1826 4836 inter

110 4870 162 4927 Dei
174 4868 288 4944 judicio
304 4868 402 4925 subito
427 4867 517 4924 talem
544 4867 665 4940 spiritus
681 4867 816 4941 accipere
830 4867 941 4926 immu—
995 4877 1093 4931 cetera
1107 4871 1163 4929 sibi
1178 4872 1218 4929 ab
1231 4872 1279 4929 bis
1289 4871 1397 4929 collata
1405 4871 1511 4944 predia
1525 4887 1579 4928 seu
1588 4869 1725 4943 preciosa
1734 4868 1828 4926 dona-

109 4959 265 5031 tationem,
289 4961 322 5014 ut
336 4957 378 5014 nil
403 4955 536 5015 alimenti
563 4954 594 5012 in
613 4972 702 5013 usum
727 4957 794 5014 vitm
817 4957 942 5015 omnino
994 4962 1041 5019 ria
1056 4963 1213 5020 testantur·¹
1231 4959 1269 5016 ad
1284 4959 1428 5016 orientem
1443 4957 1603 5032 provinciae
1618 4957 1709 5028 hujus
1725 4959 1827 5014 Lunae·

110 5063 231 5106 sumere
258 5046 354 5105 vellet.
385 5048 450 5113 Quo
465 5049 604 5119 pmentas
627 5045 701 5114 riso,
727 5062 782 5103 nec
805 5061 867 5104 non
891 5064 941 5105 co·
995 5052 1080 5110 lacus
1092 5050 1146 5123 (57)
1162 5047 1277 5122 optimo
1291 5047 1374 5121 pisce
1386 5045 1515 5117 vividus,
1524 5046 1605 5102 unde
1615 5045 1716 5117 regius
1729 5045 1826 5116 cibus,

110 5137 195 5211 gnati
206 5135 323 5206 rescito,
339 5136 396 5193 sub
420 5139 542 5208 stupore
563 5149 631 5192 eam
655 5142 878 5206 convenerunt;
906 5154 943 5195 ac
997 5138 1038 5196 ad
1051 5137 1238 5195 occidentem
1252 5151 1323 5192 vero
1336 5133 1441 5192 vinifer
1452 5149 1555 5208 cespes
1569 5132 1718 5207 spalticus
1733 5135 1827 5207 (58),c

915 5283 1027 5342 NOTAE

161 5401 195 5454 56
218 5396 315 5454 Etiam
329 5396 536 5467 hoccaputex
552 5391 691 5450 adsone.
998 5393 1092 5470 lpom.
1108 5393 1219 5452 fletisb.
1234 5397 1255 5464 l,
1248 5398 1353 5522 ,desp

161 5473 194 5525 57
221 5471 356 5536 Monace3
383 5463 584 5523 aludowico
609 5462 783 5522 Germanico
816 5469 943 5551 ejusque
998 5412 1093 5538 pita)
1106 5467 1243 5524 Fortasse
1278 5436 1451 5549 paltforum
1455 5465 1633 5540 ,oppidum
1658 5465 1741 5540 quod
1758 5465 1828 5524 iliad

110 5556 207 5598 uxore
219 5543 393 5598 flammae
409 5542 457 5595 831
478 5551 667 5594 concessum.
683 5553 713 5592 v.
731 5536 803 5595 Rred
817 5537 884 5594 cod
898 5539 943 5598 di-
1001 5557 1061 5613 r‚p.
1077 5541 1217 5608 lautitia,
1233 5536 1370 5594 occurrit.

260 5663 382 5721 Panos.
404 5662 490 5719 ssxtl
1652 5665 1686 5718 32
