3996 6186
189 157 241 211 aar
684 121 1403 215 unbauranamma.ouraruuvruouruo.
1844 149 1901 205 cos

189 277 290 352 scripti
308 277 375 349 (ll),
397 292 415 333 a
435 279 467 334 v.
483 275 524 335 cl.
545 279 575 333 L.
601 277 765 334 Bethmsnn
789 276 897 346 colati,
917 289 1016 332 emen·
1032 277 1056 329 A
1070 280 1189 331 secutus
1211 281 1258 334 est
1279 277 1347 346 (13),
1375 275 1467 333 etiam
1495 275 1573 332 Saxo
1602 273 1819 332 Grammaticus
1841 287 1905 328 res·

189 367 330 426 davimus
1071 364 1162 437 pexit,
1178 365 1246 437 (lt),
1267 364 1308 422 ita
1329 367 1362 439 ut
1384 363 1513 422 auctoris
1528 363 1610 420 lama
1623 363 1812 420 Normanniae
1834 360 1904 419 Gal-

225 455 358 516 audonis
373 455 576 512 narrationem
589 471 683 529 quam
699 455 870 512 Guiilelmus
886 456 1019 511 Gemme—
1071 452 1178 527 lisque
1190 453 1265 511 fines
1278 454 1342 526 jam
1355 453 1454 510 medio
1470 467 1533 508 avo
1549 452 1585 508 sit
1599 457 1794 523 transgressa.

189 545 307 603 ticensis
328 544 359 600 in
372 546 522 618 epitomen
534 543 648 615 redegit
662 545 729 613 (12),
750 544 906 601 ordericus
919 542 1019 600 vitalis
1689 543 1722 598 G.
1738 543 1847 596 Wtrrz.

226 742 283 814 (ll)
295 741 407 798 Eodem
419 740 569 797 volumine
583 739 641 796 alio
653 755 722 796 vero
737 739 804 797 cod.
821 757 845 796 s.
860 755 910 794 xrn
923 739 1017 795 conti·
1109 739 1165 807 (te)
1193 737 1278 794 Prmi.
1305 736 1372 793 libri
1400 753 1446 792 ru:
1475 758 1488 786 α
1500 735 1623 796 Bellicus
1647 734 1797 809 siquidem
1818 738 1906 791 actus

190 815 300 870 netur:
326 812 498 869 Guiilelmus
521 813 646 880 Gemm,
664 810 804 868 Einhardi
822 810 887 866 Aita
907 809 1018 880 Karali,
1072 809 1163 867 trium
1184 809 1297 866 ducum
1325 807 1409 864 liudo
1430 807 1660 864 vermandensis
1687 806 1820 863 decanus
1843 805 1906 862 elo-

191 883 359 941 Abreviatio
374 889 526 955 gestorum
540 898 645 953 regum
659 884 762 938 Franc.
777 915 811 924 —
828 881 1020 949 1137,Trnns-
1073 885 1198 956 quanter
1212 880 1370 946 enarravit,
1393 878 1579 952 affluensque
1600 877 1685 935 multi
1707 876 1815 934 licibus
1837 891 1907 931 ver-

190 955 263 1012 latio
278 954 364 1023 olavi,
379 959 445 1022 eto,
460 955 536 1010 Visio
552 953 663 1024 Karoli,
688 959 716 1009 et
731 953 789 1011 alia
803 953 1017 1022 manulragm.
1073 952 1120 1009 bis
1143 956 1172 1008 et
1188 951 1290 1008 metris
1313 949 1531 1024 panegyricum
1569 965 1658 1022 super
1681 948 1686 959 '
1713 949 1736 1004 's
1772 947 1907 1005 edidit.»

193 1026 277 1083 Guill.
294 1029 407 1082 Gemm.
420 1026 458 1082 de
474 1025 621 1082 lliohardo
636 1029 669 1082 ll.
1074 1023 1169 1080 Etiam
1183 1022 1310 1096 scriptor
1329 1021 1457 1078 Gallicus
1472 1023 1576 1076 Benolt
1586 1020 1624 1076 de
1640 1019 1832 1078 sainte-liora
1848 1018 1908 1073 Du-

228 1097 284 1169 (11)
308 1096 391 1180 Praei.
407 1113 413 1151 :
434 1119 448 1147 (ι
466 1095 647 1169 Principium
682 1110 825 1177 namque·
840 1094 1020 1177 narrationis
1074 1095 1186 1151 donem
1199 1099 1267 1151 ante
1282 1092 1385 1148 oeulos
1407 1092 1548 1150 habuisse
1562 1091 1697 1160 ridetur3
1713 1089 1751 1147 ol.
1767 1093 1908 1164 lappen-

192 1165 1022 1320 rlbsaqgglfflt{nqeuktaqggrlinplgsiegssggtlslpsraggtlrtilugmo{¹15ss
1074 1165 1533 1319 ὺῗὸει111111ἶ11ἒξῗ4ὸιιιιιόιιιιι
1556 1233 1641 1316 liudo
1659 1249 1758 1290 rerum
1781 1231 1909 1306 Aquita·

194 1309 449 1366 commendavrta
473 1308 629 1391 liudolpho
653 1313 759 1365 comrte
773 1324 863 1381 prrmr
884 1308 1021 1365 Richards
1074 1323 1211 1364 nicarum
1227 1310 1353 1380 scrrptor
1376 1306 1506 1362 Danosa
1526 1308 1634 1361 Danais
1647 1308 1727 1361 ortos
1747 1319 1909 1376 nuncupa-

193 1381 281 1438 lratre
294 1381 449 1452 diligenter
463 1381 628 1454 exquisivit.
644 1403 658 1430 ι)
1075 1383 1180 1453 tosque
1203 1381 1374 1446 recenseat;
1390 1376 1427 1433 ol.
1452 1376 1594 1450 Stephani
1618 1374 1720 1433 adnot.
1741 1392 1772 1450 p.
1788 1375 1834 1446 31,
1849 1379 1908 1430 etc.

198 1607 1904 1641 w

849 1773 1254 1893 uubanus

611 1989 614 1996 ’
661 2015 771 2070 suras
797 2014 1114 2071 concnaerrrouau
1137 2011 1165 2067 a.
1185 2010 1303 2076 ouran
1317 2007 1446 2065 ιιιιοιιιι

1037 2203 1075 2242 DE

441 2375 645 2493 ttttttts
678 2375 737 2490 11
768 2373 902 2491 tttts
933 2372 1170 2489 tttttttttt
1203 2369 1487 2488 lttttltltltl
1517 2365 1671 2484 ttttttltt

840 2633 1041 2753 LIBRI
1067 2631 1268 2753 TRES.

199 2847 364 2920 (occursus.
380 2848 521 2904 Historia
543 2849 786 2904 Narmannorum
811 2845 976 2915 smptus-es
1001 2845 1192 2917 antipatres
1210 2843 1247 2900 ab
1266 2845 1329 2900 illis
1343 2859 1398 2914 per
1417 2842 1561 2914 Gallium,
1579 2840 1735 2911 Ancttam,
1759 2839 1913 2908 Apuliam,

235 2917 940 3060 &ztafguqrthgssnglrluffidticssifgqrrsroft)&tentem
954 2921 1052 2987 gestas
1075 2916 1272 2986 explicantes,
1288 2917 1326 2973 ab
1350 2929 1430 2972 anno
1446 2913 1560 2970 Carastt'
1574 2914 1625 2968 838
1647 2911 1688 2968 ad
1702 2925 1819 2968 canum
1839 2910 1911 2966 tart.

545 3251 549 3256 ·
657 3254 1032 3346 ιιιιιιιιιιιιιο
1087 3192 1458 3347 ιιιιιιιιιιιιιι.

236 3488 333 3550 liudo,
348 3487 480 3559 primum
501 3484 635 3553 clericus,
657 3485 814 3559 «pretiosi,
831 3491 863 3541 ut
884 3484 935 3556 ait,
951 3500 1032 3543 mar·
1053 3461 1131 3541 Bret
1153 3484 1309 3542 conmstati
1332 3489 1414 3541 sunt.
1437 3479 1590 3555 nequierit
1603 3480 1652 3538 ilie
1672 3479 1830 3555 praeceptis
1853 3493 1916 3552 pre·

200 3575 272 3648 tyris
290 3573 396 3631 Christi
411 3571 542 3638 Quintini
564 3573 765 3640 canonicus»
791 3579 819 3630 et
835 3574 892 3629 boo
911 3572 1033 3629 nornine
1087 3571 1233 3648 cibusque
1262 3589 1378 3641 eorum,
1405 3575 1563 3628 exsecutus
1591 3573 1646 3642 est,
1682 3574 1711 3626 et
1747 3567 1918 3626 absolutum

199 3661 239 3720 ab
260 3661 380 3717 Alberto
401 3660 692 3716 Veromandensium
713 3661 820 3718 comite
846 3661 886 3717 ad
912 3661 1032 3718 Richar-
1088 3679 1165 3736 opus
1180 3661 1361 3720 adalberoni
1375 3661 1517 3734 episcopo
1541 3659 1744 3722 laudunensi,
1761 3655 1918 3714 auetorita-

199 3751 273 3807 dum
296 3752 539 3806 Narmanuorum
563 3748 670 3806 ducem
697 3749 817 3823 missus,
835 3755 866 3808 ut
887 3751 1035 3807 interven·
1089 3756 1115 3808 te
1137 3767 1193 3808 sua
1217 3749 1470 3814 confirmandum,
1495 3748 1652 3806 dedicarit.
1679 3747 1807 3804 Peritum
1821 3744 1919 3802 virum

199 3841 233 3895 tu
264 3852 319 3893 suo
346 3849 448 3906 regem
482 3835 612 3893 lranciae
644 3837 811 3910 lingonum,
843 3838 899 3911 ipsi
934 3838 1036 3896 comiti
1087 3841 1219 3915 appellat
1241 3839 1414 3897 Guilelmus
1430 3837 1673 3897 Gemmeticensis
1696 3836 1869 3893 monachus
1891 3834 1920 3890 iu

199 3925 360 3994 infensum,
388 3925 569 3998 pacificaret.
595 3929 699 3985 Postea
726 3943 798 3984 vero
824 3943 915 4003 super
941 3932 1034 3985 totam
1087 3930 1212 4004 epistola
1238 3946 1295 3987 sua
1316 3929 1355 3986 ad
1380 3927 1569 3986 Guiilelmum
1592 3926 1784 3997 langiorum
1808 3940 1918 3996 regem.

201 4015 301 4075 Sancti
324 4014 456 4081 Quintini
482 4016 746 4086 congregationem
772 4017 907 4073 decanus
929 4017 1036 4074 consti·
1088 4018 1301 4089 mactericus,
1336 4018 1517 4090 monachus,
1547 4015 1701 4084 Uticensis,
1728 4015 1791 4073 sive
1825 4013 1921 4072 Sancti

199 4108 289 4174 tutus,
305 4107 338 4160 ut
359 4102 440 4160 idem
465 4108 620 4176 praenotat.
651 4105 770 4162 initium
795 4105 946 4162 scribendi
964 4105 1035 4162 iacit
1088 4109 1211 4180 Ebrulli,
1235 4109 1273 4166 de
1288 4109 1395 4166 eodem
1424 4108 1465 4165 sic
1479 4106 1584 4181 paucis
1606 4105 1706 4162 verbis
1731 4104 1866 4178 loquitur
1892 4103 1921 4159 in

200 4193 241 4250 ab
263 4191 407 4262 liastingo
420 4195 574 4250 Danorum
596 4195 683 4265 duce,
699 4195 750 4267 qui
775 4195 931 4251 Rollonem
957 4210 1034 4267 prta·
1087 4198 1235 4273 prolonga
1258 4196 1326 4254 iibri
1345 4213 1374 4253 ιιι
1397 4194 1531 4252 Historiae
1558 4211 1643 4251 suar:
1664 4215 1678 4242 r
1694 4192 1821 4249 Bellioos
1841 4196 1922 4248 actus

200 4282 287 4339 cessit
302 4301 308 4351 ;
325 4281 460 4338 finemin
481 4286 575 4338 morte
591 4281 728 4339 Richardi
741 4287 762 4351 l,
778 4284 968 4340 Normanaioe
980 4283 1035 4339 du·
1088 4287 1177 4343 trium
1192 4285 1305 4342 ducum
1329 4283 1414 4340 liudo
1436 4280 1688 4340 veromandensis
1704 4281 1841 4337 decanus
1867 4278 1924 4336 elo

200 4371 252 4439 cis,
283 4371 369 4442 cujus
405 4386 480 4427 avus
518 4371 609 4428 [lolio.
641 4371 836 4446 Declaratque
861 4373 954 4445 (epist.
993 4372 1035 4429 od
1087 4379 1213 4448 quanter
1235 4372 1405 4440 enarravit;
1422 4370 1612 4445 affluensque
1637 4368 1844 4444 muliplicibus
1859 4383 1923 4425 ver·

199 4459 462 4517 Arialblsaudun.
484 4459 584 4530 episc.)
600 4475 631 4514 se
646 4474 723 4532 opus
736 4460 894 4533 incoepisse
910 4474 971 4516 non
985 4476 1036 4517 vo·
1088 4464 1135 4520 bis
1153 4467 1182 4520 ct
1200 4462 1302 4520 metris
1329 4459 1545 4534 panegyricum
1570 4475 1661 4533 super
1685 4458 1743 4515 illis
1767 4457 1872 4525 edidit,
1897 4461 1925 4512 et

199 4548 314 4606 luntate
337 4551 513 4621 spontanea,
537 4547 589 4604 sed
605 4553 636 4605 ut
658 4549 728 4605 duci
751 4548 793 4604 illi
815 4548 951 4606 redderet
973 4565 1035 4606 suae
1091 4553 1237 4612 aichardo
1252 4551 1443 4619 Gunnoridae,
1455 4551 1582 4623 gratim
1598 4551 1664 4622 ejus
1679 4552 1816 4622 captans,
1827 4552 1925 4605 trans·

200 4636 350 4694 servitutis
378 4635 522 4704 officium,
550 4641 673 4710 propter
698 4638 856 4696 innumera
888 4637 1035 4696 beneficia
1089 4642 1177 4699 misit.
1191 4662 1205 4691 »r
1219 4643 1276 4698 Nec
1291 4655 1352 4696 non
1367 4637 1444 4695 libro
1459 4655 1487 4694 vr
1500 4637 1557 4695 sub
1569 4635 1679 4694 finem:
1696 4660 1711 4688 «ι
1724 4637 1763 4693 De
1780 4635 1924 4703 adventu,

201 4743 269 4800 quae
284 4725 400 4799 absque
425 4742 479 4782 suo
502 4727 608 4782 merito
630 4726 657 4783 ei
684 4727 825 4798 dignatus
852 4727 1036 4802 eratimpcr-
1088 4729 1196 4802 inquit,
1221 4732 1473 4795 Normannorum,
1507 4731 1535 4782 ct
1566 4725 1679 4782 crudeli
1701 4723 1842 4782 barbarie
1865 4723 1927 4780 illo

201 4817 257 4873 tiri.
275 4815 379 4888 Operis
391 4822 491 4874 autem
506 4815 636 4872 necdum
648 4817 761 4890 primas
771 4820 871 4890 partes
885 4817 1033 4890 attigerat,
1089 4835 1159 4874 rum
1174 4817 1260 4875 liudo
1276 4813 1528 4873 veromandensis
1539 4813 1673 4870 decanus
1686 4812 1818 4869 studiose
1835 4811 1928 4886 scrip·

202 4923 270 4964 cum
307 4905 511 4978 lacrymabilis
546 4905 627 4962 lama
655 4905 836 4964 Richardum
867 4906 1035 4981 prinoipem
1054 4911 1075 4965 G
1091 4908 1138 4978 sit,
1152 4905 1340 4964 etltiobardo
1358 4909 1389 4975 ll,
1413 4902 1593 4962 Gunnoridis
1608 4902 1681 4972 filio,
1696 4901 1764 4958 duci
1779 4903 1926 4958 llorman·

202 4995 312 5053 obiisse
338 4995 492 5052 nuntiavit.
518 4997 551 5050 Et
567 5001 636 5052 tunc
655 4995 758 5053 omnia
777 4996 807 5052 in
830 4995 908 5052 illius
933 4997 1035 5053 dolore
1088 5013 1209 5064 norum,
1226 4994 1397 5053 destinavit.
1413 5016 1428 5044 »
1444 4997 1477 5049 ln
1491 4993 1584 5064 hujus
1596 4990 1725 5048 editione
1740 4987 1865 5046 duobus
1881 5006 1927 5047 co·

202 5089 383 5158 postponere
393 5083 496 5151 voluit,
511 5089 543 5140 ut
554 5084 618 5158 ipse
628 5087 761 5154 testatur,
774 5088 895 5159 propter
908 5084 1035 5142 nimium
1089 5086 1208 5144 dicibus
1236 5101 1309 5141 usus
1335 5099 1413 5151 sum,
1439 5097 1501 5138 uno
1516 5081 1572 5137 viri
1594 5079 1699 5136 illustr.
1723 5082 1756 5136 D.
1779 5080 1928 5136 Francisci

202 5171 307 5229 fletum
321 5171 598 5246 intolerabilemque
613 5174 778 5246 planctum.
803 5173 859 5230 Sed
874 5171 1036 5246 partilium
1091 5172 1250 5242 Ambrosii,
1275 5170 1367 5229 altero
1383 5173 1416 5228 D.
1432 5168 1535 5227 iacobi
1549 5167 1712 5236 sirmundi,
1728 5167 1781 5240 qui
1802 5169 1833 5222 et
1847 5165 1928 5224 solus

204 5259 270 5332 ejus
304 5259 413 5317 ducem
440 5261 632 5334 ltichardum,
662 5265 691 5319 et
722 5262 909 5336 praecipuum
941 5259 1035 5318 eomi-
1092 5261 1226 5318 carmina
1240 5259 1324 5316 varia
1351 5258 1461 5315 rustico
1477 5256 1574 5328 magis
1597 5271 1692 5330 quam
1706 5253 1828 5328 poetico
1851 5255 1928 5328 stylo

204 5353 266 5406 tem
302 5347 492 5424 nodolphum
525 5351 732 5423 ibreicensem,
770 5367 817 5408 res
852 5350 959 5408 eadem
996 5347 1036 5405 illi
1090 5350 1247 5406 intertexta
1270 5347 1392 5404 exibuit.
1422 5349 1480 5403 Nec
1503 5345 1555 5402 illa
1583 5349 1684 5402 tamen
1725 5345 1929 5424 pretermissa

204 5441 418 5508 representata
450 5439 515 5497 luit.
558 5442 727 5498 lustiterunt
764 5441 856 5498 ambo
885 5439 1036 5514 precibus,
1090 5437 1183 5506 volui,
1210 5453 1248 5494 ne
1285 5435 1378 5494 fidem
1405 5434 1536 5494 historia
1560 5432 1707 5498 minuisse
1741 5431 1929 5516 qubusdam

206 5526 241 5580 ut
267 5525 351 5599 quod
378 5526 542 5586 Richardus
568 5532 653 5602 pater
679 5533 863 5603 praeceperat
893 5542 1038 5601 exseque-
1094 5526 1169 5587 torte
1182 5527 1308 5586 viderer.
1901 5547 1905 5552 ·

204 5615 297 5686 rctrrr,
320 5620 350 5676 et
370 5631 409 5675 ne
433 5617 625 5692 propositum
654 5617 863 5697 imperfectum.
893 5615 1040 5695 relnque·
