3990 6184
183 213 250 269 lece

684 214 887 271 FROUMUNlll
909 212 1116 304 COENOBlTAE
1135 217 1391 276 Tacaausnnsrs
1504 254 1513 267 .

1835 211 1899 266 taut

181 337 256 394 Cum
270 351 331 391 non
346 335 450 403 lingua
472 337 569 402 sonat,
588 349 655 407 quae
669 339 761 394 restat
773 336 870 393 littera
884 337 1007 408 pangat,
1021 338 1045 390 Α
1064 339 1215 397 AEternum
1230 356 1341 398 numen
1357 353 1531 396 sermonum
1543 337 1595 392 dat
1608 335 1665 392 sibi
1679 335 1799 390 flumen

182 425 303 483 infirma
322 423 346 477 si
361 420 478 487 tuerint,
494 437 555 478 non
568 427 637 480 sunt
648 425 820 498 spernanda
834 423 953 495 legenti,

183 519 255 571 Crini
270 509 370 572 nullus
383 525 482 565 sermo
498 511 612 569 Christo
625 529 656 570 se
671 514 828 571 subtrahat
840 514 931 580 almo,

182 599 338 665 Omnibus,
358 601 391 653 ut
405 598 468 654 vult
482 599 558 674 ipse,
580 603 674 675 dabit,
697 619 752 660 nec
766 619 892 677 corpora
907 601 1009 670 cernit,

180 691 272 744 Parva
285 685 403 758 replens
417 690 546 760 magnis,
563 695 591 748 et
605 692 691 750 sortia
707 693 820 766 spernit
834 693 865 749 in
880 691 955 749 altis.

180 776 242 832 Hoc
253 775 365 849 placuit
376 784 498 851 propter
512 780 601 836 nullis
614 798 664 838 mc
678 798 801 856 parcere
816 781 926 850 verbis,

181 866 258 933 Quin
273 864 522 936 scribaturenim,
539 869 683 943 quicquid
696 887 758 928 non
774 871 900 928 mittitur
913 869 976 941 igni

180 959 238 1012 Aul
253 971 344 1011 cursu
359 955 446 1011 celeri
460 961 644 1030 transportet
659 960 781 1018 nuntius
793 960 868 1018 orbi.

551 1083 599 1136 X'
640 1127 645 1138 .

231 1170 337 1224 Versus
358 1170 515 1240 Uelatperli
527 1173 558 1227 ie
574 1085 701 1230 cbxcllla'cem
714 1175 905 1232 Psalmorum
918 1175 967 1246 (4).

185 1277 271 1332 Hunc
286 1291 342 1344 ego
357 1276 544 1334 Psalmorum
560 1279 660 1336 studui
675 1281 862 1338 conscribere
875 1281 986 1337 librum

185 1365 373 1438 Udalpertus,
389 1371 422 1422 ut
443 1366 490 1422 hic
506 1384 614 1440 pascas
637 1370 771 1426 animam
797 1387 919 1445 quoque
937 1369 1014 1426 Heil-

932 1459 1013 1532 [wib.

185 1546 320 1612 Docuit,
335 1552 368 1601 ut
382 1546 468 1615 potui
479 1563 490 1602 :
505 1547 602 1604 decuit
618 1550 661 1606 aie
673 1550 829 1608 nobilitari

184 1634 328 1691 Psalterii
340 1635 501 1703 dominam,
517 1638 599 1694 colui
608 1640 698 1696 simul
713 1646 740 1696 et
755 1645 938 1712 generosum.

185 1724 234 1780 llis
248 1723 358 1780 leviora
372 1723 445 1780 facis
458 1742 599 1784 curarum
614 1727 750 1802 pondera
765 1729 882 1805 scriptis

185 1817 219 1870 Et
232 1813 376 1870 meditare
391 1814 457 1887 pita,
474 1832 542 1890 quae
558 1822 672 1875 restant
688 1820 799 1890 gaudia
815 1820 908 1878 eoelis.

187 1903 237 1958 llis
255 1902 351 1972 magis
363 1902 483 1958 insistas
499 1907 613 1978 cupias,
627 1923 720 1980 quarn
735 1907 846 1965 femina
858 1909 944 1979 jocis.

186 1996 252 2050 llaec
275 1983 393 2048 iterum.
411 1996 501 2066 atquc
528 1995 636 2052 iterum
665 2013 784 2070 semper
807 1996 958 2055 mediteris
985 2015 1017 2054 rn

895 2087 1016 2158 [aevum.

187 2169 301 2234 Gaudia
311 2174 391 2227 certa
404 2175 538 2242 manent,
547 2189 737 2248 quaecunque
748 2176 811 2232 baec
823 2181 945 2250 pectora
957 2176 1019 2233 vol-

926 2268 1017 2338 trent,

188 2351 238 2407 llis
254 2349 375 2408 inimica
386 2355 472 2424 potes
489 2367 632 2425 superare
648 2356 803 2428 sequentia
817 2355 904 2413 vires.

622 2462 631 2515 l
647 2505 654 2517 .

187 2547 338 2617 Apologia
363 2547 403 2618 (5)
424 2564 483 2618 pro
503 2461 620 2608 srtbiav
635 2465 876 2626 ¹wirtzburgensi
897 2557 1018 2628 ejusque

229 2637 373 2706 neagtstra
383 2637 527 2694 aduersas
541 2641 699 2711 quemdam
715 2643 972 2701 calumniatorem.

187 2744 301 2798 Nomen
315 2747 348 2798 ut
360 2742 524 2800 herbarum
540 2749 619 2802 tenet
637 2748 701 2804 brec
714 2748 786 2804 urbs
801 2749 1015 2822 proficuarum,

187 2830 332 2896 Qualibus
346 2830 454 2887 imbuti
466 2839 608 2906 reparant
623 2852 679 2892 sua
689 2837 826 2895 membra
842 2838 941 2909 saluti,

188 2920 234 2976 Sic
249 2919 451 2992 perlectorum
464 2922 591 2993 genitrix
606 2928 651 2980 est
665 2925 891 2999 discipulorum.

1064 429 1113 484 Est
1127 434 1337 486 ornamentum
1352 429 1440 486 nobis
1452 427 1542 499 hujus
1556 426 1788 491 documentum,

1065 519 1099 574 Ut
1113 518 1195 575 verni
1209 519 1298 576 tlores
1308 520 1356 576 cni
1370 522 1508 576 creseunt
1520 531 1641 589 semper
1653 515 1801 570 bonores.

1064 607 1193 664 indoctis
1208 608 1310 666 lumen
1327 625 1396 666 cum
1410 609 1474 676 fert,
1490 623 1543 664 seu
1557 605 1664 662 mentis
1681 618 1829 669 acumen,

1064 697 1280 756 Grammaticos
1292 704 1401 773 partes,
1415 713 1449 754 ac
1464 701 1586 754 cunctas
1598 692 1719 752 instruit
1733 697 1827 750 artes.

1064 789 1208 862 Tempore
1223 795 1379 859 nocturno,
1395 803 1493 862 neque
1507 786 1569 843 vult
1583 799 1700 841 cessare
1713 783 1843 851 diurno,
1868 850 1872 858 Ι

1066 876 1147 932 Dicta
1160 877 1322 950 peritorum
1335 879 1516 952 depromens
1530 873 1798 946 ortographorum.

1067 964 1161 1022 Tante
1176 967 1289 1040 pastori
1301 983 1458 1041 nunquam
1474 969 1543 1021 saint
1554 965 1663 1037 scripta
1677 960 1788 1028 labori,

1066 1056 1125 1111 Ceu
1138 1055 1208 1112 solis
1222 1055 1322 1113 lumen
1339 1056 1393 1113 sibi
1406 1057 1457 1113 sed
1473 1059 1554 1130 patet
1567 1069 1658 1110 ornae
1672 1051 1833 1116 volumen,

1067 1144 1189 1214 Ingenio
1201 1145 1351 1203 mundum
1363 1145 1475 1204 taciens
1487 1161 1612 1202 vernare
1623 1141 1803 1200 rotundum.

1067 1237 1209 1292 Strenuus
1224 1241 1252 1293 et
1262 1239 1373 1310 justus,
1389 1238 1516 1308 gemmis
1529 1235 1644 1292 virtutis
1658 1237 1799 1299 onustus,

1067 1327 1122 1382 Dat
1135 1341 1249 1398 pernox
1262 1331 1358 1396 Argus
1372 1326 1545 1384 documenti
1556 1324 1667 1382 iercula
1680 1323 1799 1392 largus.

1068 1417 1144 1471 Cura
1159 1416 1259 1472 subtili
1273 1417 1394 1490 proprio
1409 1416 1543 1488 vigilabit
1555 1415 1633 1473 ovili.

1069 1503 1178 1560 prater
1191 1506 1361 1562 mercedem
1376 1506 1444 1562 licet
1455 1507 1479 1577 ej
1485 1523 1520 1562 us
1534 1505 1634 1560 videre
1645 1502 1760 1558 sedena.

1069 1596 1190 1666 Propter
1202 1593 1333 1651 sollertes
1348 1611 1409 1652 non
1424 1611 1559 1668 unquam
1570 1593 1682 1666 spernit
1695 1591 1819 1646 inertes.

1030 1686 1051 1740 D
1069 1681 1180 1739 Firmat
1191 1684 1363 1756 prudentes,
1379 1685 1452 1741 duur
1467 1684 1588 1757 corripit
1598 1681 1782 1755 insipientes.

1071 1773 1180 1829 Omnes
1194 1775 1349 1830 communi
1362 1778 1432 1832 voto
1448 1775 1505 1831 sibi
1517 1773 1673 1846 jungimur
1685 1770 1747 1826 uni.

1070 1863 1176 1934 AEquat
1191 1863 1365 1936 Sampsonis
1379 1863 1466 1931 vires,
1481 1861 1585 1918 studiis
1599 1859 1777 1917 Salomonis.

988 1999 993 2010 .
1071 1953 1181 2023 Expers
1192 1950 1311 2006 labendi
1323 1952 1455 2024 procedit
1466 1952 1531 2021 lege
1542 1949 1680 2006 docendi.

1070 2033 1128 2090 Sed
1142 2039 1244 2092 noster
1258 2041 1352 2092 cretus
1365 2035 1418 2092 tali
1432 2036 1469 2092 de
1482 2034 1617 2109 principe
1629 2034 1724 2102 laetus,

1073 2119 1192 2190 Sollers,
1207 2119 1366 2191 insomnis,
1391 2126 1476 2176 catus
1489 2120 1570 2176 bunc
1583 2116 1776 2174 venerabitur
1789 2115 1899 2172 omnis.

1072 2211 1232 2281 Nunquam
1247 2209 1398 2282 torpescit,
1411 2211 1497 2280 cujus
1509 2207 1562 2282 qui
1570 2208 1636 2278 jure
1650 2203 1787 2278 quiescit.

1072 2296 1148 2355 Talis
1161 2297 1318 2354 mandritae
1330 2298 1457 2355 verbum
1471 2297 1527 2353 tert
1542 2295 1651 2366 garrdia
1667 2295 1746 2360 vitre,

1072 2389 1193 2461 Propter
1204 2403 1296 2460 quem
1307 2391 1409 2458 gentes
1421 2389 1479 2444 huc
1489 2387 1615 2444 diversae
1629 2384 1793 2450 venientes,

1072 2480 1136 2532 Non
1155 2475 1223 2552 plus
1245 2476 1345 2546 vicini,
1370 2493 1463 2551 quam
1484 2480 1622 2550 quaerunt
1643 2475 1725 2530 hunc
1739 2471 1899 2546 peregrini.

1072 2566 1232 2623 curritura
1247 2565 1342 2622 turbis
1355 2567 1440 2622 istius
1451 2565 1602 2622 moenibus
1618 2563 1711 2620 urbis.

1073 2657 1155 2712 llunc
1171 2654 1227 2712 sihi
1241 2655 1407 2724 ductorem,
1430 2655 1477 2712 vel
1501 2656 1633 2726 gliscunt
1656 2651 1900 2708 ammonitorem.

1071 2743 1220 2802 Nobilium
1235 2745 1334 2817 proles
1348 2746 1434 2817 cujus
1447 2762 1516 2803 cum
1532 2749 1630 2818 captet
1639 2757 1770 2806 amores,

1072 2835 1168 2891 Lectio
1184 2834 1289 2908 pupilli
1303 2851 1364 2891 non
1379 2835 1430 2892 fiet
1444 2835 1574 2892 dedecus
1588 2833 1639 2890 illi.

1072 2923 1200 2990 Quilibet
1214 2923 1341 2993 assistat,
1358 2924 1413 2981 sibi
1429 2923 1614 2998 proliciendo
1626 2921 1776 2996 patrissat.

186 3007 299 3064 Profert
313 3007 481 3065 doctrinam
494 3011 566 3083 quia
582 3012 742 3070 stultorum
753 3015 944 3073 medicinam.
1032 3037 1054 3094 G
1072 3013 1175 3071 Nullus
1190 3013 1324 3071 mortalis
1339 3015 1431 3088 pollet
1445 3015 1487 3070 sic
1503 3012 1673 3070 artificialis.

187 3097 243 3152 Per
258 3096 415 3170 proprium
428 3113 541 3156 nomen
553 3106 699 3159 monstrat
712 3102 855 3162 divinitus
870 3122 969 3164 omen.

185 3185 277 3242 Posse
292 3201 381 3242 suum
395 3184 525 3244 fructum
538 3189 601 3247 vitii
614 3190 762 3264 depellere
774 3192 899 3260 luctum,

187 3273 324 3332 Germine
335 3274 472 3332 radicum
487 3279 570 3350 quod
581 3279 637 3338 fert
648 3280 733 3338 vicus
744 3281 910 3352 inimicum,

186 3364 252 3419 vim
262 3364 377 3437 pellens
391 3365 499 3437 morbi,
511 3367 586 3425 dum
601 3376 709 3426 cuncto
721 3371 838 3443 prolicit
848 3372 923 3429 orbi.

189 3452 333 3508 sordibus
349 3453 444 3510 inflati
457 3473 527 3512 eum
542 3458 664 3515 stultitia
678 3460 809 3528 cruciati,

188 3545 285 3594 instar
298 3540 421 3612 leprosi,
437 3558 490 3598 seu
505 3545 556 3616 qui
569 3545 682 3616 degunt
696 3548 800 3617 vitiosi,

188 3629 250 3681 Huc
265 3625 465 3697 adducantur,
476 3631 622 3703 quoniam
637 3634 744 3692 melius
757 3643 940 3695 renovantur

190 3712 372 3786 Doctiloquis
408 3716 518 3784 verbis,
546 3734 639 3790 quam
675 3723 814 3780 membra
847 3725 1020 3784 salubribus

896 3816 1018 3888 [herbis.

191 3891 324 3950 Summis
339 3892 467 3950 archivis
482 3895 588 3968 epulas
603 3899 758 3971 acquirere
773 3903 865 3960 silvis.

189 3980 247 4034 Nec
261 3977 467 4051 nonperfectae
478 3981 603 4038 scrutari
613 3981 1019 4063 dindinatdindymalsectae.

190 4061 315 4130 Wangia
328 4078 382 4118 cur
393 4062 513 4134 largues
529 4067 653 4124 stolidas
669 4072 818 4129 servando
832 4073 1022 4146 phalanges?

191 4151 313 4205 Nostros
332 4157 498 4209 conventus
514 4155 604 4213 adeat
617 4161 668 4215 tua
679 4160 767 4218 stulta
780 4162 931 4232 iuventus.

192 4237 290 4301 Quam
305 4237 364 4292 sint
385 4238 523 4298 limantes
547 4260 655 4302 aurum
675 4248 754 4305 velut
778 4250 848 4321 igue
860 4252 1022 4326 probantes

191 4323 288 4380 Nostri
302 4326 423 4382 rectoris
436 4344 551 4387 normae
566 4349 627 4389 non
639 4336 705 4393 vilis
719 4338 853 4413 honoris,

192 4411 331 4469 Ecclesiae
340 4430 493 4473 summam
500 4434 592 4491 quem
600 4424 751 4482 cernimus
761 4443 827 4485 esse
836 4429 1019 4488 columnam.

192 4500 238 4558 Ad
252 4517 343 4575 quem
364 4503 509 4575 procedit,
531 4507 704 4585 quicunque
724 4514 861 4574 docendo
882 4518 1021 4592 placebit.

193 4591 332 4665 Princeps
346 4593 521 4669 primatum,
537 4598 589 4670 qui
600 4600 707 4672 pandit
719 4602 822 4662 abdita
836 4611 950 4676 vatum,

194 4680 294 4739 Mundi
312 4686 489 4741 cunctorum
512 4689 697 4747 transcendit
720 4691 839 4750 culmen
861 4695 1022 4754 honorum.

194 4774 268 4828 Nam
284 4773 396 4830 meritis
411 4774 527 4833 nullum
541 4777 668 4836 similem
687 4780 743 4840 tert
756 4784 889 4841 mundus
905 4786 1024 4844 homul-

938 4875 1023 4948 [lum.

173 4971 178 4980 ·
195 4954 259 5024 lpse
274 4956 433 5024 poetarum
446 4953 539 5027 fulget
553 4957 645 5015 decus
657 4963 899 5033 omnigenarum.

195 5041 323 5113 Imperio
337 5043 442 5100 Christi
453 5045 641 5105 moderando
654 5057 771 5124 sceptra
783 5055 927 5126 magistri.

194 5133 302 5187 Proeter
316 5131 474 5206 Scripturee
485 5135 620 5194 studium
632 5139 705 5196 nihil
721 5147 764 5200 est
780 5143 837 5200 sibi
852 5161 940 5214 curre,

196 5219 295 5277 Cultor
305 5221 418 5278 virtutis
432 5230 544 5295 manet,
560 5231 736 5302 aeternaeque
749 5233 863 5292 salutis.

194 5307 260 5362 Vim
273 5308 362 5365 talem
377 5313 485 5370 mentis
500 5315 584 5373 dono
596 5323 675 5376 tenet
689 5321 917 5395 omnipotentis,

37 5441 47 5454 ,
122 5481 124 5486 Ι
195 5397 341 5456 Doctrinae
355 5401 834 5481 rivustluitejuspectorevivus.

231 5574 258 5645 (l
285 5580 392 5636 Extant
415 5581 446 5637 in
460 5582 518 5640 eod
532 5585 599 5643 cod.

233 5649 259 5712 (5
285 5650 325 5704 Ex
340 5651 407 5708 cod.
421 5655 614 5730 Proumundi,
627 5659 680 5716 etsi
703 5659 744 5718 ob
758 5677 878 5734 manus,
894 5679 963 5737 quae
976 5669 1022 5724 tas

1074 3101 1151 3158 Desit
1162 3103 1306 3176 perdocto
1320 3103 1368 3160 cui
1382 3103 1423 3158 nil
1436 3102 1592 3159 virtutibus
1607 3106 1686 3158 octo.

1073 3193 1123 3250 llis
1137 3191 1321 3249 ornamentis
1335 3191 1455 3249 humilis
1469 3197 1527 3248 stat
1542 3191 1636 3262 gloria
1651 3190 1768 3246 mentis.

1074 3283 1155 3339 Vivat
1168 3281 1217 3339 hic
1231 3281 1392 3350 indemnis,
1406 3299 1476 3339 curn
1491 3296 1556 3338 eom
1562 3277 1703 3338 moditate
1717 3275 1857 3352 perennis

1072 3371 1219 3428 Virtutum
1234 3371 1340 3443 plenus
1352 3370 1396 3437 sit,
1413 3370 1610 3444 prosperitate
1625 3383 1753 3425 serenus.

1073 3459 1117 3516 Nil
1129 3464 1305 3517 eventorum
1320 3459 1367 3516 cui
1379 3459 1462 3533 quod
1477 3463 1598 3516 maneat
1610 3456 1779 3514 nocituram.

1073 3549 1215 3607 Tristibus
1230 3553 1347 3618 exutus,
1360 3549 1495 3605 laetemur
1513 3553 1541 3605 et
1557 3547 1679 3618 undique
1694 3547 1780 3598 tutus.

1074 3638 1188 3697 Gaudia
1198 3640 1313 3696 veracis
1328 3639 1383 3694 sibi
1399 3639 1457 3695 sint
1472 3638 1660 3695 celeberrima
1672 3633 1762 3709 pacis.

1073 3731 1126 3784 Per
1139 3743 1275 3785 summas
1290 3743 1389 3784 mesas
1402 3729 1469 3784 vitre
1484 3744 1539 3785 sua
1553 3727 1678 3800 prodeat
1688 3728 1768 3794 aetas,

1073 3818 1169 3891 Atque
1183 3817 1339 3873 senectutis
1352 3818 1409 3874 sint
1421 3822 1558 3891 tempora
1569 3817 1651 3873 dona
1665 3812 1774 3875 salutis,

1074 3906 1193 3963 Virtutis
1205 3906 1288 3962 mirae
1299 3906 1430 3964 coelestia
1441 3906 1551 3978 dignus
1562 3905 1637 3962 inire

1075 3995 1324 4052 Visitetaeternam
1339 3995 1438 4052 lucem
1453 3996 1647 4069 requievitque
1663 4007 1837 4066 supernam.

1075 4083 1175 4142 Mundi
1188 4084 1323 4141 Salvator
1336 4084 1381 4140 sui
1395 4084 1461 4141 coeli
1481 4101 1550 4140 cam
1565 4082 1747 4140 dominator.

1075 4172 1222 4231 Omnibus
1237 4172 1266 4229 in
1281 4174 1374 4246 portis
1383 4178 1504 4247 rumpet
1512 4171 1676 4231 retinacula
1690 4168 1806 4234 mortis,

1076 4269 1116 4318 Ac
1131 4277 1185 4334 per
1194 4261 1327 4319 divinam
1342 4279 1447 4320 vocem
1461 4263 1568 4336 spoliat
1584 4261 1741 4318 Libitinam

1077 4356 1150 4409 Ante
1165 4367 1254 4408 suam
1270 4351 1372 4409 sedem
1386 4353 1536 4410 mandans
1550 4351 1711 4426 procedere
1722 4347 1854 4424 plebem.

1077 4442 1132 4496 Pro
1148 4439 1260 4496 meritis
1271 4440 1338 4498 viloe
1353 4445 1424 4497 tune
1436 4441 1577 4499 doctrinis
1589 4441 1737 4498 decoratae

1077 4530 1127 4586 llic
1140 4547 1194 4586 ceu
1209 4529 1296 4598 lucet,
1311 4547 1364 4587 seu
1379 4547 1482 4588 secum
1496 4531 1607 4601 gaudia
1621 4521 1711 4586 ducet

1078 4619 1245 4694 Discipulos
1260 4625 1394 4690 cunctos,
1408 4622 1474 4694 ejus
1491 4621 1696 4678 moderamine
1712 4619 1844 4682 iunctos,

1079 4709 1227 4767 Pontificio
1242 4710 1364 4782 summi,
1379 4727 1471 4785 quem
1486 4714 1557 4768 tunc
1571 4715 1722 4767 sectantur
1737 4707 1866 4766 alunuri.

1079 4802 1133 4856 Pro
1145 4799 1213 4873 quis
1224 4799 1345 4856 lucessit
1357 4800 1447 4858 stellis
1459 4817 1515 4875 par
1527 4817 1562 4857 ac
1577 4799 1745 4874 requiescit.

1078 4887 1198 4945 talibus
1214 4887 1383 4959 augmentis
1398 4891 1534 4974 gaudens
1547 4889 1584 4945 de
1597 4890 1732 4962 quinque
1745 4887 1868 4944 talentis

1070 4981 1162 5046 ¹Nunc
1177 4977 1394 5034 commendatis
1416 4977 1472 5033 sibi
1497 4982 1566 5035 tunc
1595 4977 1783 5050 Dominoque
1799 4976 1911 5037 relatis.

1080 5069 1102 5122 D
1118 5080 1193 5139 puer
1202 5065 1328 5136 insignis
1344 5082 1400 5123 nos
1415 5067 1581 5124 ascendens
1594 5067 1672 5124 velut
1690 5067 1781 5136 ignis,

1080 5154 1135 5220 Qui
1149 5153 1281 5228 primum
1296 5153 1372 5211 fictis
1384 5155 1465 5212 hunc
1478 5156 1575 5212 rosisti
1587 5155 1752 5212 maledictis

1079 5246 1117 5300 Pe
1130 5259 1160 5299 se
1174 5242 1329 5301 doctorem
1343 5244 1521 5302 blaterando
1533 5251 1632 5304 tenere
1650 5245 1782 5320 priorem

1081 5335 1139 5388 Hoc
1153 5349 1222 5389 cum
1235 5331 1346 5408 dixisti,
1360 5335 1544 5408 permultum
1557 5334 1722 5408 desipuisti,

1081 5422 1204 5477 Doctum
1219 5421 1371 5479 Platonem
1383 5423 1526 5496 ponendo
1540 5424 1606 5498 posi
1619 5421 1802 5480 Labeonem.

1079 5613 1149 5655 men
1172 5599 1351 5674 perantiqua
1384 5567 1438 5672 est,
1460 5601 1672 5668 diversitatem,
1695 5617 1759 5658 non
1783 5599 1909 5657 omnino

1079 5674 1193 5727 ceruam
1208 5671 1255 5739 sit,
1271 5671 1319 5728 cui
1331 5670 1388 5729 hoc
1398 5687 1508 5746 poema
1520 5672 1727 5731 tribuendum.
