3996 6178
115 113 182 180 rant
551 137 553 142 ,
887 101 982 170 titt·
1015 187 1016 192 Ν
1760 115 1829 204 tarr

114 243 299 313 transcurrit,
315 245 345 300 et
357 240 847 314 magnammultitudinemterre
860 233 983 295 novi-A
1000 249 1071 292 voro
1086 235 1254 320 credonem
1266 240 1306 298 ad
1329 237 1454 300 beatum
1477 239 1689 302 Godobardum
1710 243 1827 306 direxit.

114 339 161 392 ter
174 333 325 392 corruisse
340 331 508 406 conspexit.
525 332 591 399 ouo
604 331 682 402 viso,
712 325 864 403 adjunctis
892 320 950 383 sibi
1000 325 1123 383 Factum
1137 319 1269 402 est'argo
1282 333 1315 387 ut
1327 328 1480 402 magister,
1492 329 1545 405 qui
1564 335 1669 390 natare
1693 339 1826 406 noverat,

117 423 268 500 plurimis,
284 425 394 480 terram
410 437 480 478 curn
492 435 605 493 magna
621 420 811 478 testinatione
833 417 949 485 retexit,
1000 414 1155 474 confidens
1164 417 1196 476 in
1208 418 1313 495 populi
1324 419 1475 493 adjutorio
1489 420 1740 494 submergeretur,
1753 441 1828 500 puer

111 519 287 588 etpnerum
299 510 417 569 nullum
432 509 577 568 indicium
593 510 661 570 viter
675 510 839 569 habentem
865 509 949 566 inve·
999 512 1186 566 remnanre
1207 509 1355 581 nesciens,
1370 509 1710 585 persuffiagiambeati
1733 515 1828 573 Gode·

113 603 166 661 nit.
181 601 229 660 liis
243 602 286 660 ita
295 601 395 673 gestis,
407 601 480 675 qaia
490 615 609 672 magna
624 598 836 658 misericordie
850 602 949 673 patro·
999 593 1087 652 bardi
1097 594 1283 660 liberaretur.

115 694 335 749 numnostrnm
343 690 467 748 beatum
478 688 691 748 Godebardum
702 688 793 746 luisse
801 687 946 756 audierat,
1034 689 1079 743 39.
1094 689 1175 746 lunc
1188 691 1331 766 temporis
1345 692 1426 751 venit
1438 708 1562 768 quoque
1587 693 1730 769 quaedam
1755 708 1830 769 pau·

115 781 196 838 illico
210 796 315 856 preces
328 778 539 837 devotissimas
554 778 595 836 ad
613 779 716 853 ipsum
743 777 853 850 dirigit,
875 776 949 849 adji-
997 774 1120 848 percula
1134 777 1165 834 ia
1177 778 1326 839 civitatem
1338 787 1483 852 nostram,
1495 781 1533 840 de
1547 783 1678 858 Spirensi
1692 783 1750 858 (95)
1759 784 1827 843 loco

117 871 211 941 ciens,
226 871 251 928 si
266 868 411 928 Dominus
423 884 478 943 per
491 867 599 926 merita
613 868 711 942 ipsius
731 868 824 926 vitam
852 865 950 941 pristi-
998 864 1108 935 genita,
1124 866 1239 926 ducens
1253 883 1358 929 secum
1382 871 1548 946 puellulam
1569 871 1713 932 omnibus
1735 876 1830 934 mem·

112 977 189 1018 nanr
201 959 377 1024 restitueret,
392 957 494 1032 ipsum
507 956 761 1033 ciinperpetuum
776 955 950 1015 serrumoi·
996 951 1060 1010 bris
1073 953 1271 1025 debilitatam,
1285 974 1341 1017 nec
1354 977 1480 1036 prorsus
1501 961 1639 1022 incedere
1663 962 1825 1025 valentem.

114 1049 212 1106 terret.
228 1049 294 1115 Quo
308 1047 398 1118 iacto,
413 1061 490 1120 puer
499 1045 567 1104 vitae
581 1045 712 1120 pristina
726 1043 897 1114 restituitur,
910 1061 947 1102 ac
998 1043 1070 1110 (lue
1082 1043 1156 1102 dum
1171 1045 1433 1108 circiter-mensem
1448 1049 1606 1110 incivitate
1633 1058 1735 1111 nostra
1761 1069 1827 1112 mc·

7 1131 11 1138 ’
113 1139 242 1198 domum
256 1137 347 1196 simul
361 1151 431 1194 cum
443 1140 529 1211 patre
540 1135 717 1210 regreditur.
733 1139 816 1193 lianc
841 1139 947 1210 postea
997 1147 1063 1190 ram
1076 1132 1196 1205 taceret,
1210 1151 1265 1194 nec
1277 1135 1373 1196 ullam
1388 1140 1514 1211 gratiam
1527 1139 1558 1197 ia
1576 1139 1637 1198 iilia
1648 1142 1823 1216 perciperet,

112 1231 276 1302 cumpatra
288 1226 320 1284 in
329 1225 566 1284 ecclesianostra
575 1226 718 1297 vidimus,
733 1230 762 1283 et
772 1224 811 1282 ab
821 1224 947 1300 ipsopa-
996 1221 1089 1280 nisus
1102 1223 1133 1281 in
1147 1229 1258 1284 terram
1275 1242 1364 1285 suam
1378 1227 1474 1285 redire
1486 1228 1620 1298 instituit,
1631 1230 1779 1305 quiriani
1790 1249 1823 1289 se

113 1322 157 1374 tre
171 1316 214 1374 sic
227 1315 266 1374 de
277 1331 372 1390 puero
389 1314 526 1372 evenisse
540 1314 704 1373 certissime
736 1313 943 1385 cognovimus.
994 1308 1151 1383 indignam
1166 1314 1264 1372 audiri
1278 1315 1454 1374 autumavit.
1467 1316 1525 1374 Sed
1539 1333 1609 1374 cum
1623 1332 1713 1392 super
1725 1319 1824 1392 ripam

148 1409 192 1464 99.
209 1405 274 1464 Fuit
284 1420 355 1462 vero
365 1408 436 1461 tuac
461 1403 605 1478 temporis
626 1402 671 1461 vir
680 1401 807 1478 quidam
817 1402 848 1459 in
862 1401 940 1471 loco,
996 1398 1180 1474 Weserae,in
1194 1403 1262 1462 loco
1281 1404 1334 1478 qui
1361 1405 1492 1464 llundea
1520 1405 1699 1481 appellatur,
1723 1423 1825 1480 perve-

111 1495 165 1568 qui
178 1494 288 1554 ltindiu
303 1492 483 1567 appellatur,
497 1492 574 1550 adeo
586 1492 616 1550 in
635 1491 791 1566 hydropisi
804 1491 943 1550 detentus
993 1488 1097 1564 nisset,
1120 1498 1149 1550 et
1175 1493 1296 1552 asinum
1321 1499 1444 1569 pastum
1458 1495 1598 1568 misisset,
1617 1495 1772 1570 filiamque
1785 1496 1824 1553 de

110 1588 145 1640 ut
159 1583 274 1642 circiter
288 1597 404 1640 annum
413 1582 445 1638 in
459 1597 496 1640 co
509 1581 669 1652 laboraret,
686 1581 787 1654 ctiam
800 1580 874 1638 nibil
886 1581 943 1638 nisi
958 1594 1085 1654 geurru
1099 1581 1300 1656 deposuisset,
1315 1587 1412 1642 matre
1428 1589 1555 1655 semota,
1570 1585 1672 1659 puella
1689 1601 1758 1659 quae
1772 1601 1824 1643 an·

110 1677 242 1731 mortem
256 1675 398 1747 speraret.
410 1671 472 1740 llic,
488 1669 591 1729 audito
604 1670 728 1729 nomine
752 1669 833 1728 beati
848 1672 943 1728 Gode-
994 1673 1042 1728 tea
1052 1670 1149 1729 tuerat
1163 1671 1282 1738 debilis,
1296 1672 1396 1732 subito
1411 1674 1556 1744 reerexit,
1574 1679 1603 1734 et
1616 1675 1647 1733 in
1671 1675 1735 1732 hac
1759 1691 1824 1733 ver-

110 1761 209 1832 bardi,
225 1762 257 1819 in
267 1761 452 1834 adiutorium
467 1777 530 1818 sure
542 1760 725 1820 infirmitatis
740 1776 810 1818 eam
832 1761 945 1836 suppli·
992 1759 1034 1816 ba
1048 1761 1194 1835 prorupit.
1211 1762 1368 1822 Clamabat
1382 1763 1464 1822 enim
1478 1779 1510 1822 se
1523 1763 1652 1835 gratiam
1677 1763 1758 1822 beati
1769 1767 1823 1823 Go-

109 1851 184 1908 citer
197 1849 368 1918 invocabat,
380 1853 410 1908 ct
421 1854 454 1908 ut
464 1849 520 1908 sibi
534 1850 564 1908 in
578 1850 752 1910 necessitate
766 1850 863 1924 posito
874 1850 943 1908 sub·
992 1847 1120 1905 debardi
1134 1849 1252 1907 realiter
1266 1851 1428 1925 percipere,
1445 1857 1474 1910 ct
1485 1851 1571 1910 illum
1585 1869 1688 1910 secum
1701 1851 1743 1909 ibi
1757 1869 1823 1911 ma·

111 1939 226 1998 reniret
239 1938 391 1997 humiliter
408 1938 564 1997 exorabat.
581 1941 758 1996 Factumest
784 1954 857 2012 ergo
879 1954 942 1997 non
991 1952 1072 1995 nere.
1100 1939 1165 2005 Quo
1178 1938 1269 2007 dioto,
1282 1938 1532 1998 omniamembra
1545 1939 1636 2012 illius,
1655 1956 1722 2015 qaae
1732 1945 1821 1999 antea

101 2027 208 2085 multo
219 2032 291 2102 post
304 2031 338 2084 ut
355 2027 482 2101 quidam
492 2043 585 2102 quem
613 2043 668 2084 acc
698 2031 787 2087 antea
814 2027 940 2098 viderat,
990 2025 1110 2084 inerant
1123 2026 1245 2099 debilia,
1260 2028 1292 2085 in
1305 2028 1475 2088 naturalem
1488 2033 1599 2089 statum
1614 2033 1685 2088 sunt
1704 2030 1821 2089 restitu-

107 2131 166 2174 nec
180 2121 286 2189 postea
297 2115 381 2184 vidit,
397 2116 437 2174 ad
450 2131 521 2174 eum
535 2116 658 2174 intraret
673 2134 681 2186 3
697 2121 736 2188 et,
763 2116 844 2176 facta
868 2117 940 2178 inci·
991 2117 1032 2183 ta,
1048 2115 1076 2173 ci
1090 2114 1157 2190 ipsa
1168 2115 1352 2189 integraliter
1364 2121 1411 2175 est
1422 2122 1537 2177 sanata.
1553 2118 1637 2176 Hane
1656 2133 1762 2178 omnes
1789 2119 1820 2176 in

107 2204 203 2270 sione,
219 2208 334 2262 unum
348 2204 567 2263 abundantiam
577 2221 709 2280 aqueas
719 2221 756 2263 eo
767 2208 940 2266 manarela-
991 2203 1117 2263 ecclesia
1130 2211 1234 2264 nostra
1252 2211 1391 2264 sanatam
1409 2205 1552 2278 uidimus,
1580 2207 1768 2284 Dominoque
1782 2207 1820 2266 de

105 2299 187 2353 cerat
212 2298 360 2369 quantam
374 2294 426 2352 rix
438 2295 502 2354 tina
512 2295 581 2370 quis
595 2296 671 2354 terre
689 2297 846 2370 potuisset.
874 2301 940 2366 Quo
990 2292 1073 2351 dono
1085 2292 1142 2350 sibi
1156 2293 1266 2352 collato
1281 2294 1389 2353 laudes
1403 2295 1614 2369 persolvimus.

97 2383 199 2454 atarto,
216 2383 352 2442 adhibita
366 2401 440 2442 cura
458 2384 614 2457 abscessit,
630 2401 686 2443 neo
701 2385 845 2461 deinceps
855 2404 939 2446 eom·
1024 2384 1070 2438 to.
1087 2383 1152 2439 Fuit
1166 2383 1245 2441 circa
1258 2382 1441 2458 principium
1451 2383 1653 2442 translationis
1666 2383 1747 2442 beati
1766 2385 1820 2442 Go·

104 2474 218 2548 parcit.
234 2473 438 2548 ilnncpostea
451 2475 580 2549 perfecte
595 2491 704 2532 sanum
731 2475 873 2550 vidimus,
900 2483 939 2549 et,
990 2469 1116 2528 (ichardi
1126 2471 1253 2546 quidam
1269 2472 1402 2544 Sclavus,
1429 2473 1544 2531 lumine
1567 2473 1659 2545 longo
1686 2477 1820 2549 tempore

97 2579 148 2621 -eo
160 2563 314 2634 relerente,
334 2563 377 2621 sic
390 2563 470 2622 circa
483 2579 554 2622 cum
577 2564 712 2622 evenisse
734 2566 880 2625 varaciter
893 2584 941 2626 co·
990 2559 1135 2633 privatus,
1147 2561 1226 2619 inira
1240 2576 1378 2636 paganos
1393 2577 1511 2621 moram
1526 2561 1648 2620 faciens·
1674 2563 1736 2627 Hie.
1764 2577 1819 2622 ³11·

103 2652 279 2725 mutnus.
990 2649 1076 2706 diens
1087 2650 1211 2708 virtutes
1230 2667 1307 2726 quas
1321 2653 1399 2708 Deus
1412 2651 1565 2710 inhonore
1580 2651 1659 2710 beati
1671 2651 1820 2711 Godcbnr-

144 2747 188 2800 37.
204 2741 288 2802 Gaea
298 2741 381 2800 idem
391 2745 521 2817 tempus,
531 2758 586 2817 per
596 2744 939 2804 beatumGodehardum
990 2737 1022 2796 di
1035 2737 1227 2813 operabatur,
1244 2755 1341 2815 usqae
1354 2740 1394 2798 ad
1405 2739 1511 2799 limina
1523 2741 1588 2813 ejus
1609 2741 1754 2814 pervenit,
1783 2755 1819 2798 ac

105 2831 226 2904 insigne
242 2831 554 2904 contigitmiraculum
564 2838 594 2892 et
602 2833 729 2907 dignum
739 2836 886 2895 memoria
896 2853 940 2894 re·
989 2828 1191 2902 patrocinium
1205 2831 1271 2904 eius
1284 2829 1435 2889 humiliter
1456 2830 1638 2906 imploravit,
1660 2830 1718 2889 Sed
1744 2829 1819 2889 dum

107 2920 278 2978 unandrun.
294 2924 369 2979 liam
383 2920 511 2995 quidam
538 2922 762 2996 peregrinantes
784 2924 822 2982 de
848 2925 969 3014 ituriaC
989 2935 1166 2978 communes
1177 2936 1234 2995 pro
1246 2937 1292 2991 eo,
1309 2920 1339 2978 in
1367 2913 1494 2980 ccclesia
1515 2925 1618 2979 nostra
1635 2920 1741 2979 fierent
1754 2935 1821 2979 ora·

104 3009 162 3082 (99)
178 3009 217 3066 ed
230 3009 432 3083 patrocinium
446 3009 524 3069 boati
536 3011 708 3070 Godebardi
722 3013 936 3084 adventabant,
989 3007 1096 3078 tiones,
1110 3009 1182 3083 quia
1195 3009 1313 3082 noviter
1324 3009 1426 3069 relicto
1454 3027 1553 3069 errore
1575 3009 1746 3088 gentilitatis
1766 3025 1819 3070 re-

107 3098 181 3155 etin
199 3098 248 3156 die
263 3097 434 3157 Palmarum
445 3098 601 3174 quoddam
608 3100 762 3159 desertum
774 3103 935 3162 iubebant.
988 3099 1123 3156 neratarl
1141 3104 1365 3157 sacramentum
1390 3099 1591 3174 baptismatis,
1618 3103 1732 3158 tactum
1763 3105 1819 3168 est,

107 3185 177 3254 Sed,
191 3187 358 3246 Christiano
372 3203 467 3258 more,
483 3186 554 3246 c'um
563 3189 701 3248 divinum
712 3191 846 3252 officiam
859 3194 936 3254 nite—
988 3187 1119 3262 peccatis
1133 3188 1243 3246 noeais
1258 3187 1459 3262 exigentibus,
1474 3194 1507 3247 nt
1521 3189 1679 3247 sanitatem
1701 3204 1764 3246 non
1776 3205 1821 3246 re-

105 3282 378 3352 center-peregere,
392 3279 517 3352 contigit
530 3283 565 3337 ut
584 3279 684 3338 subpo
707 3282 868 3342 mulgendo
885 3301 938 3359 pa.
989 3277 1110 3352 ciperet,
1140 3277 1196 3335 sed
1222 3277 1307 3336 omni
1335 3294 1388 3352 spe
1416 3278 1576 3336 destitutas
1599 3281 1669 3352 post
1695 3276 1820 3351 aliquod

106 3383 256 3440 generum
277 3368 309 3425 in
333 3383 384 3426 eos
409 3369 544 3441 irrueret,
571 3375 602 3428 et
620 3375 771 3446 quotquot
798 3378 939 3448 poteram
989 3371 1109 3442 tempus
1123 3367 1251 3426 domurn
1261 3372 1418 3426 remcaret.
1443 3367 1572 3439 configit
1597 3371 1698 3424 autem
1712 3371 1746 3424 ut
1772 3365 1820 3424 sui

104 3456 482 3516 metamaucensium
506 3461 551 3536 est
569 3475 641 3531 ergo
669 3463 702 3518 ut
720 3461 870 3532 sacerdos,
885 3463 938 3538 qui
990 3457 1183 3526 contribules,
1198 3456 1300 3515 adhuc
1315 3457 1346 3514 in
1357 3473 1413 3516 sua
1428 3456 1589 3530 gentilitate
1596 3459 1817 3531 permanentes,

106 3561 168 3604 una
182 3561 253 3604 cum
268 3545 342 3620 ipsis
355 3545 463 3616 iuuat,
483 3547 686 3618 occumberet,
703 3553 733 3606 et
745 3565 800 3624 per
824 3552 938 3624 passio·
990 3547 1043 3622 qui
1057 3563 1127 3605 eum
1136 3547 1236 3606 visum
1251 3563 1312 3605 non
1331 3563 1526 3621 recuperasse
1551 3545 1701 3616 viderunt,
1728 3544 1821 3604 conti-

107 3649 179 3693 nem
192 3633 233 3692 ad
247 3634 410 3692 Dominum
425 3635 568 3707 migraret
579 3653 586 3706 ;
598 3636 728 3695 aliirero
755 3638 890 3708 videntes
904 3657 936 3699 se
989 3653 1051 3696 nuo
1065 3637 1096 3695 in
1115 3637 1313 3712 opprobrium
1328 3642 1357 3694 et
1382 3635 1564 3696 derisionem
1592 3652 1662 3696 eum
1689 3633 1821 3694 deduxe-

100 3736 170 3781 runa
181 3723 322 3796 interimi,
336 3723 404 3783 licet
414 3725 544 3782 inermes
554 3725 689 3784 resistere
704 3727 747 3784 eis
766 3730 934 3802 parabant3
987 3733 1069 3800 runt,
1085 3727 1196 3786 seilicet
1209 3727 1293 3804 quod
1305 3729 1399 3785 ileum
1428 3743 1519 3786 suum
1544 3725 1763 3800 dereliquisset,
1790 3729 1820 3783 ct

107 3812 161 3870 sed
174 3813 299 3888 propius
327 3813 543 3890 protectionem
558 3814 639 3873 beati
652 3816 822 3876 Godebardi
848 3819 936 3878 devo·
989 3817 1021 3874 in
1032 3817 1091 3874 aiio
1105 3815 1222 3874 nubam
1236 3817 1364 3874 salutem
1374 3817 1546 3874 inuenisset.
1557 3819 1624 3874 llaec
1634 3820 1664 3873 et
1676 3815 1723 3878 bis
1735 3813 1818 3870 simi-

107 3901 220 3960 tissime
231 3901 448 3976 implorabant.
465 3906 530 3971 Quo
541 3903 620 3963 tacto
631 3905 700 3963 licet
713 3904 814 3980 plures
835 3911 864 3964 et
891 3923 937 3964 ar·
987 3907 1029 3965 lia
1040 3906 1097 3963 illis
1108 3906 1372 3981 exprobrantibus,
1386 3905 1590 3963 luctamentut
1602 3903 1763 3976 prredictas
1773 3905 1819 3964 vir

105 3991 179 4049 mati
192 3995 297 4050 contra
310 3991 441 4050 inermes
456 3993 722 4066 congrederentur,
751 3998 864 4066 tamen,
879 3998 937 4053 llo·
988 3994 1105 4070 pudore
1120 3994 1366 4062 contunderetur,
1385 3996 1553 4049 etmortem
1572 3991 1630 4048 sibi
1640 3989 1748 4056 inferre
1775 3989 1819 4048 ai·

106 4080 190 4139 mino
204 4081 338 4152 iaciente,
349 4083 463 4156 pagani
475 4099 507 4141 se
536 4083 567 4141 in
586 4083 692 4156 lugam
719 4088 881 4158 verterunt,
910 4089 939 4143 et
988 4088 1107 4142 teretur.
1123 4082 1192 4153 Sed,
1207 4099 1226 4140 o
1242 4083 1342 4141 virum
1369 4081 1453 4139 omni
1477 4079 1567 4138 laude
1594 4077 1818 4152 dignissimum,

106 4185 192 4228 arma
203 4171 319 4244 passim
332 4187 351 4229 a
372 4188 404 4228 se
428 4173 605 4244 rejecerunt.
631 4174 688 4248 ipsi
716 4190 788 4232 voro
811 4175 869 4232 boc
897 4175 939 4233 vi·
987 4173 1040 4249 qui
1053 4177 1082 4230 et
1094 4168 1189 4231 vitam
1202 4171 1399 4246 temporalem
1413 4170 1441 4228 ei
1454 4169 1650 4241 conservarit,
1663 4174 1692 4228 et
1706 4184 1726 4228 a
1740 4185 1818 4229 mor·

106 4257 211 4316 dentes
225 4258 344 4316 baculis
354 4259 466 4335 quibus
481 4264 606 4320 utuntur
628 4262 789 4336 peregrini,
807 4263 876 4322 illos
899 4263 939 4322 ie·
988 4268 1017 4321 te
1031 4266 1222 4320 aeternarum
1237 4260 1393 4318 liberavit!
1409 4263 1495 4326 Nam,
1510 4259 1585 4318 dum
1599 4259 1740 4318 adbucin
1760 4261 1818 4319 bac

108 4348 239 4420 riebant,
255 4352 284 4407 et
296 4350 411 4409 circiter
425 4367 477 4409 sex
488 4352 577 4410 morti
588 4351 782 4424 tradiderunt,
799 4353 939 4412 victores·
988 4352 1152 4411 intentione
1171 4354 1373 4425 permaneret,
1397 4354 1431 4407 ut
1452 4353 1581 4408 mortem
1607 4348 1664 4406 sibi
1685 4349 1816 4419 interret,

105 4455 166 4512 que
176 4438 283 4511 effecti,
298 4455 385 4500 mma
397 4457 466 4515 quaa
479 4457 539 4500 asc
559 4442 690 4500 latrones
710 4443 875 4515 rejecerant
902 4461 938 4506 ac
988 4457 1042 4518 per
1056 4441 1163 4500 merita
1175 4440 1255 4498 beati
1270 4439 1441 4498 Godebardi
1455 4443 1502 4498 cst
1514 4439 1701 4498 illuminatus
1715 4457 1723 4509 ;
1738 4439 1774 4497 iis
1799 4454 1818 4496 a

105 4530 261 4601 ceperunt,
291 4531 320 4585 et
340 4531 403 4586 tam
427 4532 549 4588 sentum
576 4545 670 4605 quarn
698 4531 834 4603 gladium
858 4531 939 4590 insi·
988 4529 1100 4606 quibus
1114 4528 1198 4604 prius
1214 4529 1434 4588 contumeliosa
1446 4532 1631 4602 susceperat,
1644 4527 1719 4584 deos
1744 4541 1816 4583 snos

106 4631 202 4687 gnum
215 4616 347 4674 victoria
360 4617 391 4674 in
401 4618 708 4678 ecclcsiamnostram
719 4621 900 4681 detulerunt.
989 4620 1098 4678 surdos
1112 4623 1141 4678 et
1154 4625 1256 4678 mutos
1270 4618 1483 4695 exprobrabat,
1496 4621 1526 4674 et
1537 4633 1568 4674 se
1589 4630 1749 4690 nunquam
1777 4614 1816 4673 ab

104 4729 107 4736 ·
142 4709 188 4763 98.
203 4708 268 4764 Non
294 4706 389 4766 multo
411 4713 482 4784 post
505 4709 581 4783 brec,
608 4709 732 4782 contigi
757 4712 937 4786 piscatorem
990 4708 1205 4785 eisbenequid
1228 4715 1405 4784 accepturos
1426 4705 1580 4765 verissime
1607 4702 1815 4762 confirmabat.

105 4795 272 4870 quemdam
296 4813 367 4856 cunr
387 4813 482 4872 puero
517 4817 573 4858 suo
605 4803 755 4860 weseram
779 4801 838 4875 (ct)
863 4799 937 4861 velle
991 4799 1191 4874 Huncpostea
1204 4799 1236 4856 in
1251 4797 1492 4856 ecclesianostra
1506 4793 1606 4868 plures
1619 4793 1767 4864 viderant,
1789 4798 1818 4850 et

104 4885 243 4957 transire,
256 4891 285 4944 et
297 4887 384 4946 solito
396 4902 481 4946 more
493 4888 611 4948 utilitati
631 4907 692 4948 sure
716 4890 863 4950 insistere.
880 4891 938 4951 Sed
989 4906 1060 4948 eum
1075 4888 1165 4946 luisse
1177 4887 1379 4946 illuminatum
1394 4883 1546 4942 verissime
1560 4889 1774 4955 cognoverunt.

105 4991 177 5033 cum
187 4976 254 5048 jam
263 4976 325 5035 lare
337 4976 472 5036 medium
483 4993 570 5052 aqua
577 4979 764 5051 obtinuisset,
775 4985 859 5040 tanta
866 4985 939 5040 tem·
1023 4985 1068 5039 lt.
1084 4978 1214 5049 Contigit
1228 4991 1375 5034 veronen
1384 4976 1481 5034 multo
1493 4979 1562 5050 post
1585 4974 1751 5048 quemdam
1779 4971 1817 5030 de

106 5068 211 5137 pertas
224 5064 362 5124 incubuit
375 5069 409 5124 ut
419 5066 478 5124 rita
492 5063 636 5140 [salva]se
646 5069 774 5128 evadere
783 5069 936 5129 dubitarit.
988 5068 1112 5130 Paionia
1128 5067 1168 5126 ad
1183 5065 1385 5141 patrocinium
1397 5064 1479 5123 beati
1495 5061 1664 5122 Godcbardi
1677 5063 1820 5122 adventa·

107 5153 216 5212 Videas
228 5159 330 5214 autem
343 5159 468 5214 rentum
480 5155 578 5228 magis
592 5172 628 5214 ac
649 5158 747 5230 magis
770 5160 937 5234 insurgere,
987 5174 1029 5218 re.
1045 5156 1102 5216 Sed
1112 5156 1261 5234 damiam
1275 5155 1385 5213 ostium
1398 5159 1508 5212 nostrae
1522 5152 1654 5211 ecclesia
1675 5152 1818 5212 niteretur

106 5245 252 5314 magister
263 5245 385 5317 signum
397 5245 541 5318 adiutorii
557 5245 672 5320 populo
690 5247 837 5320 intonuit;
861 5265 939 5325 puer
988 5246 1120 5320 introire,
1136 5246 1237 5305 subito
1251 5262 1270 5304 a
1283 5245 1417 5318 maligno
1432 5243 1537 5320 spirita
1549 5247 1596 5312 est
1608 5247 1724 5318 raptus,
1739 5246 1768 5303 et
1776 5242 1818 5306 ad

143 5385 201 5458 (99)
217 5385 519 5462 ΒοΗαιιᾱίαοίριιΐαη)
531 5403 596 5446 esse
609 5388 772 5462 legendum
781 5392 937 5452 Prusriam
988 5407 1068 5452 mus.

99 5457 279 5539 *quqdinter
287 5459 452 5518 saxoniam
467 5465 496 5518 et
505 5461 645 5520 Russiam
660 5465 722 5520 tota
749 5461 871 5520 Poloaia
891 5465 937 5522 in·
1024 5461 1080 5536 (95)
1095 5461 1180 5538 Spira
1193 5461 1267 5519 arbs
1277 5459 1349 5519 ebur
1369 5462 1505 5518 Nemetes
1519 5460 1609 5532 dicta,
1635 5457 1817 5534 episcopalis

85 5528 281 5600 ..tenaciam
401 5586 403 5590 ,
796 5583 818 5606 ,.
938 5578 942 5586 .
989 5535 1047 5593 sub
1057 5533 1215 5616 metropoli
1240 5532 1411 5604 lloguntina
1435 5533 1467 5590 ia
1493 5532 1660 5608 palatinatu
1685 5531 1817 5598 interiori

77 5611 93 5652 .·
120 5601 199 5676 ,(94)
215 5601 358 5678 wisurgls
381 5602 491 5662 ilarius
519 5603 602 5684 apud
625 5605 790 5672 Germanos
815 5605 936 5668 notissi·
989 5606 1049 5665 sub
1062 5605 1177 5682 proprii
1190 5605 1325 5684 episcopi
1336 5604 1481 5664 dominio.
