3998 6176
200 141 251 206 32³!
715 145 743 201 S.
759 143 925 200 FULBEllTl
946 133 1185 199 GARNOTENSlS
1204 140 1368 200 episcopi.
1466 165 1468 170 ·
1856 145 1907 200 ³28

200 277 261 331 tute
273 273 287 329 t
297 271 373 330 Nulli
384 269 464 326 euim
478 266 612 324 fidelium
629 267 756 324 dubium
770 272 815 324 est
838 267 921 342 quod
946 266 1024 323 circa
1044 270 1066 324 Α
1083 279 1149 320 cem
1163 281 1233 322 cum
1248 265 1356 323 mentis
1367 264 1546 338 jubilatione
1572 255 1749 340 recipientes
1766 266 1850 324 omni
1861 282 1909 324 co

200 379 267 420 earn
284 360 382 418 omnis
396 358 564 431 frequentia
578 357 744 414 coelestium
771 359 927 430 agminum
951 355 1026 414 inri-
1082 358 1155 410 natu
1168 353 1329 425 elaborate,
1347 360 1379 413 ut
1392 357 1474 412 muta
1486 347 1623 412 hodierni
1647 354 1705 413 diei
1723 355 1907 428 jucunditas,

200 451 321 523 gilahet,
340 453 640 522 utpotequamsupra
651 462 683 502 sc
695 445 888 503 exultandam
903 445 1026 502 minime
1081 442 1154 500 dum
1167 443 1331 500 mundanis
1346 443 1490 500 excolitur
1502 447 1530 500 et
1556 445 1722 502 honoretur
1741 443 1907 518 obsequiis,

199 539 403 608 ambigebant.
421 539 443 594 0
459 536 548 592 nimis
564 553 714 610 superque
730 537 816 593 beata
831 536 919 606 Virgo
935 554 942 604 ;
957 550 1025 608 quae
1081 532 1160 590 hanc
1172 533 1294 591 interior
1307 538 1336 591 et
1350 550 1428 609 pura
1450 533 1633 591 conscientia
1654 533 1744 606 justis
1766 538 1795 591 et
1808 550 1911 591 conse

197 628 272 685 nulli
283 625 490 699 comparanda
503 628 548 680 est
565 625 681 693 merito,
696 642 752 682 nec
779 623 967 698 coaequanda
979 639 1026 680 ca·
1080 623 1241 696 quentibus
1253 629 1455 698 prosequatur
1467 624 1602 681 servitiis.
1625 627 1760 698 Namque
1782 624 1835 698 qui
1847 624 1911 698 pio

199 717 306 774 stitutis
322 714 405 771 titulo
418 716 514 772 ‘tVere
527 713 635 770 etenim
648 714 736 771 beata
746 712 797 770 illa
821 712 941 779 sectile,
956 728 1024 785 quae
1080 729 1148 769 rum
1163 718 1345 770 venerantur
1358 729 1444 772 sacre
1458 713 1574 783 merita,
1589 714 1701 788 quique
1727 713 1911 770 omnimodis

197 825 235 865 ex
249 811 369 863 sacrato
384 809 468 861 utero
483 809 510 861 te
525 805 688 862 meruerint
699 804 834 877 excipere
849 820 905 860 suo
916 803 1025 859 intem·
1079 801 1222 858 interesse
1235 807 1395 877 peroptant
1410 818 1609 877 supernorum
1635 803 1791 875 agminum
1816 803 1910 870 iestis,

99 887 103 894 ¹
197 913 280 972 pore.
298 898 375 952 Sane
390 893 611 968 siquisollicita
626 900 725 951 urente
739 899 768 950 et
788 893 922 951 studiosa
946 891 1026 949 inve
1079 890 1170 948 sicin
1196 891 1401 966 praesentibus
1422 895 1617 948 exerceantur
1636 895 1809 949 sanctorum
1822 896 1911 948 nata·

198 985 357 1056 stigatione
379 983 554 1057 perquirent
580 998 634 1039 cur
658 987 831 1039 sanctorum
858 981 1026 1046 preceden—
1078 978 1157 1050 litiis,
1174 984 1278 1037 utnon
1293 980 1570 1052 confingetilliceis
1583 980 1690 1038 abesse
1712 980 1856 1054 deinceps
1870 981 1909 1038 de

198 1075 272 1133 tium
287 1072 440 1130 memoria
461 1071 553 1142 hujus
566 1070 698 1144 praelatae
725 1070 852 1142 Virginis
876 1075 1026 1144 tempora·
1078 1085 1209 1143 quorum
1236 1069 1285 1127 hic
1312 1069 1559 1140 congratulantur
1581 1069 1750 1144 triumphis.
1776 1072 1911 1144 Quapro

197 1178 256 1219 nee
264 1157 416 1217 initiasuis
427 1157 566 1214 fidelibus
581 1157 761 1230 sequacibus
774 1157 951 1214 enucleatim
963 1174 1024 1215 non
1078 1165 1143 1232 pter
1157 1159 1296 1233 prasenti
1322 1159 1531 1230 celebratione,
1561 1159 1698 1218 omnium
1712 1160 1910 1234 prudentium

198 1251 429 1317 exornaverunt,
444 1251 478 1303 ut
490 1247 529 1303 ad
544 1247 682 1303 omnium
697 1247 832 1304 notitiam
856 1247 1023 1318 vulgarent.
1078 1248 1229 1319 virginum
1243 1249 1379 1320 reginem
1394 1249 1506 1306 sedulis
1519 1249 1670 1323 exposcite
1678 1249 1827 1323 precibus,
1839 1265 1910 1322 quae

196 1337 333 1394 novenni
346 1350 408 1391 non
423 1335 543 1406 ignaros
554 1351 606 1391 eos
621 1335 766 1392 exstitisse
780 1336 938 1406 haereseos,
956 1351 1024 1410 quer
1079 1336 1281 1412 principatum
1294 1337 1408 1394 obtinet
1430 1338 1506 1395 inter
1526 1338 1633 1395 choros
1662 1342 1834 1395 sanctarum
1852 1338 1911 1394 vir-

196 1443 251 1500 pro
261 1425 371 1496 insigni
385 1431 414 1482 et
426 1425 607 1482 admirando
618 1426 709 1498 liujus
721 1442 813 1481 sacrae
825 1425 932 1499 puellae
947 1441 1024 1499 prae-
1079 1425 1193 1496 ginum,
1210 1444 1266 1484 suo
1286 1426 1452 1485 interventu
1479 1426 1587 1485 efficiat
1601 1427 1744 1501 possibile
1758 1443 1820 1500 quo
1841 1443 1912 1482 san·

196 1517 283 1574 conio
297 1530 436 1572 exortura
451 1519 524 1584 erat,
536 1519 564 1571 et
576 1514 616 1571 ob
629 1515 672 1586 id,
688 1515 712 1570 si
727 1514 848 1589 quidex
872 1514 936 1587 ejus
957 1519 1025 1571 ortu
1079 1518 1131 1570 ctu
1146 1514 1283 1572 Ecclesiae
1298 1520 1471 1584 concentus,
1486 1532 1555 1572 oum
1573 1533 1639 1574 eam
1664 1515 1846 1589 humilique
1859 1532 1912 1574 ve-

194 1606 392 1682 protulerunt,
404 1605 505 1676 sagaci
519 1603 666 1661 industria
680 1603 842 1662 celandum
865 1605 981 1662 emulis
996 1609 1024 1662 et
1043 1615 1064 1670 Β
1077 1603 1117 1660 let
1132 1603 1315 1677 operatione,
1335 1604 1460 1678 percolit
1486 1605 1515 1660 in
1536 1605 1631 1677 terris,
1644 1605 1769 1662 demum
1792 1604 1823 1662 in
1838 1604 1911 1662 laeti-

195 1695 633 1765 infidelibusdecrevernntne
652 1694 795 1752 inveniret
815 1711 895 1752 caece
923 1711 1025 1766 gerru·
1078 1693 1118 1750 tia
1133 1693 1267 1767 perenni,
1295 1693 1332 1750 de
1350 1695 1416 1767 ejus
1444 1699 1571 1769 utraque
1598 1694 1788 1766 congaudeat
1815 1693 1910 1751 subli-

195 1787 273 1844 ditas
287 1784 472 1861 perfidorum
489 1783 752 1840 undematernum
766 1784 864 1841 sinum
887 1785 1023 1842 Ecclesia
1077 1783 1209 1840 motione
1232 1788 1262 1840 et
1286 1782 1390 1855 gloria.
1416 1788 1472 1841 ista
1512 1789 1556 1842 est
1580 1786 1662 1842 enim
1687 1783 1842 1859 praecipua
1867 1784 1909 1841 ie-

195 1875 366 1932 verberaret
379 1871 819 1946 suamultipliciiallacia.Nam
833 1877 861 1928 et
874 1871 1024 1946 hocquod
1078 1870 1244 1942 stivitas,in
1266 1887 1328 1944 qua
1356 1873 1455 1928 omnis
1482 1872 1659 1944 angelorum
1683 1871 1788 1930 militia
1809 1871 1909 1929 exsul-

194 1964 253 2021 levi
263 1967 292 2021 et
304 1962 405 2019 subtili
419 1961 572 2028 relatione,
589 1965 641 2018 aut
655 1961 789 2018 forsitam
805 1962 1023 2036 conscriptione
1077 1963 1129 2028 tat,
1154 1959 1184 2014 in
1222 1975 1284 2032 qua
1312 1961 1529 2034 prophetarum
1557 1961 1732 2036 panduntur
1756 1961 1907 2028 vehcinia,

196 2053 347 2111 demetris
374 2050 492 2108 Domini
519 2051 672 2108 nativitate
687 2054 716 2107 et
741 2050 866 2108 intentis
886 2051 1022 2124 ejusdem
1076 2048 1108 2104 in
1131 2064 1193 2121 qua
1222 2048 1311 2106 etiam
1349 2049 1505 2120 gentilium
1539 2053 1712 2108 reserentur
1738 2051 1907 2124 praenuntia

195 2140 314 2198 Domini
325 2143 532 2214 perceperunt,
545 2139 590 2208 ¹ita
606 2143 728 2195 versuta
753 2143 781 2196 et
808 2144 1022 2210 argumentosa
1077 2137 1197 2211 scripta,
1214 2137 1245 2193 in
1268 2137 1445 2210 quaeritur
1473 2139 1662 2213 sponsasine
1689 2139 1825 2215 exemplo
1845 2141 1907 2197 Deo

195 2230 312 2288 fallacia
327 2229 535 2302 deturparunt,
561 2232 593 2283 ut
606 2243 661 2284 nec
678 2245 746 2285 vera
773 2227 914 2304 deinceps
928 2245 945 2286 a
959 2231 1023 2303 qui·
1077 2227 1247 2298 conjuncta,
1262 2227 1299 2283 (le
1314 2227 1402 2300 cujus
1416 2233 1500 2286 casta
1513 2230 1647 2304 corporis
1661 2228 1786 2286 materie
1808 2227 1906 2286 oritur

193 2319 325 2376 busdam
335 2316 541 2375 ecclesiasticis
550 2317 724 2373 doctoribus
734 2317 902 2386 recitentur,
918 2335 1023 2392 quam·
1075 2315 1178 2372 lumen
1193 2315 1223 2372 in
1238 2315 1368 2372 tenebris
1383 2317 1421 2374 ad
1435 2318 1641 2376 exturbandas
1651 2323 1786 2400 veterum
1799 2316 1907 2390 piacu-

193 2408 238 2466 vis
252 2409 376 2465 minime
393 2393 597 2480 repudiantur.
1075 2403 1175 2462 lorum
1208 2403 1345 2461 nebulae.
1372 2409 1438 2463 llaec
1460 2411 1513 2478 est,
1540 2407 1677 2482 inquam,
1691 2407 1756 2464 dies
1785 2406 1817 2463 in
1843 2423 1907 2480 qua

230 2500 331 2554 Exstat
345 2512 415 2553 vero
430 2495 572 2569 quadarn
599 2512 660 2552 non
688 2495 798 2552 usitata
823 2496 937 2566 relatio,
953 2515 1021 2572 qua
1074 2491 1239 2567 prelucida
1255 2494 1349 2568 stella,
1365 2495 1427 2553 imo
1442 2495 1545 2553 lumen
1572 2495 1773 2570 inseparabile
1800 2497 1904 2569 muris,

194 2586 347 2644 clarissimi
362 2585 529 2659 interpretis
545 2585 716 2658 Hieronymi
725 2589 910 2660 praenotatur
927 2588 1022 2644 nomi·
1075 2581 1191 2638 hocest
1213 2581 1306 2654 hujus
1333 2583 1451 2656 mundi,
1477 2583 1558 2642 velut
1582 2587 1670 2656 Eous,
1697 2601 1767 2642 cum
1789 2585 1906 2642 decoris

194 2694 242 2744 ne,
255 2676 386 2733 reterens
400 2675 523 2732 beatum
536 2675 705 2733 ldattheeum
719 2679 788 2748 post
801 2676 915 2733 editum
929 2680 1023 2733 Evan-
1076 2671 1247 2728 amoenitate
1263 2688 1298 2728 ex
1315 2674 1434 2730 mortali
1449 2675 1586 2746 genitura
1600 2675 1715 2732 cuncus
1725 2676 1779 2749 qui
1791 2675 1905 2734 seiran-

194 2766 304 2838 gelium
320 2770 419 2823 ortum
434 2764 564 2837 praelatae
586 2763 712 2834 Virginis
727 2768 816 2837 atque
836 2765 1021 2824 initiamenta
1075 2761 1106 2818 di
1122 2766 1192 2817 sunt
1203 2761 1306 2818 illuxit.
1324 2765 1389 2820 llaec
1399 2768 1444 2820 est
1458 2764 1638 2822 honoranda
1649 2764 1713 2821 dies
1736 2763 1849 2830 laedae,
1873 2765 1906 2821 in

193 2855 319 2930 puerilia
339 2857 407 2911 Jesu
423 2853 538 2919 Christi,
553 2853 593 2909 ita
621 2853 756 2909 obscuris
781 2869 877 2910 manu
898 2855 1021 2928 propria
1074 2850 1230 2924 quejuxte
1243 2851 1349 2908 mundi
1363 2851 1523 2925 qualitates
1537 2859 1789 2928 preparatnrras
1814 2853 1906 2924 virgi·

194 2944 371 3014 obsignasse
381 2941 483 2998 litteris
511 2941 662 2998 Hebraicis
678 2946 711 2998 ut
737 2942 826 2998 nullis
852 2942 1019 3002 infidelium
1038 2955 1176 3028 cneum,
1190 2938 1296 2996 divinis
1306 2940 1537 2998 charismatibus
1551 2945 1584 2998 ut
1607 2941 1775 3014 margaritis
1798 2941 1906 2998 ineffa-

118 3079 120 3086 .
193 3032 267 3090 illud
278 3031 365 3088 vellet
379 3035 479 3105 patere
495 3030 654 3104 superfluis
668 3035 697 3088 et
722 3031 916 3089 mordacibus
941 3033 1019 3091 ricti-
1073 3027 1171 3085 biliter
1183 3034 1333 3097 ornatum,
1349 3030 1380 3086 iu
1395 3047 1457 3104 quo
1472 3031 1601 3105 qualitas
1617 3031 1669 3089 liei
1680 3031 1768 3088 mista
1785 3028 1904 3086 bomini

192 3124 261 3192 bus,
284 3139 353 3196 quae
379 3126 449 3179 tunc
481 3138 500 3179 a
528 3120 683 3195 prelibato
704 3121 864 3196 interprete
885 3124 1020 3182 teruntur
1074 3117 1337 3192 compaginaretur
1351 3121 1554 3194 corporaliter,
1564 3137 1627 3179 non
1647 3120 1813 3178 seeundum
1832 3133 1905 3192 pro-

192 3217 393 3288 trensportata
405 3211 587 3286 quibusdem
602 3211 712 3269 obnixe
728 3213 898 3287 petentibus
914 3215 952 3271 ad
969 3217 1019 3272 La·
1073 3208 1277 3283 patrationem,
1291 3208 1345 3265 sed
1360 3209 1529 3267 secundum
1541 3210 1665 3284 Spiritus
1687 3209 1783 3268 sancti
1797 3223 1907 3282 opera-

191 3303 260 3360 tinae
274 3302 385 3375 linguae
399 3301 545 3358 notitiam.
563 3304 596 3357 Et
609 3301 681 3374 quia
693 3301 758 3358 haec
767 3300 871 3359 relatio
882 3302 958 3360 inter
973 3320 1019 3361 sa·
1072 3297 1195 3354 tionem.
1207 3298 1289 3370 Quis,
1300 3314 1416 3373 quaeso,
1428 3315 1566 3374 unquam
1581 3304 1709 3358 autante
1723 3302 1803 3358 hene
1812 3298 1906 3370 Virgi-

191 3409 249 3450 cree
264 3393 421 3465 Scriptura
436 3405 569 3447 canones
580 3405 642 3446 non
661 3387 789 3446 habetur
815 3389 936 3462 inserta,
950 3391 1018 3449 ideo
1072 3402 1153 3456 nem,
1167 3391 1219 3444 aut
1232 3392 1301 3462 post
1313 3389 1402 3457 beno,
1417 3388 1449 3446 iu
1464 3389 1546 3447 omni
1562 3395 1708 3447 terrarum
1723 3389 1821 3464 spatio
1846 3405 1905 3446 au-

192 3480 344 3538 unanimis
357 3478 492 3536 Ecclesia
507 3482 673 3534 conventus
696 3476 728 3534 in
739 3477 892 3535 recitando
918 3486 1018 3554 aperte
1072 3475 1135 3532 dire
1150 3475 1252 3547 valuit,
1265 3481 1298 3534 ut
1323 3477 1417 3535 iactor
1444 3479 1581 3536 omnium
1608 3495 1719 3550 rerum,
1744 3494 1906 3554 possessor

192 3585 247 3627 nec
262 3569 387 3625 omnino
397 3567 486 3640 eligit,
509 3583 565 3623 nec
580 3566 611 3623 in
639 3582 701 3622 non
716 3566 888 3640 recipiendo
913 3570 1017 3643 rejicit,
1072 3564 1139 3621 eoeli
1149 3570 1177 3621 et
1188 3570 1280 3634 terrm,
1297 3569 1358 3623 Rex
1376 3583 1482 3638 regum
1496 3573 1525 3624 el
1537 3569 1682 3626 Dominus
1694 3568 1904 3642 d⁰min0rum‚

191 3674 261 3715 curn
275 3655 421 3714 nonnulle
448 3654 634 3729 reperiantur
648 3653 726 3710 dicta
737 3654 784 3710 vel
808 3655 886 3712 tacta
905 3674 972 3730 quae
986 3660 1017 3715 in
1073 3653 1121 3712 Sol
1137 3653 1268 3726 justitiae,
1283 3654 1387 3713 lumen
1400 3656 1613 3730 insuperabile,
1628 3657 1706 3715 intre
1728 3657 1857 3729 Virginis
1871 3674 1904 3715 se

189 3746 398 3822 praelataserie
413 3743 612 3819 impossibilia
638 3743 807 3817 videantur,
822 3761 890 3819 quie
916 3751 1017 3810 tamen
1071 3747 1153 3801 arcta
1181 3743 1373 3801 concluderet
1396 3748 1496 3820 septa!
1525 3749 1547 3804 0
1577 3763 1689 3820 magna
1714 3752 1744 3804 et
1771 3747 1905 3805 admira·

188 3836 358 3895 volentibus
373 3837 401 3892 et
415 3833 707 3905 amantibuslegere,
723 3850 785 3891 non
804 3833 1017 3907 denegattide-
1070 3831 1138 3888 bilis
1161 3830 1255 3906 ipsius
1284 3833 1333 3890 Dei
1363 3835 1545 3908 distributio,
1570 3836 1632 3894 imo
1671 3836 1837 3894 miseratio!
1870 3841 1904 3894 ut

187 3927 261 3984 lium
275 3924 431 3982 industria.
448 3923 538 3981 Nobis
558 3927 657 3979 autem
672 3923 851 3980 etomuihus
880 3925 1015 3984 Ecclesiae
1070 3922 1150 3978 enim
1173 3923 1392 3997 protoplastum
1408 3931 1563 4000 parentem
1578 3931 1606 3984 et
1629 3927 1855 3986 successionem
1869 3927 1905 3984 fi-

188 4015 265 4080 filiis,
287 4014 357 4070 satis
372 4028 522 4087 superque
533 4011 571 4067 sit
582 4011 658 4068 fides
673 4016 702 4068 et
714 4010 824 4069 devota
845 4013 1014 4084 credulitas,
1069 4010 1178 4068 liorum
1197 4013 1263 4084 ejus
1291 4014 1458 4088 innovaret,
1473 4033 1566 4090 quem
1580 4021 1697 4074 constat
1711 4016 1751 4074 ob
1765 4018 1824 4074 hoc
1837 4017 1903 4075 edi·

188 4120 248 4176 qua
261 4119 329 4159 vere
344 4118 411 4159 eam
424 4101 602 4158 condemur
615 4100 766 4171 Virginem
780 4107 810 4158 et
823 4102 928 4182 incrta
942 4109 971 4160 et
983 4105 1015 4161 in
1068 4104 1144 4170 tum,
1161 4105 1193 4158 ut
1206 4102 1444 4176 superbientium
1468 4105 1643 4178 angelorum
1667 4107 1821 4182 suppleret
1845 4125 1903 4166 nu-

188 4191 339 4248 omnisne
353 4189 535 4264 operatione.
553 4189 646 4260 liujus
660 4196 888 4264 nemquepater
907 4197 1014 4249 etma-
1068 4206 1187 4247 merum
1219 4194 1249 4247 et
1272 4191 1419 4262 ordinem,
1449 4210 1511 4252 non
1538 4195 1660 4269 indigne
1680 4196 1802 4270 pertulit
1820 4196 1903 4254 intra

48 4338 49 4346 ,
121 4341 124 4346 ,
187 4283 231 4336 ter
245 4279 380 4336 carnales
393 4278 482 4336 tuisse
493 4278 636 4346 teruntur,
652 4278 786 4336 ioacbim
797 4284 826 4337 et
836 4285 933 4353 Anna,
946 4297 1013 4355 quae
1030 4322 1052 4376 D
1068 4279 1195 4351 Virginis
1211 4279 1313 4337 alvum
1327 4280 1442 4339 caelitus
1457 4299 1488 4340 se
1511 4285 1674 4358 corporari,
1690 4289 1723 4342 ut
1745 4286 1903 4343 consocia-

186 4368 264 4427 beue
278 4367 333 4426 sibi
348 4368 385 4425 de
403 4367 532 4424 nominis
554 4367 796 4441 interpretatione
815 4374 1012 4444 competunt:
1068 4367 1127 4426 lem
1148 4368 1276 4427 formam
1304 4386 1367 4428 non
1391 4373 1556 4431 secundum
1583 4374 1692 4432 diune
1722 4375 1902 4434 substantiae

185 4457 321 4516 inachim
336 4456 640 4532 quippepraperotio
655 4458 778 4514 Domini
788 4457 904 4528 dicitur,
927 4465 1014 4517 Anna
1067 4458 1268 4533 quantitatem
1280 4461 1327 4517 vel
1340 4462 1527 4538 qualitatem,
1544 4463 1596 4520 sed
1608 4464 1695 4537 juxta
1718 4481 1901 4540 corporeum

185 4565 255 4606 vero
267 4549 368 4620 pratia
381 4548 437 4604 Det
455 4545 673 4619 interpretatur.
690 4550 723 4602 ln
747 4546 858 4603 horum
883 4548 1014 4606 duorum
1066 4548 1284 4606 incrementum
1298 4551 1413 4625 absque
1427 4552 1548 4609 macula
1562 4554 1676 4626 peccati
1689 4555 1745 4612 sibi
1771 4572 1900 4629 compa·

185 4637 345 4694 nominum
359 4635 601 4710 interpretatione
612 4635 685 4708 quid
699 4634 843 4705 innuitru,
854 4636 1014 4708 nisigratia
1067 4643 1149 4696 otum
1159 4653 1194 4695 eo
1205 4639 1330 4710 erigeret
1341 4641 1421 4698 unde
1436 4635 1464 4698 bt
1477 4658 1583 4699 suasor
1597 4647 1626 4700 et
1648 4643 1697 4700 ille
1726 4644 1898 4712 succubuit,

185 4743 278 4802 quam
295 4727 386 4782 simul
404 4723 504 4797 adepti
518 4722 674 4780 suntlubi
685 4738 818 4796 nemque
830 4725 1012 4798 poteritesse
1066 4725 1183 4801 perfide
1197 4727 1385 4786 fraudatione
1405 4731 1546 4807 praecepti
1574 4737 1699 4806 uterque
1711 4733 1824 4805 eiectus
1840 4739 1897 4792 est.

185 4817 291 4889 gratie,
303 4815 362 4872 nisi
373 4813 425 4876 ubi
440 4813 602 4871 tumuletur
609 4813 788 4886 praeparatio
804 4813 1013 4874 conscientia?
1066 4817 1139 4872 Ecce
1154 4815 1255 4889 itaque
1270 4819 1369 4875 cuncti
1381 4820 1433 4892 qui
1448 4820 1487 4877 ad
1514 4837 1632 4878 sacram
1654 4822 1820 4880 convenitis
1835 4823 1900 4880 Vir·

183 4911 213 4964 et
226 4907 278 4964 ubi
292 4907 394 4964 locum
405 4903 531 4962 habebit
550 4903 728 4976 praeparatio
750 4902 941 4976 operationis,
955 4903 1012 4961 nisi
1066 4905 1143 4978 ginis
1168 4905 1365 4978 nativitatem,
1394 4925 1499 4967 omnes
1538 4927 1699 4985 corporeos
1735 4911 1899 4970 vobiscum

183 4996 236 5053 ubi
249 5001 317 5054 ante
330 4995 516 5070 precesserit
528 4993 579 5050 Dei
603 4992 709 5064 largita
732 4994 827 5064 gratia
839 4994 854 5049 t
867 4993 913 5051 Sic
940 5010 1011 5066 ergo
1065 4995 1177 5053 affertis
1188 5011 1303 5064 sensus,
1319 4997 1452 5055 fortassis
1465 5004 1493 5056 et
1511 5001 1577 5072 J'am
1602 5015 1663 5057 non
1682 4999 1793 5059 desunt
1805 5002 1899 5059 vobis

184 5083 215 5140 in
228 5100 324 5142 unum
340 5085 407 5141 duae
437 5087 600 5157 compactae
629 5081 741 5153 gratiae,
765 5080 941 5156 disponente
963 5083 1011 5140 liei
1064 5083 1217 5142 interiores
1232 5086 1330 5144 cordis
1351 5087 1525 5146 intellectus.
1542 5089 1628 5147 llaud
1645 5090 1773 5148 dubium
1799 5092 1897 5163 enim,

183 5176 269 5235 nutu,
284 5171 438 5246 proferunt
447 5189 484 5230 ex
494 5189 524 5229 se
536 5171 663 5244 gratiam
684 5187 746 5228 non
760 5187 897 5246 parvam,
911 5172 1011 5246 proiu-
1065 5191 1134 5232 cum
1146 5175 1319 5249 dispertitor
1332 5193 1455 5234 suarum
1475 5179 1619 5237 virtutum
1642 5195 1898 5256 unumquemque

183 5264 281 5318 turam
293 5261 381 5318 valde
396 5263 509 5318 cunctis
523 5261 706 5319 hominibus.
1063 5267 1196 5320 vestrum
1209 5280 1264 5321 suo
1282 5264 1437 5323 donaverit
1458 5266 1550 5337 dono,
1566 5269 1618 5342 qui
1633 5268 1688 5326 scit
1713 5268 1744 5326 in
1767 5270 1898 5342 singulis

219 5353 283 5408 llaec
299 5350 404 5425 paucis
417 5350 496 5408 dicta
510 5352 547 5407 de
558 5357 730 5409 sanctorum
749 5357 907 5425 parentum
918 5353 1010 5424 digne
1063 5351 1104 5410 ita
1117 5351 1272 5420 dispertire
1286 5370 1342 5411 sua
1354 5355 1436 5412 dona
1449 5361 1478 5413 et
1502 5373 1629 5414 numera
1648 5363 1738 5433 prout
1762 5360 1898 5434 quisque

183 5439 468 5498 commemoratione
478 5441 550 5498 setis
562 5441 629 5498 sint.
646 5443 728 5498 Nunc
739 5441 779 5498 nd
796 5442 960 5499 evolvenda
974 5458 1010 5498 ea
1062 5440 1190 5512 laborat,
1207 5447 1238 5498 ut
1253 5441 1397 5501 efficietur
1408 5445 1474 5518 ejus
1498 5445 1715 5506 babitaculum.
1745 5450 1898 5522 Operatur

181 5549 247 5606 quse
258 5531 390 5590 Christus
402 5529 518 5586 dederit
531 5530 698 5587 veniamus.
712 5533 868 5605 Propterea
887 5531 1008 5587 honori·
1063 5534 1164 5588 autem
1174 5531 1242 5604 hoe,
1257 5537 1290 5589 ut
1303 5533 1345 5590 ait
1357 5535 1525 5608 Apostolus,
1546 5553 1624 5594 unus
1636 5541 1727 5611 atque
1739 5537 1896 5612 idemSpi·

179 5620 371 5681 licentissime
391 5619 503 5678 summi
526 5620 661 5677 unctoria
675 5625 704 5676 et
718 5621 861 5678 creatoris
885 5619 1006 5676 Genitri-
1062 5619 1145 5690 ritus,
1158 5620 1251 5694 quiin
1261 5623 1376 5682 cunch's
1390 5626 1557 5682 meandum
1567 5625 1732 5697 gratiarrm
1742 5627 1894 5686 rationem
