4002 6174
169 137 221 194 119
528 137 571 192 ΕΤ
589 135 762 194 hfflffll
779 131 1071 192 nontermino.
1090 133 1183 194 PARS
1201 138 1341 197 terrei
1358 139 1523 199 emulsa.
1827 149 1879 206 ΙΙ

764 281 927 344 mustea
949 277 1284 347 subactionibus.

168 419 337 484 celebravit.
353 429 387 484 lit
409 426 479 484 inde
512 444 531 484 a
563 427 717 485 nativitate
737 427 834 486 sancti
855 427 980 486 ioannis
1002 426 1141 502 baptistae
1168 431 1312 506 usquein
1333 437 1360 490 t.
1387 432 1429 490 ld.
1455 429 1631 492 Novembris
1651 450 1729 510 pene
1755 453 1878 498 ornnem

169 519 304 573 atatem
319 519 348 574 et
361 520 543 574 autumnum
559 517 677 576 siccitas
690 517 785 576 nimia
795 521 825 574 et
833 515 1072 574 terrorinmanis
1082 517 1153 588 iuit3
1168 519 1210 578 ita
1222 525 1255 578 ut
1267 519 1504 580 innumerabiles
1511 521 1612 596 trugas
1622 539 1685 582 non
1694 527 1880 600 pervenirent

169 605 209 664 ad
222 609 448 680 temporaneam
462 605 666 664 maturitatem
680 610 803 682 propter
818 605 889 664 solis
899 606 1050 677 ardorem;
1061 622 1123 680 quo
1133 623 1195 667 non
1204 609 1358 668 modicum
1368 610 1611 685 subsequebatur
1621 613 1757 685 trigua,et
1768 631 1880 688 magna

167 693 220 751 nix
244 694 360 763 cecidit,
384 710 559 768 magnaque
583 696 676 769 pestis
692 695 783 753 simul
806 701 835 754 et
860 693 1027 754 mortalitas
1052 696 1211 755 hominum
1226 702 1315 774 atque
1337 699 1546 772 jumentorum
1569 703 1678 762 evenit.
1705 705 1880 764 stocenno

169 785 305 842 Saxones
317 784 412 841 trihus
427 784 545 842 deibus
560 785 783 859 expeditionem
801 783 1029 860 paraveruntin
1042 784 1173 852 Salaros,
1188 791 1218 844 et
1231 787 1305 844 nihil
1326 788 1537 863 proiecerunt,
1553 805 1569 848 e
1583 795 1690 850 conhe
1703 792 1800 852 Soteri
1818 807 1880 852 cre·

169 872 230 930 tris
245 873 319 946 (999)
334 873 501 932 latrociniis
512 873 679 932 saccetum
697 874 881 946 9999990999.

464 1053 646 1109 musinuli
664 1051 1048 1109 wulssitllettitceltsltilt
1067 1049 1416 1114 constantinorum
1434 1061 1577 1118 085-1197.

203 1189 265 1250 9991.
282 1191 348 1250 0999
363 1185 436 1263 dux,
451 1187 531 1248 911999
547 1189 697 1250 cuonradi
707 1189 802 1258 ducis,
816 1190 897 1248 istud
908 1201 996 1248 9999-
1014 1195 1039 1248 A
1090 1193 1169 1251 9098.
1188 1188 1376 1266 swidegerus
1390 1209 1471 1271 papa
1484 1197 1558 1257 obiti
1569 1217 1576 1270 ;
1589 1199 1638 1258 cui
1650 1203 1754 1278 Puppe
1770 1200 1873 1278 episco

166 1275 253 1338 bium
265 1277 297 1338 id
311 1285 357 1338 est
372 1279 560 1352 wicenburg,
581 1279 611 1338 vl
622 1280 739 1350 invasit,
754 1276 821 1339 loca
835 1276 995 1338 distribuit.
1048 1293 1108 1358 pus
1125 1281 1283 1340 Brlssanus
1297 1285 1448 1343 successit.

203 1369 265 1428 999.
281 1367 464 1428 Botdertccr
478 1372 633 1442 99999999
646 1367 718 1427 obiti
731 1371 920 1442 9999999999
934 1369 996 1440 999-
1088 1371 1167 1427 9999.
1183 1369 1317 1428 somnus
1341 1375 1418 1430 Brun
1432 1369 1578 1432 lunensis
1596 1372 1755 1453 episcopus
1777 1377 1808 1435 19
1834 1390 1877 1436 99-

167 1472 274 1531 scopus
289 1459 461 1518 ordinater.
1050 1457 1120 1515 dem
1135 1457 1333 1532 apostolicam
1347 1459 1490 1520 elevatur.

204 1549 267 1607 989.
292 1545 468 1609 cisilharius
484 1547 581 1608 991999
606 1547 687 1618 obiit,
717 1545 765 1605 991
780 1543 996 1605 Gerricussuc·
1088 1549 1166 1603 l052.
1182 1547 1288 1618 llagna
1302 1545 1427 1605 sinodus
1449 1555 1633 1623 congregata
1647 1555 1692 1609 est
1716 1551 1747 1609 ln
1760 1553 1879 1624 hogon-

167 1635 266 1695 cessit
1049 1633 1092 1690 tia
1106 1631 1154 1690 cui
1178 1631 1235 1691 Leo
1248 1643 1330 1709 papa·
1345 1639 1374 1693 ct
1388 1633 1541 1695 1999991999
1564 1637 1730 1714 imperator
1740 1636 1881 1716 preside-

204 1727 268 1786 999.
287 1725 429 1802 synodus
443 1727 553 1802 Aequis
572 1727 650 1785 lacta
663 1737 717 1802 per
730 1721 928 1799 flamininum,
941 1723 997 1782 ao·
1050 1719 1134 1778 bant.

168 1827 269 1872 manae
283 1813 425 1873 ecclesias
440 1815 616 1890 episcopum
628 1817 712 1888 (999).
1088 1811 1167 1868 1093.
1184 1809 1317 1868 domnus
1333 1812 1422 1884 Bruti,
1437 1813 1491 1888 qui
1509 1819 1539 1872 et
1553 1812 1611 1874 999
1625 1823 1717 1892 papa,
1733 1825 1804 1876 cnm
1816 1827 1879 1876 rna·

209 1902 444 1974 9999999199991
458 1905 631 1978 imperatrix
646 1903 729 1961 obiit.
1051 1913 1112 1971 gna
1125 1909 1220 1957 mann
1234 1899 1416 1960 Francorum
1430 1905 1521 1976 atque
1536 1903 1710 1963 Latinorum
1732 1899 1879 1980 pugnavit

206 1989 285 2046 9999.
301 1987 435 2048 cemicas
449 1990 608 2050 abbaciam
630 1989 768 2061 reddidit,
791 1989 821 2048 99
836 1987 999 2062 sigebodo·
1050 1993 1154 2047 contra
1181 1987 1403 2061 ltortmannos3
1424 1995 1467 2049 set
1480 1991 1541 2049 heu
1569 1995 1647 2068 proh
1662 1987 1767 2052 dolori
1797 2003 1875 2070 9999

169 2089 241 2136 nem
260 2075 357 2151 elegit.
1051 2076 1097 2136 eui
1111 2091 1217 2136 ornnes
1230 2077 1405 2138 deciderunt
1430 2081 1607 2156 pugnando,
1633 2087 1662 2142 et
1684 2081 1748 2158 lpse
1761 2081 1811 2142 rix
1827 2091 1876 2142 hr-

207 2172 287 2226 9999.
302 2169 367 2228 Otto
376 2168 478 2228 tertius
493 2163 656 2244 imperator
669 2169 752 2240 obiit,
776 2165 825 2228 cui
845 2166 997 2227 lleinricus
1050 2161 1135 2226 bium
1151 2167 1315 2227 monitione
1331 2167 1416 2242 (214¹)
1429 2166 1571 2230 salvatus.

168 2253 321 2314 suecessit.
346 2255 496 2329 sigebodo
521 2255 617 2316 abbas
641 2257 724 2331 obiit,
744 2257 793 2317 991
818 2252 998 2315 Lnithardus
1087 2257 1478 2334 9999.099ι9991.999999
1496 2269 1597 2318 99999
1618 2253 1735 2320 obiitin
1751 2256 1875 2321 Christo.

168 2345 319 2404 successit.
1052 2341 1202 2418 sigebodo
1213 2345 1360 2420 spirensis
1373 2345 1534 2424 episeopus
1546 2346 1629 2408 obiit.

205 2433 284 2492 9999.
308 2429 482 2494 Wcttterus
497 2435 650 2508 99999999
665 2435 837 2494 ordinetur.
852 2435 997 2494 11999999·
1089 2435 1167 2491 9095.
1197 2433 1369 2507 contractio
1391 2433 1505 2510 welphi
1527 2432 1613 2496 ducis
1637 2435 1882 2500 11999991999991

168 2521 249 2579 rium
262 2522 342 2580 istud
355 2523 550 2581 combustum
563 2528 616 2581 999.
1017 2557 1038 2612 Β
1053 2523 1157 2580 contra
1176 2519 1399 2596 imperatorem.
1714 2519 1719 2526 '

206 2613 285 2668 9099.
300 2611 436 2669 09999999
451 2609 520 2686 9999
534 2607 631 2670 abbas
645 2607 729 2670 obiit.
1088 2613 1166 2669 9099.
1181 2614 1316 2670 uomens
1330 2625 1412 2687 papa
1430 2605 1636 2684 cebehardut,
1660 2609 1714 2690 qui
1729 2615 1758 2673 et
1769 2609 1878 2691 Victor,

207 2703 284 2759 9999.
302 2699 379 2759 Bran
395 2713 555 2778 episcopus
569 2701 714 2775 martyrio
730 2701 899 2758 coronator.
1052 2695 1196 2769 coslaria,
1212 2699 1303 2770 venit,
1318 2697 1422 2775 ibique
1436 2699 1590 2760 9191999999
1605 2701 1810 2762 romanoram
1823 2705 1880 2762 ini·

207 2791 285 2848 9919.
303 2787 457 2849 9999999999
472 2793 574 2849 Romae
587 2788 755 2865 appellatus
770 2794 816 2848 est
830 2801 924 2848 cesar.
1051 2791 1174 2862 perator
1187 2793 1335 2860 augustus
1350 2788 1453 2848 tertius
1466 2783 1559 2861 oblit3
1580 2789 1628 2849 991
1643 2786 1880 2850 19999199991199

207 2881 285 2937 9999.
303 2875 484 2937 Caeneadae
497 2881 646 2938 secundus
661 2893 717 2938 999
730 2877 864 2950 efficitur
882 2881 909 2935 9.
925 2873 998 2936 Idus
1052 2877 1119 2950 ejus
1145 2878 1298 2936 successit.

171 2967 254 3042 squ,
1089 2966 1882 3037 9099.1999991999999999991991999,99999999999999

207 3063 285 3118 9999.
301 3057 456 3116 9999991999
470 3058 634 3132 imperator
655 3053 738 3126 obiit,
754 3056 803 3114 cui
822 3050 999 3116 cuonradus
1053 3059 1371 3129 cepresmnsoramet
1382 3059 1595 3116 monaciscum
1607 3057 1745 3118 9919199999
1755 3061 1880 3136 acepit

170 3145 323 3206 successit.
1052 3159 1089 3203 ee
1103 3146 1322 3204 morsuum
1347 3146 1458 3204 corrice
1472 3147 1531 3204 sah
1554 3150 1654 3222 specio
1667 3149 1822 3222 ndgicnie
1834 3152 1882 3209 h·

209 3239 287 3295 9999.
305 3239 439 3296 somnus
451 3231 600 3293 Brunicho
615 3231 772 3310 presbyter
786 3235 816 3291 et
829 3231 998 3290 monachus
1053 3233 1160 3302 9999999
1173 3232 1227 3290 sed
1252 3245 1326 3290 eom
1345 3247 1438 3308 quem
1452 3234 1624 3306 tagram
1635 3237 1706 3294 91999
1718 3243 1821 3311 pomi
1832 3252 1883 3312 pe·

170 3326 253 3385 obiit.
1052 3319 1267 3388 dernrotraxit
1276 3322 1531 3396 9999999199999
1541 3337 1633 3397 quam
1648 3325 1883 3399 despexitnm

208 3417 286 3473 9099.
304 3413 479 3472 0999999999
501 3417 546 3472 999
559 3411 723 3472 oratorium
748 3407 843 3469 sancti
866 3405 943 3468 Petri
967 3409 999 3468 in
1053 3410 1128 3467 dum
1143 3410 1222 3468 male
1242 3426 1335 3468 sanus
1349 3412 1461 3484 iniecit,
1488 3411 1611 3487 insuper
1624 3419 1653 3472 ot
1666 3413 1814 3472 9199999999
1826 3418 1884 3474 ΙΙ·

170 3504 350 3576 wizenburg
374 3519 393 3563 a
416 3503 611 3576 lieginboldo,
642 3499 774 3576 spirensi
789 3495 943 3576 episcopo,
971 3503 1000 3558 ot
1053 3499 1192 3570 thildom,
1208 3500 1336 3560 coselini
1351 3501 1437 3560 ducis
1461 3501 1568 3572 9919999,
1591 3517 1650 3578 que
1666 3502 1724 3560 sibi
1737 3503 1769 3560 in
1783 3505 1884 3562 metri-

170 3593 289 3670 eclipsis
302 3593 381 3653 iacta
395 3597 440 3652 est
451 3594 483 3651 in
497 3591 650 3651 nadvitate
664 3589 880 3666 apostolorum.
1053 3589 1157 3647 monio
1178 3590 1285 3662 juncta
1298 3589 1364 3660 tuit,
1379 3591 1441 3648 ben
1453 3589 1556 3650 inioiix
1570 3591 1733 3666 parracida
1744 3595 1883 3667 peremit

208 3689 286 3743 loss.
301 3683 449 3742 Dissentio
466 3679 545 3741 iacta
558 3686 603 3741 est
614 3681 651 3739 de
667 3681 799 3739 adventu
813 3679 932 3738 nomini
945 3690 1000 3754 per
1055 3677 1166 3736 codem
1181 3693 1263 3736 anno
1277 3677 1452 3736 liutboldus
1472 3679 1715 3756 archiepiscopus
1726 3678 1810 3740 obiit.

170 3769 394 3844 willihelmum,
410 3771 672 3845 argentinensium
687 3768 873 3846 episcopum.
1091 3769 1169 3826 9959.
1184 3763 1338 3825 ileinricus
1350 3781 1453 3826 comes
1467 3763 1576 3826 iterum
1594 3761 1759 3844 penitentia
1773 3763 1882 3830 ductus

208 3863 287 3922 9099.
304 3859 482 3922 cuonradus
498 3859 663 3937 imperator
682 3857 766 3928 obiit,
782 3857 830 3916 cui
844 3853 1000 3917 lleinricus
1053 3855 1272 3914 monasterium
1284 3855 1438 3928 ingressus
1451 3860 1505 3914 est.

169 3947 421 4009 91999999999999.ι
1091 3945 1169 4000 9000.
1186 3943 1363 4002 cuonradus
1378 3944 1538 4018 episcopus
1563 3939 1709 4017 Spirensis
1723 3940 1806 4014 obiit,
1834 3940 1884 4004 cui

209 4045 288 4100 9099.
304 4037 424 4112 Ungarii
439 4055 542 4110 regem
553 4052 643 4094 suum
659 4033 847 4111 expulerunt.
1054 4029 1223 4089 Einhardus
1236 4029 1388 4089 successit.

208 4129 286 4188 9999.
304 4129 392 4188 cisilo
414 4127 589 4203 imperatrix
610 4124 693 4182 obiit.
720 4123 876 4181 solmarus
903 4117 1000 4180 abbas
1092 4123 1170 4178 1099.
1190 4115 1296 4177 09999
1320 4115 1383 4177 dux
1407 4110 1651 4178 Karendinorum
1677 4111 1759 4180 obiit.
1784 4125 1883 4196 Agnes

170 4218 256 4288 obiit,
269 4219 318 4276 oui
333 4217 484 4276 Amoldus
497 4213 650 4274 successit.
672 4209 824 4270 lleinricus
839 4222 892 4269 rex
905 4215 1001 4283 Agne-
1054 4205 1192 4268 velamen
1206 4205 1369 4267 testimonii
1383 4205 1507 4284 accepit.

170 4311 232 4364 tem
244 4305 331 4364 duxit
341 4305 488 4378 reginam.
1092 4299 1170 4354 9099.
1185 4300 1273 4354 Anno
1289 4296 1472 4355 coloniensis
1487 4292 1649 4372 episcopus
1660 4313 1762 4372 regem
1770 4292 1882 4359 lieinri·

209 4399 287 4454 9999.
309 4399 369 4453 Rex
382 4389 538 4452 9999991999
558 4408 629 4449 cum
641 4389 772 4448 exercitu
799 4385 943 4461 Ungarlos
957 4383 1001 4444 19-
1053 4402 1124 4443 cum
1139 4383 1227 4443 matri
1241 4380 1400 4460 subripuit,
1417 4401 1542 4460 seseque
1555 4383 1598 4443 illi
1612 4387 1792 4462 magistrum
1806 4403 1882 4463 pra-

170 4486 251 4544 rasit
263 4490 293 4543 et
302 4484 440 4560 pralium
455 4481 644 4540 committens
655 4475 772 4550 devicit,
784 4489 948 4552 regemque
956 4475 999 4534 eis
1054 4467 1130 4533 iecit.
1152 4469 1264 4531 Eodem
1290 4489 1505 4549 quoqueanno
1529 4473 1657 4533 liomam
1682 4475 1786 4534 directi
1811 4471 1883 4534 suni

170 4571 306 4631 restituit.
318 4575 351 4629 ln
364 4569 432 4646 ipso
446 4569 526 4627 bello
541 4565 680 4643 fuitipse,
696 4571 725 4624 et
739 4560 935 4624 cebehardus
945 4563 1000 4621 lia·
1053 4579 1141 4639 papie
1153 4563 1225 4632 duo,
1240 4563 1408 4620 Parmensis
1421 4563 1582 4637 episcopus
1594 4567 1624 4620 et
1638 4564 1788 4630 Lucensis,
1803 4555 1881 4619 inter

170 4657 367 4734 disponensis
393 4657 567 4735 episcopus,
592 4660 621 4714 et
648 4655 727 4713 Brun
748 4651 999 4724 wirzeburgensis
1052 4647 1880 4729 999999999099999199991999999999999999999999.

170 4749 342 4823 episcopus,
357 4751 385 4805 et
398 4746 497 4805 certari
509 4743 606 4803 multi.
1090 4744 1168 4801 9099.
1191 4739 1344 4798 1999999999
1357 4741 1483 4814 quartus
1496 4739 1529 4796 in
1557 4735 1641 4796 tertia
1660 4737 1734 4796 ierla
1756 4737 1881 4810 paschae

208 4839 287 4895 9099.
304 4837 390 4893 Broc
405 4837 558 4907 9999999999
573 4833 645 4890 obiit
663 4832 748 4904 (999).
1052 4825 1187 4904 gladium
1213 4828 1304 4887 cinxit
1325 4827 1510 4896 wormaciae,
1545 4823 1737 4885 lioberhardo
1762 4826 1879 4884 archie-

208 4927 287 4983 9999.
304 4919 459 4983 Helorinus
471 4935 524 4982 rex
538 4925 721 4980 conventum
735 4929 883 4991 magnum
896 4915 999 4975 ttome
1051 4917 1177 4995 piscopo
1190 4913 1363 4976 bavarensi
1372 4913 1578 4972 9999999999.

167 5011 287 5084 hahuit,
307 5011 409 5088 ibique
431 5011 565 5085 dejectus
584 5019 677 5086 papa,
700 5011 730 5065 et
743 5003 931 5078 swidegerus
946 5007 999 5064 09Ι
1090 5003 1169 5061 1999.
1194 4998 1317 5058 cometa
1332 4997 1481 5073 apparuit.
1502 4991 1681 5054 adalbertus
1711 4996 1879 5057 9999999999

167 5099 387 5178 banbergensis
401 5097 561 5179 episcopus
585 5101 617 5158 in
641 5096 711 5158 sede
726 5093 892 5174 apostolica
905 5093 997 5154 collo-
1051 5089 1323 5167 episcopus,homc
1336 5093 1480 5160 nequam,
1497 5081 1683 5142 consilarius
1696 5081 1823 5144 lleinrici
1833 5099 1879 5146 res

167 5195 264 5264 catur,
280 5210 374 5268 aquo
395 5209 449 5251 rex
473 5193 538 5266 ipse
564 5193 721 5262 augustus,
751 5191 850 5260 Agnes
874 5193 997 5259 qnoque
1052 5175 1100 5250 gis
1113 5175 1190 5235 inter
1201 5175 1283 5234 maia
1305 5187 1375 5249 ques
1393 5172 1535 5246 operatas
1549 5171 1595 5231 999
1612 5172 1710 5247 plora,
1726 5169 1876 5248 abbadas,

166 5281 343 5358 imperatrix
358 5285 428 5340 sunt
440 5273 591 5356 appellati.
1013 5257 1035 5310 ⁰
1049 5265 1262 5342 proposituras
1274 5267 1303 5321 et
1312 5275 1402 5321 omne
1411 5259 1495 5335 qnod
1506 5258 1545 5319 de
1554 5265 1727 5323 sanctourm
1734 5261 1877 5324 domibus

206 5443 281 5516 (999)
296 5441 329 5500 li.
354 5457 380 5500 c.
395 5437 416 5498 l.
442 5443 470 5499 s.
488 5439 508 5497 1.
525 5437 765 5498 mancsecunce
789 5437 822 5492 99
838 5436 995 5492 19999999.
1087 5429 1148 5644 {tlt
1174 5425 1451 5483 wlinemarus.

1096 5501 1150 5557 tls
1172 5497 1306 5566 919999,
1320 5509 1429 5554 coeco

166 5517 321 5575 mg
344 5511 548 5572 moolers.
572 5523 667 5567 m
687 5519 817 5578 PM?
841 5519 908 5578 Ψ,
928 5516 1000 5576 '⁰⁸
1097 5569 1223 5643 9949199
1234 5573 1277 5626 991
1289 5566 1465 5626 munitione.

168 5592 338 5664 sequuntur
349 5585 474 5644 99999999
487 5581 626 5641 monibus
640 5579 755 5648 9991919
768 5581 849 5635 runt.
