3996 6186
211 146 267 200 etr
700 138 854 196 eubolus
873 133 1001 194 necent
1026 135 1055 189 S.
1075 132 1228 194 Quturtut
1247 135 1440 193 vittottnttu.
1867 138 1918 192 ota

211 265 430 323 descenderunt
450 263 575 337 quidam
602 262 639 318 de
663 265 774 331 monte,
790 266 818 319 et
838 277 892 335 per
912 257 1038 316 tentoria
1053 261 1077 314 Α
1091 257 1184 314 armis
1203 257 1346 326 fervidus,
1365 257 1490 315 consilio
1513 257 1669 330 providus,
1692 259 1815 330 aspectu
1835 256 1920 314 deco-

210 354 289 411 clam
301 355 487 410 transeuntes
501 351 637 425 ultraque
652 352 813 419 venientes,
829 353 984 424 coeperunt
996 346 1039 403 fo
1092 361 1154 415 rus,
1182 354 1288 404 contro
1310 363 1377 404 suos
1401 353 1584 417 mansuetus,
1605 345 1655 412 eui
1676 345 1822 420 promittit
1842 345 1919 402 lidus

209 442 343 498 rinsecus
365 440 445 498 tubis
460 441 609 511 clangere,
627 446 829 514 terroremque
849 438 1038 512 repentinum
1093 435 1218 502 amicus,
1246 435 1292 492 oui
1323 435 1499 492 adversatur
1523 439 1608 492 atrox
1634 433 1792 498 inimicus:
1822 435 1919 504 sagaci

210 531 252 588 eis
265 530 407 586 incutere.
418 529 518 587 Caeteri
534 546 605 586 vero
618 547 689 587 cum
702 545 814 601 magno
827 527 967 595 tumultu,
976 541 1039 582 ma·
1092 529 1191 581 mente
1205 525 1348 606 vasallus,
1362 530 1504 583 constans
1518 530 1546 583 et
1561 525 1636 582 lenis
1651 529 1683 582 ut
1694 541 1742 582 res
1754 524 1920 598 expostulat

210 635 330 693 guoque
354 625 507 676 scutorum
526 619 644 690 fragore
668 619 819 676 elabentes
843 617 983 674 velociter
1001 614 1038 671 de
1091 614 1122 671 in
1137 615 1290 680 omnibus,
1306 631 1444 672 sermone
1469 616 1640 684 instructus,
1657 614 1761 672 docilis
1776 615 1807 671 in
1821 613 1918 680 rebus,

210 713 322 776 monta,
347 708 521 765 invaserunt
547 709 731 765 Richardum
757 707 888 765 tentoriis
914 720 1038 778 sopore·
1093 703 1208 760 actibus
1227 705 1402 773 benevolus,
1418 705 1536 779 eloquio
1550 705 1704 773 honestus,
1719 705 1826 762 virtute
1850 703 1919 759 virili

210 803 284 856 tum.
311 799 417 870 Sicque
442 798 577 855 ferociter
601 797 780 871 prreliantes,
795 803 825 854 et
838 813 891 871 per
906 793 1039 851 medium
1092 793 1232 866 repletus,
1249 794 1370 850 humilis
1393 793 1679 864 conversationibus,
1702 793 1856 866 rebusque
1880 777 1918 848 ἰὰ

210 888 373 945 exercitum
389 891 616 956 transmeantes,
630 887 710 944 viam
731 904 826 961 quam
846 885 932 943 Rollo
946 882 1040 942 tenuit
1091 882 1232 940 rensibus
1247 883 1509 955 prudentissimus,
1524 884 1554 940 in
1576 883 1690 955 judicio
1701 883 1813 955 justus,
1829 882 1861 938 in
1882 900 1919 939 se-

211 975 306 1034 citatis
332 975 486 1046 gressibus
513 974 630 1032 liberati
658 980 805 1049 pergunt;
834 978 923 1048 atque
948 987 1039 1045 super
1092 971 1179 1028 cretis
1198 972 1429 1040 cautissicimus,
1445 988 1520 1029 auro
1539 976 1723 1045 argentoque
1747 971 1918 1040 ditissimus,

211 1065 357 1123 Othuram
378 1063 540 1127 venientes,
554 1063 622 1120 loco
646 1063 706 1120 alto
729 1063 840 1136 palude
854 1060 1039 1119 circumdato
1094 1059 1273 1118 creberrima
1301 1061 1428 1118 militum
1448 1062 1615 1134 frequentia
1635 1061 1755 1117 assidue
1775 1061 1919 1134 constipe-

211 1168 347 1223 gressum
361 1151 476 1222 fatigati
487 1153 592 1221 ligant.
604 1151 754 1207 Exercitus
768 1167 838 1208 vero
850 1150 978 1208 nimium
990 1164 1039 1204 ex·
1094 1155 1151 1221 tus,
1166 1150 1343 1223 quinetiam
1367 1151 1450 1208 omni
1464 1150 1597 1208 bonitate
1621 1155 1666 1208 est
1687 1155 1917 1220 exaggeratusn

210 1242 327 1300 territus
341 1241 431 1314 coepit
442 1241 498 1298 hac
512 1241 640 1314 illaeque
650 1240 806 1309 fluctuare,
817 1245 928 1314 putans
941 1239 1039 1296 Rollo·
1094 1239 1256 1296 Confestim
1272 1240 1395 1298 Carolus
1407 1239 1453 1296 his
1468 1239 1623 1296 consultus
1641 1239 1723 1295 misit
1739 1242 1918 1296 Franconem

210 1347 281 1390 nem
294 1331 410 1388 adesse.
427 1330 536 1388 Ebelus
546 1331 715 1402 verohujus
729 1330 771 1386 rei
786 1334 896 1388 terrore
911 1329 1038 1386 domum
1094 1328 1354 1402 archiepiscopum
1366 1330 1640 1400 ltothomagensem
1655 1329 1695 1385 ad
1705 1329 1863 1386 Rollonem
1873 1345 1918 1402 pa·

211 1422 370 1495 eujusdam
384 1421 504 1479 lullonis
527 1422 658 1495 expetiit,
674 1427 762 1495 atque
782 1422 834 1478 diu
856 1421 887 1476 in
909 1435 945 1476 ea
964 1417 1038 1475 deli·
1094 1433 1243 1490 ganorum
1255 1417 1374 1476 ducem.
1392 1419 1447 1486 Qui
1461 1419 1585 1476 veniens
1600 1418 1639 1474 ad
1652 1435 1722 1475 eum
1736 1418 1861 1475 blandis
1870 1433 1919 1476 ser-

211 1511 274 1568 tuit.
291 1511 442 1568 Exercitus
456 1515 566 1579 autem,
581 1510 748 1568 lucescente
771 1525 890 1581 aurora,
905 1512 1040 1565 montem
1094 1505 1236 1562 monibus
1260 1505 1348 1579 coepit
1373 1506 1501 1579 alloqui:
1530 1529 1544 1555 «ι
1558 1506 1699 1563 Omnium
1719 1506 1837 1562 ducum
1850 1522 1918 1579 prae·

210 1600 317 1658 videns
337 1599 474 1656 hostibus
488 1615 630 1667 vacuum,
646 1616 697 1656 eos
716 1599 907 1673 prosequitur
924 1613 1039 1670 quous·
1059 1594 1284 1668 pstantissime,
1307 1599 1545 1668 cunctorumque
1569 1593 1852 1668 praecellenbssime,
1874 1593 1920 1650 liti·

210 1705 270 1763 que
294 1687 499 1746 morabantur.
517 1688 693 1744 Nortmanni
714 1705 786 1744 vero
809 1685 1040 1744 innumerabilia
1095 1683 1182 1753 gabis
1196 1683 1255 1739 vita
1279 1684 1387 1740 comite
1403 1699 1522 1756 semper
1535 1689 1639 1740 contra
1653 1686 1796 1750 Francos,
1811 1683 1919 1757 puelia·

212 1777 365 1850 animalia,
379 1793 449 1850 quae
464 1793 567 1834 secum
586 1777 785 1846 additament,
802 1777 901 1834 statim
923 1775 1039 1832 occide·
1094 1772 1174 1829 beris
1190 1788 1309 1846 semper
1333 1778 1438 1830 contra
1451 1771 1542 1830 illos?
1566 1772 1643 1840 Quid
1670 1772 1707 1829 de
1732 1779 1760 1829 te
1780 1773 1805 1828 si
1833 1777 1918 1830 morte

211 1872 299 1936 runt;
316 1871 406 1940 atque
421 1871 540 1937 tergora
550 1867 675 1924 dimidia
687 1866 863 1924 animalium
869 1865 1040 1939 diripientes
1093 1867 1322 1936 preoccupatus
1337 1862 1452 1918 tueris?
1468 1863 1559 1934 Cujus
1570 1861 1705 1933 figmenti
1719 1863 1774 1918 est
1787 1865 1917 1919 licumte

211 1960 238 2012 et
254 1955 447 2022 excoriantes,
463 1969 500 2011 ex
520 1953 717 2012 cadaveribus
732 1955 804 2028 ipsis
818 1961 949 2012 castrum
963 1953 1041 2010 circa
1094 1967 1159 2008 esse
1173 1951 1327 2008 mstimas‘t
1348 1951 1431 2008 bimo
1448 1951 1625 2025 plasmatus,
1641 1967 1743 2009 nonne
1764 1951 1859 2008 homo
1873 1952 1918 2006 est

212 2061 243 2102 se
257 2044 391 2101 lecerunt
402 2062 409 2112 ;
422 2048 629 2118 ponentesque
642 2060 738 2100 unum
749 2043 1042 2118 superalium,coria
1095 2044 1197 2097 Nonne
1216 2056 1247 2096 es
1271 2056 1342 2097 esca
1364 2040 1519 2107 vermium,
1537 2040 1671 2114 cinisque
1685 2045 1714 2096 et
1727 2039 1852 2113 pulvis?
1871 2044 1918 2098 lle

211 2132 441 2206 sanguinolenta
455 2131 621 2189 lorinsecus
644 2133 818 2200 avellerunt,
834 2148 872 2189 ne
891 2133 961 2206 equi
977 2137 1039 2189 stu-
1093 2134 1194 2186 mento
1209 2129 1306 2202 qualis
1321 2145 1352 2186 es
1367 2133 1396 2186 et
1410 2130 1479 2200 eris,
1491 2135 1520 2187 et
1534 2130 1580 2202 cuj
1587 2146 1622 2186 us
1634 2129 1747 2201 judicio
1759 2130 1918 2186 damnabe

211 2224 274 2297 pidi
288 2223 463 2296 equitesque
478 2223 620 2279 mirantes
636 2223 922 2296 appropinquarent.
938 2222 1042 2279 Franci
1093 2219 1143 2275 ris.
1160 2218 1301 2290 Herebro,
1325 2223 1359 2275 ut
1381 2235 1458 2288 reor,
1474 2219 1591 2287 frueris,
1606 2235 1661 2275 nec
1683 2233 1870 2292 quemquam
1884 2219 1919 2274 la·

211 2328 283 2368 varo
297 2316 325 2367 et
338 2311 564 2382 durgundiones
578 2313 728 2384 prosecuti
743 2329 794 2369 eos
804 2329 874 2368 cum
888 2311 1039 2381 adessent,
1094 2324 1191 2366 cesses
1211 2307 1288 2364 ultra
1302 2308 1421 2381 praeliis.
1447 2309 1476 2365 Si
1498 2308 1541 2365 vis
1563 2307 1745 2367 Christianus
1763 2309 1838 2378 lieri,
1852 2323 1919 2381 pre

212 2399 428 2472 castellumque
441 2417 478 2456 ex
492 2400 668 2474 corporibus
683 2417 841 2474 equorum,
859 2401 964 2469 boum,
982 2400 1039 2457 asi·
1095 2396 1170 2453 senti
1194 2396 1354 2470 futuraque
1380 2413 1454 2471 paee
1477 2398 1588 2470 poteris
1611 2397 1678 2467 frui,
1701 2397 1917 2470 ditissimusque

212 2505 332 2562 narum,
355 2504 576 2563 caprarumque
604 2493 633 2545 et
662 2489 829 2547 bidentium
852 2494 1039 2562 conseptum,
1094 2486 1151 2543 hac
1167 2489 1244 2541 terra
1256 2485 1378 2555 morari,
1395 2485 1517 2544 Carolus
1531 2502 1584 2542 rex
1597 2485 1842 2561 patientissimus,
1853 2501 1918 2542 con·

212 2577 560 2652 tergoraqueiorinseeus
570 2578 733 2653 pendentia
743 2579 893 2646 vidissent,
903 2578 1042 2634 dixerunt
1095 2573 1160 2631 silio
1176 2590 1302 2630 suorum
1315 2573 1433 2640 duetus,
1449 2575 1528 2631 banc
1554 2581 1663 2632 terram
1688 2575 1868 2632 maritimam
1882 2573 1917 2630 ab

213 2668 393 2726 adinvicem
408 2686 414 2724 :
432 2690 445 2716 a
458 2667 529 2734 Quis
544 2667 665 2725 invadet
677 2668 772 2724 istos?
797 2669 851 2742 qui
872 2667 936 2725 vult
948 2670 1040 2724 vitam
1094 2661 1240 2734 anstigno
1255 2666 1283 2720 et
1297 2679 1315 2719 a
1330 2667 1357 2720 te
1368 2663 1496 2720 nimium
1509 2664 1695 2722 devastatam
1704 2663 1768 2721 vult
1778 2663 1831 2721 tibi
1840 2663 1914 2719 dare.

211 2757 346 2832 perdere,
361 2755 486 2813 accedat
501 2756 541 2813 ad
555 2772 699 2816 carneum
718 2761 849 2813 castrum
871 2761 899 2813 et
921 2755 1042 2814 mirabi-
1096 2753 1173 2819 Quin
1193 2752 1282 2808 etiam
1307 2757 1340 2808 ut
1364 2768 1425 2826 pax
1448 2757 1477 2809 et
1497 2753 1668 2821 concordia,
1686 2757 1776 2827 atque
1796 2750 1914 2810 amicitia

212 2847 272 2904 le.»
296 2845 329 2902 ut
343 2845 438 2912 dictis,
453 2846 565 2919 quique
589 2845 771 2918 repedarunt
795 2845 949 2914 sua,*llaci
968 2861 1039 2901 vero
1094 2841 1193 2914 firma,
1215 2846 1244 2898 et
1263 2841 1376 2898 stabilis
1399 2847 1489 2915 atque
1511 2843 1666 2914 continua,
1687 2843 1771 2900 omni
1792 2847 1914 2914 tempore

211 2937 335 2994 navium
356 2934 561 2993 contubernia.
587 2936 673 2993 Rollo
697 2941 797 2993 autem
811 2935 915 2994 videns
931 2935 1039 2992 milites
1057 2965 1078 3021 C
1094 2931 1170 2988 inter
1188 2937 1215 2988 te
1240 2937 1268 2988 et
1291 2931 1375 2988 illum
1389 2937 1573 3005 permaneat,
1589 2933 1683 2990 liliam
1698 2949 1798 3005 suam,
1813 2931 1913 2988 Gislem

214 3040 296 3092 suos,
312 3023 494 3094 gratulanter
507 3023 581 3080 dixit
603 3024 643 3081 ad
666 3022 751 3080 illos:
768 3023 1038 3092 «Orobustissimi,
1094 3023 1226 3089 nomine,
1260 3038 1384 3079 uxorem
1411 3022 1443 3078 in
1472 3022 1612 3095 conjugio
1645 3023 1730 3079 dabit
1761 3023 1828 3092 tibi;
1858 3035 1913 3093 qua

212 3111 365 3186 armisque
380 3111 553 3186 asperrimi!
570 3113 727 3179 Quomodo
746 3113 848 3186 praelia
863 3113 1039 3171 evasistis‘t»
1094 3111 1204 3186 copula
1219 3110 1302 3184 prole
1317 3110 1474 3177 laetaberis‚
1490 3126 1678 3186 regnumque
1698 3111 1731 3168 in
1745 3114 1906 3184 perpetuum

213 3203 297 3259 'lunc
311 3202 352 3259 illi
367 3207 475 3260 cuncta
488 3219 556 3276 quae
581 3203 752 3260 acciderant
766 3204 930 3261 retulerunt
944 3203 1042 3260 Rollo-
1095 3201 1243 3258 tenebis.»
1260 3202 1324 3267 Quo
1335 3199 1448 3268 audito,
1462 3205 1607 3259 convocat
1622 3202 1752 3273 majores
1765 3203 1905 3264 Decorum,

212 3293 253 3350 ni.
270 3293 354 3350 Rollo
368 3308 439 3350 vero
452 3293 493 3351 ite
507 3293 683 3364 exagitatus,
698 3293 782 3349 furiis
802 3293 953 3350 acerrimis
968 3293 1041 3350 bac·
1095 3295 1124 3346 et
1144 3307 1212 3364 quar
1235 3289 1394 3364 episcopus
1418 3289 1475 3346 sibi
1500 3289 1598 3347 retulit
1622 3295 1726 3348 narrat
1744 3291 1774 3347 in
1797 3285 1910 3344 auribus

212 3382 425 3455 chatus.coepit
438 3385 532 3437 totam
542 3385 777 3438 terramvastare
792 3381 939 3448 aldelme,
951 3386 1041 3455 atque
1095 3393 1209 3434 eorum.
1226 3377 1297 3434 llaci
1313 3393 1392 3440 vero,
1408 3377 1632 3435 reminiscentes
1653 3379 1762 3436 somnii
1784 3378 1912 3449 interpre-

211 3469 350 3526 incendio
373 3483 575 3524 concremare.
596 3467 676 3524 illico
696 3466 794 3525 omnis
816 3467 897 3525 salus
921 3468 1041 3525 concta·
1096 3466 1253 3536 tationum,
1277 3467 1417 3525 dixerunt
1439 3467 1572 3525 Rolloni:
1604 3468 1695 3525 Terra
1719 3469 1782 3524 brec
1803 3465 1913 3540 penitus

212 3561 312 3613 matur
334 3555 506 3627 fiduciaque
520 3555 639 3611 vivendi
661 3571 723 3612 non
746 3557 900 3628 reperitur,
920 3555 1042 3629 publice
1095 3554 1230 3613 desolata
1241 3554 1385 3613 militibus
1400 3557 1527 3631 privata,
1538 3563 1638 3616 aratro
1650 3574 1712 3616 non
1725 3557 1857 3624 exercite,
1872 3570 1914 3611 ar-

212 3659 260 3701 res
274 3642 465 3710 adnihilatur,
481 3641 672 3715 ecclesiaeque
689 3643 812 3699 desertae
827 3643 985 3700 habentur.
1094 3642 1220 3700 boribus
1240 3643 1329 3701 bonis
1353 3644 1470 3713 relerta,
1486 3645 1586 3702 lluviis
1612 3660 1718 3716 genere
1732 3644 1915 3701 diversorum

249 3731 353 3789 Franci
366 3746 437 3788 vero
458 3745 520 3788 non
534 3730 667 3788 valentes
686 3731 814 3804 paganis
833 3731 980 3802 resistere,
997 3737 1041 3791 to·
1095 3732 1224 3807 piscium
1251 3732 1347 3806 plenis
1375 3733 1484 3806 divisa,
1509 3740 1621 3792 venatu
1647 3733 1793 3808 opulente,
1820 3729 1914 3788 vineis

213 3825 336 3896 tamque
351 3820 505 3878 Franciam
514 3819 647 3878 videntes
659 3821 698 3878 ad
713 3819 841 3878 nibilum
850 3820 959 3887 venire,
969 3839 1042 3880 una-
1095 3838 1157 3880 non
1172 3822 1289 3894 ignara,
1305 3821 1400 3894 glebis
1414 3823 1508 3882 oultm
1521 3823 1681 3882 elaboratis
1693 3823 1830 3891 fecunda,
1844 3819 1916 3878 mari

213 3911 332 3969 nimiter
366 3909 406 3967 ad
441 3926 543 3982 regem
568 3914 725 3982 venerunt,
759 3914 849 3984 atque
880 3911 1039 3969 dixerunt:
1095 3910 1280 3970 affluentiam
1308 3911 1496 3970 diversarum
1524 3929 1625 3971 rerum
1655 3914 1763 3971 daturo
1795 3927 1833 3969 ex
1860 3925 1915 3968 una

165 4025 169 4031 ·
214 4024 228 4052 a
243 4003 301 4060 Cur
322 4016 384 4058 non
407 3999 560 4057 auxiliaris
585 4015 688 4072 regno,
705 3998 753 4057 cui
771 4015 900 4073 praeesse
923 4005 953 4058 et
973 4017 1042 4076 pro-
1094 4005 1179 4077 parte
1211 4001 1407 4073 circumdata,
1440 4002 1533 4060 altera
1564 4003 1742 4060 decursibus
1776 4015 1914 4076 aquarum

213 4090 300 4147 desse
313 4089 406 4146 debes
421 4092 560 4162 sceptro‘l
580 4094 638 4148 Cur
651 4105 713 4146 non
728 4105 788 4163 pax
803 4089 928 4148 consilio
941 4090 1042 4163 acqui·
1095 4089 1319 4164 deportantium
1345 4088 1467 4162 navigio
1492 4095 1601 4148 cuncta
1621 4091 1715 4161 bona,
1731 4090 1820 4164 quasi
1838 4092 1917 4148 Fran-

214 4177 296 4246 ritur,
312 4193 406 4252 quam
420 4193 476 4234 nec
493 4177 580 4234 bellis
596 4194 650 4235 nec
673 4178 734 4235 ullo
747 4178 930 4236 detensionis
943 4179 1042 4236 obsta·
1096 4180 1148 4237 cire
1167 4193 1260 4251 regno
1275 4177 1490 4250 discriminata,
1508 4180 1532 4236 si
1546 4178 1633 4238 tuerit
1647 4179 1817 4253 frequentia
1828 4177 1915 4236 bomi-

188 4264 281 4322 ‘culo
296 4263 422 4338 adipisci
436 4266 623 4338 possumus?
647 4265 748 4322 Honor
769 4269 798 4322 et
809 4269 942 4339 potestas
955 4282 1041 4337 rega·
1095 4285 1170 4326 num
1201 4269 1328 4338 visitata,
1358 4267 1446 4326 valde
1479 4269 1535 4326 erit
1558 4268 1660 4326 fertilis
1694 4273 1723 4326 et
1754 4268 1917 4327 uberrima:

212 4354 249 4411 lis
280 4354 445 4426 subjicitur,
479 4369 670 4428 paganorum
708 4355 868 4414 insolentia
909 4340 1040 4429 erigitur.
1095 4357 1244 4431 nobisque
1267 4356 1305 4414 ad
1329 4356 1530 4415 habitandum
1553 4357 1703 4415 sufficiens
1726 4363 1756 4414 et
1780 4371 1917 4428 congrua.

212 4443 380 4501 Franciscre
400 4443 530 4514 regionis
546 4447 624 4502 terra
646 4444 734 4516 quasi
755 4445 883 4502 solitudo
902 4445 1039 4516 hebetur,
1097 4446 1168 4504 lilia
1190 4462 1283 4520 quam
1303 4445 1355 4503 tibi
1376 4445 1514 4519 spondet,
1531 4447 1685 4520 utriusque
1708 4445 1865 4520 progeniei
1879 4460 1918 4502 se·

212 4533 285 4608 quia
297 4532 362 4604 eius
376 4531 507 4607 populus
532 4536 585 4590 aut
609 4532 688 4589 lame
711 4538 763 4589 aut
789 4532 889 4605 gladio
914 4535 1041 4592 moritur
1096 4535 1176 4592 mine
1195 4533 1369 4606 regulariter
1391 4539 1505 4604 exorta,
1522 4539 1642 4592 staturae
1656 4535 1837 4608 proceritate
1858 4547 1921 4590 con·

213 4626 266 4680 aut
279 4621 354 4679 forte
375 4620 551 4694 captivatur.
568 4623 659 4677 luere
676 4636 805 4691 reguum
820 4621 842 4677 si
859 4638 921 4680 non
936 4624 1039 4692 armis,
1096 4639 1180 4694 grue,
1201 4624 1310 4695 torma,
1325 4628 1358 4680 ut
1379 4622 1561 4693 audivimus,
1585 4623 1820 4696 elegantissima,
1843 4623 1921 4693 virgo

212 4713 258 4770 vel
272 4710 430 4770 consilio»
446 4709 530 4765 Tunc
543 4725 595 4765 rex
609 4708 732 4767 Carolus
752 4709 798 4766 bis
819 4710 892 4767 dixit
904 4709 1040 4768 turibun-
1095 4713 1296 4786 integerrima,
1323 4713 1448 4772 oonsilio
1472 4715 1607 4789 provida,
1632 4713 1800 4774 forensium
1827 4727 1922 4772 rerum

212 4800 287 4858 dus:
312 4823 326 4850 a
340 4803 411 4856 Date
425 4797 499 4855 mibi
513 4797 681 4867 consilium,
696 4799 781 4872 quod
801 4813 895 4869 regno
910 4803 939 4856 et
952 4799 1040 4857 nobis
1095 4803 1214 4872 negotio
1251 4806 1349 4870 caum,
1386 4803 1613 4861 conversatione
1648 4801 1805 4872 facillima,
1841 4801 1922 4860 collo

213 4891 249 4948 sit
278 4890 398 4947 salubre
421 4892 450 4945 et
476 4903 653 4958 congruum.
667 4911 680 4939 a
707 4888 791 4946 Tunc
816 4889 934 4946 manci:
961 4913 974 4940 «
988 4894 1041 4947 tla-
1094 4892 1166 4967 quio
1190 4891 1407 4962 affabilissima,
1431 4909 1580 4953 manuum
1605 4890 1709 4950 labore
1732 4893 1922 4966 peritissima,

211 4980 323 5050 bimus,
349 4979 374 5035 si
410 4977 498 5036 nobis
533 4978 704 5049 credideris,
733 4978 891 5036 consilium
923 4979 975 5037 tibi
1012 4986 1041 5038 et
1094 4981 1283 5056 quinetiam
1307 4981 1475 5053 virginibus
1497 4982 1612 5040 cunctis
1637 4981 1922 5056 precellentissimi,

211 5084 305 5140 regno
329 5067 524 5139 condignum,
542 5071 572 5124 et
594 5066 795 5137 salutiferum
820 5071 854 5126 ut
874 5069 1041 5142 requiescat
1094 5071 1179 5130 decet
1206 5076 1239 5128 ut
1263 5070 1418 5145 copuletur
1441 5070 1494 5130 tibi
1523 5069 1697 5128 connubiali
1719 5072 1872 5130 amicitiae.
1895 5072 1925 5125 Et

211 5157 341 5230 populus
370 5156 458 5213 nimis
484 5155 609 5229 penuria
639 5155 775 5213 afflictus.
805 5158 894 5213 Detur
918 5163 996 5216 terra
1022 5173 1041 5215 a
1095 5175 1132 5216 ex
1146 5160 1203 5216 lroc
1216 5159 1333 5216 videtur
1351 5159 1502 5217 salubrius
1524 5159 1613 5217 nobis
1634 5159 1809 5226 consilium,
1822 5161 1853 5216 in
1867 5171 1924 5216 me·

212 5242 304 5300 tiuvio
317 5243 448 5301 Andellm
462 5261 559 5319 usque
583 5244 623 5303 ad
645 5261 727 5303 mare
742 5261 933 5320 paganorum
948 5247 1041 5318 genti·
1094 5248 1152 5305 lius
1168 5248 1368 5321 profuturum,
1385 5253 1413 5306 et
1428 5249 1467 5306 ab
1480 5249 1607 5321 alicujus
1620 5248 1691 5306 rixa
1706 5265 1810 5308 errore
1825 5252 1925 5308 incon·

211 5331 270 5390 bus
282 5350 289 5402 ;
311 5332 403 5390 filiam
418 5349 540 5407 quoque
555 5338 639 5392 tuam
651 5335 769 5392 ltolloni
781 5337 922 5408 conjugio
934 5337 1038 5408 junge.
1095 5337 1225 5406 vulsum,
1237 5337 1321 5411 quod
1334 5337 1427 5395 filiam
1437 5339 1515 5410 regis
1528 5337 1656 5395 babebis
1670 5337 1701 5396 in
1716 5340 1865 5411 conjugio
1879 5339 1926 5394 lo-

212 5425 246 5480 ut
258 5438 294 5479 ex
309 5423 366 5479 hoc
378 5426 463 5495 potes
476 5423 604 5481 multum
619 5429 725 5504 contra
738 5429 840 5496 gentes
853 5426 905 5482 tibi
919 5426 1042 5483 obstan·
1095 5427 1211 5483 derum.
1228 5427 1425 5485 Reminiscere
1436 5427 1544 5484 somnii
1559 5429 1856 5502 interpretationum,
1868 5443 1927 5500 my·

212 5517 255 5569 tes
285 5511 514 5586 praevalescere;
548 5513 619 5586 quia
655 5513 739 5570 Rollo
773 5513 902 5588 superbo
932 5530 1039 5585 regum
1095 5516 1297 5590 sticorumque
1313 5517 1377 5588 ejus
1400 5516 1613 5574 intellectuum.
1630 5520 1665 5574 tlt
1684 5533 1801 5586 remur,
1817 5519 1850 5576 in
1869 5515 1927 5572 istis

211 5600 384 5688 ducumque
399 5599 657 5672 sauguinenatus,
668 5617 791 5675 corpore
804 5601 1035 5676 pulcherrimus,
1093 5605 1205 5664 linibus
1226 5609 1354 5664 vertetur
1372 5606 1461 5664 nobis
1486 5605 1518 5663 in
1537 5621 1726 5680 prosperum.
1745 5607 1828 5664 Setis
1853 5621 1926 5680 pre·
