3998 6176
88 146 141 199 rer
475 180 477 184 ,
840 131 1042 204 ‘aristosa
1753 165 1808 220 25⁸
1874 179 1890 196 -.

87 264 188 322 illicite
203 267 233 322 et
246 267 351 320 contra
365 263 495 335 gradum
514 281 604 321 suum
618 264 659 322 ad
678 281 763 323 arma
778 267 921 326 humana
940 270 1070 343 Atiavit,
1083 271 1187 330 dicens
1205 291 1212 330 ε
1230 297 1244 326 ι
1257 275 1363 334 cbristi
1375 277 1461 337 miles
1471 295 1550 351 sum,
1571 296 1707 355 pugnare
1733 283 1807 342 mihi

88 354 203 412 militias
217 353 502 425 consurgat,omnis
515 352 569 427 qui
584 370 694 411 sanum
713 357 791 431 sapit
816 357 922 414 intelli·
972 353 1039 418 “non
1053 361 1148 420 licet.»
1165 365 1292 422 Breviter
1306 365 1407 424 docuit
1439 385 1502 425 non
1523 369 1621 426 solum
1648 372 1807 446 episcopos

88 445 138 515 git.
154 443 241 500 Unde
256 445 286 499 B.
302 441 478 499 Ambrosius
490 443 697 501 sacerdotibus
723 445 796 502 dare
821 445 924 503 volens
978 455 1031 507 aut
1044 450 1121 508 sacri
1135 452 1249 510 ordinis
1267 454 1419 512 ministros
1434 458 1568 531 apraeliis
1588 459 1730 529 cohiberi,
1761 478 1807 520 ve

87 531 438 607 exemplumpatientiae,
452 531 924 607 inepistolacontranuxenuum
979 555 1047 595 rum
1073 542 1163 597 etiam
1190 543 1242 615 qui
1271 543 1387 601 Christo
1411 545 1503 602 semel
1521 547 1648 605 militare
1676 549 1807 622 coeperit,

87 623 124 680 de
141 621 300 680 tradendis
313 621 444 679 basilicis
462 621 577 684 civibus
590 624 694 682 scribit
710 643 716 679 :
734 647 747 676 ιι
764 625 855 682 Video
870 642 925 683 vos
978 629 1069 686 etiam
1079 629 1119 688 ab
1137 630 1209 704 ipsis
1223 631 1371 690 bellorum
1394 635 1603 693 occasionibus
1626 638 1808 696 omnimodis

88 717 198 786 praeter
211 711 334 769 solitum
353 727 418 768 esse
433 711 567 770 turbatos
583 713 680 771 solito.
697 715 754 773 Sed
777 715 852 789 quid
867 719 925 771 tur-
979 716 1192 778 abstinendum
1202 720 1275 778 lore.
1289 722 1370 779 idem
1384 723 1474 781 etiam
1486 723 1516 780 in
1529 725 1719 800 episcopatus
1743 728 1807 786 cul·

88 801 231 858 bamini?
246 801 353 858 Valens
373 817 532 875 nunquam
555 819 608 859 vos
628 804 777 874 deseram,
804 808 925 862 coactus
978 807 1187 881 minepositus
1201 826 1263 867 nou
1279 812 1377 868 solum
1405 812 1537 886 aliquem
1557 829 1619 872 nen
1645 816 1808 876 insectatus

89 906 263 964 repugnare
275 906 337 947 nou
351 890 432 961 novi,
448 890 548 948 dolere
570 897 685 966 potero,
712 893 784 950 flere
808 897 924 967 potero,
979 897 1197 968 estinimicum,
1215 917 1320 958 verum
1334 902 1424 959 etiam
1437 907 1564 961 mortem
1587 907 1710 962 meritos
1734 907 1807 965 1111-

88 996 209 1052 gemere
224 983 341 1054 potero,
357 979 504 1037 adversus
515 979 621 1038 milites
635 982 745 1039 Gothos
755 997 841 1040 arma
851 998 925 1056 quo·
980 986 1121 1043 stimabili
1144 988 1296 1046 charitatis
1322 990 1431 1048 ellectu
1461 992 1500 1049 ab
1528 993 1696 1051 imminenti
1724 995 1807 1053 clade

88 1086 145 1144 que
157 1069 306 1143 lacrymae
320 1085 396 1126 mea
422 1074 499 1127 suut.
525 1070 605 1128 TaHa
629 1073 826 1128 monumenta
855 1075 925 1128 sunt
979 1073 1158 1149 plerumque
1173 1077 1291 1150 eripuit,
1310 1095 1427 1136 mernor
1442 1079 1519 1137 illius
1540 1083 1701 1158 praecepti:
1727 1086 1809 1142 Erue

89 1159 275 1216 sacerdotis:
291 1158 375 1216 aliter
390 1175 452 1216 non
465 1158 570 1229 debeo,
585 1176 641 1217 nec
655 1177 783 1235 possum
811 1161 927 1218 resiste·
979 1178 1026 1220 eos
1039 1165 1092 1235 qui
1105 1165 1808 1230 11111111111111111111111111111εῆ-

88 1267 128 1306 re.
140 1273 155 1300 »ι
173 1254 247 1306 item
262 1249 300 1306 de
310 1248 418 1306 eadem
433 1264 464 1306 re
479 1249 510 1306 in
522 1249 630 1307 eadem
645 1250 770 1323 epistola
787 1268 794 1307 ε
808 1273 823 1301 ιι
836 1250 865 1308 Si
872 1267 926 1325 pa·
980 1267 1031 1309 cos
1046 1257 1074 1309 et
1088 1253 1147 1311 vita
1161 1254 1227 1327 ipsa
1242 1255 1383 1325 indignos
1406 1257 1445 1312 ab
1476 1257 1586 1316 ultione
1608 1261 1806 1333 prohibeam3

89 1337 268 1396 trimonium
284 1338 405 1412 petitur,
425 1339 604 1409 invadatur;
630 1340 654 1396 si
678 1357 798 1414 corpus,
825 1354 927 1396 occur·
980 1342 1033 1398 sed
1048 1341 1169 1414 regibus
1181 1344 1239 1400 hoc
1258 1343 1326 1401 licet
1353 1361 1389 1402 ac
1415 1345 1517 1402 saeculi
1543 1349 1751 1420 potestatibus,
1780 1353 1809 1406 et

88 1445 164 1485 ram.
180 1427 276 1484 Vultis
290 1428 322 1483 in
337 1427 459 1485 vincula
472 1445 588 1502 rapere,
604 1429 692 1486 vultis
718 1430 748 1487 in
772 1427 925 1486 mortem?
980 1429 1091 1503 quibus
1106 1447 1124 1486 a
1142 1430 1449 1506 legibuspermissum
1464 1439 1517 1491 est.
1533 1435 1603 1492 Alia
1618 1436 1730 1511 quippe
1740 1441 1809 1494 sunl

88 1517 237 1574 voluntati
252 1516 390 1574 mihiest.
412 1520 475 1574 Non
488 1534 545 1590 ego
559 1535 608 1575 me
629 1518 748 1576 vallabo
767 1516 927 1574 111111111-
979 1516 1060 1589 leges
1076 1519 1207 1588 Caesaris,
1224 1519 1273 1576 alii
1286 1537 1386 1577 mores
1412 1522 1617 1580 ecclesiastice
1645 1524 1806 1595 dignitatis.

90 1607 172 1662 sione
188 1603 387 1678 populorum,
401 1621 457 1662 nec
472 1605 579 1663 altaria
592 1607 700 1664 tenebo
719 1607 812 1664 vitam
841 1606 963 1682 obse-g
982 1606 1064 1662 Unda
1074 1605 1146 1664 dicit
1160 1609 1189 1664 B.
1206 1609 1391 1678 Augustinus
1405 1609 1435 1666 in
1449 1610 1525 1667 libro
1541 1613 1746 1678 Quastionum
1758 1616 1809 1670 Ve-

90 1711 190 1764 crans,
206 1693 262 1751 sed
276 1710 333 1768 pro
345 1693 489 1752 altaribus
503 1696 617 1766 gratius
631 1695 843 1753 immolabor.»
865 1695 927 1752 (iri-
979 1695 1049 1752 teris
1063 1711 1098 1752 ae
1113 1695 1185 1752 Novi
1200 1699 1396 1754 Testamenti:
1414 1721 1428 1748 ιι
1445 1701 1541 1766 Quare
1566 1702 1712 1758 sententia
1735 1703 1807 1760 data

91 1801 182 1855 genes
194 1799 320 1859 quoque
334 1800 490 1858 exponens
502 1785 577 1843 iHud
597 1786 635 1842 de
658 1785 819 1856 Evangelio
836 1803 842 1842 :
872 1785 927 1840 At·
981 1786 1047 1840 est‘l
1061 1786 1096 1841 Ut
1109 1784 1183 1857 quid
1193 1784 1246 1857 qui
1253 1785 1361 1858 accipit
1372 1785 1506 1857 gladium
1517 1786 1617 1858 gladio
1627 1795 1739 1862 pereat,
1750 1791 1808 1848 nisi

91 1874 206 1930 11111111
218 1889 236 1930 c
248 1874 341 1944 salsis
350 1873 516 1944 proptera,
532 1876 585 1947 qui
599 1877 724 1932 ueniunt
749 1875 790 1933 ud
819 1889 869 1932 vos
894 1873 925 1929 11
981 1874 1053 1946 quia
1067 1873 1140 1930 nulli
1154 1872 1231 1945 lieet,
1246 1876 1491 1948 exceptoJudice,
1506 1877 1608 1948 gladio
1622 1895 1808 1954 quemquam

92 1961 394 2028 vestirneutisovium,
411 1963 603 2020 intercutem
617 1969 687 2020 sunt
703 1964 769 2033 tupi
781 1977 906 2033 rapaces
916 1976 927 2033 ,·
981 1962 1138 2022 occidere?
1154 1985 1168 2013 ¹»
1184 1967 1217 2021 Et
1229 1963 1334 2022 beatus
1348 1965 1556 2039 Hieronymus,
1572 1983 1662 2042 super
1677 1969 1808 2026 Ezechie-

88 2050 243 2120 fructices
257 2065 359 2106 eorum
371 2054 551 2122 cognoscetis
576 2068 623 2109 eos
653 2053 771 2124 (Multis.
801 2069 840 2119 ιιι,
872 2053 924 2117 15),
980 2050 1039 2108 lem
1051 2051 1129 2110 libro
1143 2069 1171 2109 ιιι
1186 2070 1193 2108 :
1210 2075 1224 2104 ιι
1237 2053 1397 2120 Quimalos
1410 2057 1547 2128 percutit,
1560 2056 1634 2113 ineo
1644 2058 1727 2130 quod
1737 2058 1810 2116 mali

90 2139 131 2196 sic
146 2139 242 2195 dicit:
259 2161 273 2190 ιι
290 2139 424 2212 Apostoli
439 2145 469 2196 et
478 2145 625 2214 martyres
638 2141 732 2198 sancti
747 2156 807 2197 non
824 2155 927 2213 perse·
982 2144 1061 2212 sunt,
1075 2145 1104 2198 et
1116 2141 1208 2199 habet
1220 2158 1294 2200 vasa
1310 2143 1522 2201 interiectionis
1536 2150 1569 2202 ut
1583 2145 1701 2204 occidat
1714 2148 1809 2220 pessi·

90 2229 247 2285 cntionem
263 2227 407 2297 lecerunt,
418 2230 470 2284 sed
482 2229 720 2302 persecutionem
731 2229 926 2303 pertulerunt;
981 2245 1059 2298 mos,
1074 2230 1208 2288 minister
1220 2236 1264 2289 est
1276 2232 1403 2290 Homini.
1424 2255 1438 2284 »
1464 2234 1623 2304 EtHaimo,
1638 2251 1728 2310 super
1744 2236 1809 2311 Epi-

88 2333 151 2375 non
178 2316 412 2386 maledixerunt,
439 2318 492 2375 sed
516 2317 676 2376 maledieta
702 2318 926 2387 sustinuerunt;
981 2319 1091 2376 stolam
1111 2320 1150 2377 ad
1176 2323 1351 2378 Romanos:
1377 2323 1484 2379 «Sunt
1505 2323 1646 2396 quadam
1675 2325 1810 2382 enormia

88 2424 150 2465 non
178 2407 482 2480 blasphemaverunt,
506 2409 559 2466 sed
586 2426 605 2466 a
632 2408 928 2483 blasphematoribus
982 2407 1095 2480 flagitia
1109 2425 1177 2483 qua
1189 2409 1289 2482 petius
1302 2427 1356 2484 per
1367 2411 1474 2468 mundi
1494 2411 1613 2483 judices
1639 2430 1733 2489 quam
1755 2431 1810 2489 per

90 2497 241 2555 1111111111
259 2501 356 2554 sunt.»
373 2500 406 2554 Et
425 2501 454 2554 H.
470 2499 628 2568 Gregorius
642 2514 725 2572 papa
739 2498 769 2554 in
790 2496 927 2573 quadam
982 2498 1127 2555 antistites
1142 2503 1171 2555 et
1181 2503 1310 2556 rectores
1324 2500 1520 2557 ecclesiarum
1532 2502 1717 2574 judicantur,
1734 2505 1811 2560 sicut

86 2586 218 2644 bomilia
234 2585 404 2643 informans
417 2602 473 2643 nos
487 2587 527 2643 ad
539 2587 776 2644 conservandam
788 2587 928 2644 innocen·
981 2591 1027 2644 est
1037 2603 1107 2643 eum
1121 2586 1189 2660 quis
1218 2587 1356 2644 interficit
1382 2588 1591 2661 apostolicum,
1619 2593 1808 2666 episcopum,

88 2676 162 2732 tiam
176 2677 221 2732 ita
236 2674 309 2732 dicit
324 2693 330 2730 :
343 2699 357 2726 ιι
374 2676 491 2732 Utinam
505 2675 529 2732 si
544 2677 584 2732 ad
596 2676 817 2750 predicationis
832 2676 927 2733 virtu·
981 2675 1204 2749 presbyterum,
1220 2676 1393 2734 diaconum.
1411 2678 1588 2749 Huiusmodi
1602 2695 1670 2737 reos
1682 2695 1768 2751 reges
1782 2684 1811 2736 et

87 2769 148 2822 tem
158 2781 226 2822 non
240 2763 419 2835 sufficimus,
435 2765 491 2821 loci
507 2765 600 2822 nostri
624 2765 756 2822 officium
785 2766 815 2822 in
844 2765 929 2822 inno·
981 2764 1132 2839 principes
1146 2763 1253 2821 mundi
1264 2763 1421 2821 damnant.
1445 2767 1522 2836 Ergo
1547 2781 1610 2825 non
1630 2767 1694 2825 sine
1718 2784 1811 2826 causa

88 2855 190 2912 centia
204 2853 274 2910 vitae
285 2858 450 2910 teneamus.
467 2857 500 2910 ln
515 2854 674 2926 Evangelio
688 2854 801 2930 quippe
830 2853 928 2911 Homi—
981 2859 1080 2929 portat
1092 2853 1238 2926 gladium,
1251 2854 1307 2927 qui
1322 2853 1391 2912 talia
1402 2855 1514 2912 scelera
1530 2855 1682 2928 dijudicat.
1699 2881 1714 2908 ιι
1731 2858 1811 2916 Sicut

89 2961 146 3000 nus
161 2943 207 3000 ait
223 2960 231 2997 ι
246 2943 324 3000 Ecce
334 2959 387 3014 epo
401 2945 487 3000 mitto
502 2959 551 3002 vos
567 2945 643 3000 sicut
659 2959 752 3015 ugnos
777 2949 857 3001 mter·
883 2945 963 3036 lu·G
982 2959 1053 3014 ergo
1069 2943 1216 3016 episcopis
1229 2949 1258 3000 et
1273 2944 1492 3002 sacri·ordinis
1515 2945 1658 3003 ministris
1685 2947 1810 3004 omnino

88 3050 142 3104 pos
159 3032 288 3104 (Merra.
304 3049 333 3098 x,
352 3035 406 3096 ro).
433 3031 524 3102 igitur
548 3031 624 3089 sicut
648 3032 719 3104 agni
743 3031 819 3090 inter
841 3033 928 3106 lupos
982 3032 1166 3107 prohibitum
1182 3037 1227 3090 est
1240 3033 1371 3106 aliquem
1385 3034 1531 3102 occidere,
1548 3035 1589 3092 ita
1603 3035 1705 3093 saeculi
1732 3035 1812 3111 prin-

91 3122 254 3190 mittimur,
267 3124 301 3176 ut
315 3137 438 3177 sensum
460 3125 611 3178 servantes
638 3121 827 3189 innocentiae,
851 3137 930 3177 mor·
982 3121 1101 3195 cipibus
1115 3121 1172 3178 hoc
1185 3122 1252 3178 licet
1266 3121 1384 3194 absque
1399 3129 1483 3180 reatu
1496 3125 1604 3198 lacere,
1621 3125 1696 3182 sieut
1714 3125 1811 3184 Hiero

92 3229 162 3269 sum
174 3209 300 3268 malitia
314 3226 376 3266 non
390 3209 569 3267 habeamus.
585 3211 640 3278 Qui
650 3209 730 3268 enim
743 3209 845 3268 locum
855 3227 931 3284 pree-
983 3226 1095 3284 nymus
1110 3213 1233 3267 testatur
1245 3225 1335 3284 super
1348 3211 1510 3284 Epistolam
1522 3213 1562 3270 ad
1579 3213 1707 3283 Galatas,
1733 3214 1811 3272 libro

91 3299 256 3358 dicationis
271 3299 404 3372 suscipit,
418 3299 499 3356 mela
524 3299 632 3356 inferre
661 3315 723 3356 non
747 3299 845 3368 debet,
876 3299 929 3358 sed
982 3317 1011 3356 ιιι
1029 3317 1036 3355 :
1054 3323 1067 3350 ιι
1083 3298 1179 3356 ludex
1193 3303 1309 3357 nonest
1321 3305 1422 3357 auctor
1437 3299 1567 3367 sceleris,
1595 3317 1694 3376 neque
1712 3302 1811 3360 homi·

91 3391 313 3462 tolerare‚utex
326 3389 394 3462 ipsa
406 3403 461 3446 sua
475 3387 705 3446 mansuetudine
715 3389 791 3445 iram
804 3388 929 3446 111111-
982 3405 1036 3446 nes
1063 3387 1229 3456 vinciendo,
1255 3403 1354 3461 neque
1379 3389 1518 3446 homines
1532 3389 1720 3463 perimendo.
1738 3414 1753 3442 »
1770 3391 1812 3448 Li-

93 3481 170 3537 tium
185 3479 313 3549 mitiget,
329 3485 358 3534 11
371 3483 564 3552 peccatorum
574 3479 700 3536 vulnera
714 3479 744 3535 in
760 3479 825 3536 aliis
840 3478 930 3536 uillic-
983 3483 1055 3553 quet
1069 3477 1169 3550 itaque
1184 3477 1254 3534 solis
1282 3477 1391 3536 mundi
1416 3479 1614 3552 potestatibus
1637 3479 1812 3538 attributam

94 3569 229 3628 tionibus
243 3567 311 3638 ipse
321 3567 496 3626 vulneratus
511 3572 624 3626 sanet.»
634 3569 716 3626 idem
732 3569 825 3627 etiam
849 3585 930 3644 papa
983 3571 1161 3642 potestatem
1174 3566 1349 3625 eradicandi
1362 3567 1473 3642 impios
1492 3566 1530 3624 de
1545 3573 1635 3638 terra,
1650 3569 1726 3626 sicut
1739 3570 1812 3627 bea-

93 3659 183 3716 docet
198 3655 284 3714 nullo
297 3656 402 3726 modo,
417 3673 515 3730 neque
529 3674 585 3730 pro
604 3659 686 3730 justa
710 3657 800 3714 etiam
825 3673 927 3728 causa,
986 3656 1117 3714 tissimus
1132 3661 1246 3730 martyr
1265 3656 1432 3730 Cyprianus
1453 3656 1554 3714 scribit
1568 3657 1690 3716 innono
1704 3673 1813 3730 genere

95 3745 398 3822 episcopumdebere
423 3746 516 3804 armis
542 3747 708 3805 inservire:
737 3747 840 3804 volens
865 3747 930 3804 aliis
986 3745 1151 3804 abusionis.
1168 3767 1182 3796 ιι
1204 3747 1275 3813 Rex,
1305 3745 1412 3818 inquit,
1439 3745 1529 3803 debet
1555 3746 1634 3804 turta
1660 3748 1811 3821 cohibere,

95 3854 153 3894 suo
169 3835 340 3892 satisfacere
352 3835 502 3909 exemplo,
516 3833 619 3892 scribit
643 3851 733 3909 super
765 3833 822 3893 hoe
848 3835 930 3893 Sabi·
985 3835 1132 3892 adulteria
1142 3833 1259 3907 punire,
1270 3834 1379 3907 impios
1392 3834 1430 3889 de
1440 3839 1518 3892 terra
1530 3835 1664 3907 perdere.
1693 3837 1812 3910 patrici-

95 3925 328 3983 nianodiacono
337 3923 440 3982 dicens
451 3943 474 3992 ;ιι
483 3927 631 3982 Unumest
641 3926 724 3999 quod
736 3925 932 3982 brevitersur-
985 3923 1040 3980 das
1054 3927 1083 3980 et
1089 3923 1258 3998 pejerantes
1269 3937 1332 3978 non
1345 3922 1440 3978 sinere
1455 3921 1564 3990 vivere,
1580 3922 1736 3981 filiossuos
1751 3940 1813 3982 non

99 4031 192 4087 geras
208 4013 401 4071 serenissimis
413 4013 545 4071 Hominis
560 4014 669 4071 nostris
683 4014 931 4089 imperatoribus3
985 4011 1082 4069 sinere
1095 4010 1186 4084 impie
1198 4025 1296 4080 agere.
1321 4009 1460 4084 Episcopi
1474 4027 1545 4067 vero
1560 4011 1591 4067 in
1601 4028 1656 4069 sua
1669 4027 1812 4069 mansue-

97 4104 173 4178 quia
184 4103 271 4175 siege
284 4119 389 4160 servus
400 4119 504 4160 eorum
518 4103 549 4160 in
564 4107 660 4161 morte
671 4103 719 4160 vel
734 4102 932 4174 langobardo
985 4099 1089 4158 tudine
1104 4104 1133 4157 et
1146 4098 1348 4156 ecclesiastica
1374 4098 1527 4155 severitate
1550 4104 1578 4156 et
1601 4099 1813 4172 predicatione

96 4210 166 4250 rum
180 4208 232 4248 me
246 4191 373 4250 miscere
386 4190 652 4263 voluissem,hodie
664 4190 931 4264 langobardorum
985 4189 1070 4247 verbi
1084 4189 1133 4246 Hei
1155 4187 1276 4245 stabiles
1297 4191 1506 4261 permaneant,
1535 4188 1611 4246 sicut
1632 4188 1665 4246 in
1689 4189 1813 4247 Actibus

98 4299 172 4355 gens
186 4298 244 4338 nee
254 4297 367 4352 regem,
383 4297 438 4337 nec
450 4280 552 4349 duces,
568 4297 623 4338 nee
649 4281 774 4338 comites
798 4280 930 4349 haberet,
986 4277 1192 4351 apostolorum
1208 4277 1353 4351 scriptum
1367 4280 1413 4333 est
1426 4293 1432 4332 :
1446 4277 1514 4334 Non
1528 4283 1570 4334 est
1590 4281 1814 4350 111111νεὶ11-

98 4377 188 4446 atque
201 4371 234 4427 in
247 4386 368 4427 summa
380 4369 644 4427 confusioneesset
658 4369 763 4426 divisa.
782 4369 839 4428 Sed
861 4367 946 4443 quia'
986 4367 1208 4440 querereroum
1221 4367 1275 4422 ,Dei
1288 4371 1317 4423 et
1340 4366 1513 4424 ministrare
1540 4368 1648 4425 mensu
1676 4369 1754 4440 (Act.
1775 4385 1813 4442 rr,

98 4463 194 4518 ileum
206 4459 309 4525 timeo,
326 4457 356 4515 in
371 4463 466 4515 morte
482 4458 643 4531 cujuslibet
656 4458 788 4517 hominis
803 4475 852 4516 me
879 4458 935 4515 mi·
987 4457 1043 4512 at.»
1057 4454 1113 4522 Qui
1122 4470 1165 4510 sic
1175 4453 1266 4510 etiam
1280 4451 1387 4510 docere
1398 4452 1519 4520 debent,
1531 4454 1607 4514 sicut
1616 4455 1815 4528 Hieronymus

99 4565 181 4606 scere
196 4547 358 4605 formido.»
987 4545 1038 4615 ait,
1048 4547 1088 4615 ¹ut
1100 4543 1161 4600 vita
1184 4559 1290 4600 eorum
1312 4542 1617 4617 irreprebehensibilis
1645 4545 1690 4601 sit.
1719 4545 1817 4602 Perdit

135 4637 344 4712 [indeliquido
360 4636 498 4708 colligere
512 4640 608 4712 potes,
624 4638 873 4712 quandoquidem
883 4637 931 4695 ille
988 4631 1068 4690 enim
1086 4632 1292 4688 auctoritatem
1321 4630 1460 4700 docendi,
1490 4633 1576 4704 cujus
1602 4647 1701 4689 sermo
1725 4647 1815 4706 opere

99 4733 167 4784 tuas
182 4732 248 4784 tam
263 4725 423 4784 efficaciter
438 4725 857 4799 ulcisciproevalensinjurias,
873 4742 934 4784 me
988 4720 1158 4777 destruitur·
1174 4719 1301 4776 Proinde
1315 4717 1411 4777 seiani
1423 4719 1480 4776 sibi
1506 4719 1630 4776 0111111110
1654 4719 1815 4776 inhibitum

100 4823 133 4874 tu
146 4821 251 4873 111111
262 4815 365 4872 divino
378 4814 466 4886 elegit
478 4819 597 4872 scutum
611 4815 771 4889 patientia,
787 4831 825 4872 ne
839 4814 935 4872 homi-
988 4812 1028 4870 ad
1037 4810 1117 4869 bella
1131 4811 1303 4884 procedere,
1323 4810 1381 4868 nisi
1390 4809 1575 4884 quibusdam
1588 4825 1625 4866 ex
1634 4809 1733 4866 causis
1746 4825 1816 4882 quaa

101 4923 176 4964 num
189 4905 339 4962 mortibus
353 4921 385 4962 se
398 4905 544 4970 misceret,
559 4905 642 4979 quod
652 4905 699 4962 isti
707 4905 813 4963 timore
825 4905 935 4962 Delab-
988 4901 1019 4958 in
1047 4899 1243 4973 subsequenti
1270 4899 1366 4958 Caroli
1394 4899 1473 4971 regis
1510 4899 1607 4956 edicto
1643 4897 1813 4970 patebunt:

99 4997 181 5068 jecto
195 4995 309 5053 nelarie
324 4993 457 5052 cudibus
472 4994 631 5052 hominum
646 5009 677 5051 se
691 4994 880 5062 interserunt,
908 4998 937 5051 11
990 5014 1004 5041 ιι
1017 4989 1139 5048 Carolus
1150 4989 1200 5046 Hei
1213 4987 1307 5060 gratia
1318 5005 1370 5045 rex
1385 4986 1529 5060 regnique
1545 4990 1726 5044 Francorum
1754 5003 1816 5045 ree·

102 5089 247 5142 cruentas
262 5089 377 5157 strages
392 5084 602 5142 contaminatis
610 5083 765 5142 obtutibus
774 5083 933 5158 aspiciunt.
991 5087 1045 5150 tor,
1062 5085 1089 5138 11
1104 5081 1230 5138 devotus
1251 5085 1363 5137 sancta
1392 5078 1531 5135 defensor
1560 5077 1706 5151 Ecclesia,
1726 5083 1816 5152 atque

103 5175 192 5241 Quod
217 5175 409 5231 beatissimus
438 5174 577 5233 Hartinus
598 5189 782 5246 magnopere
808 5173 935 5244 lugiens,
991 5171 1111 5243 adjutor
1125 5171 1155 5226 in
1170 5167 1593 5241 omnibusapostolicresedis.
1609 5171 1730 5225 Hortatu
1753 5184 1816 5225 om·

105 5265 257 5322 abdicata
270 5265 373 5332 armis,
384 5263 496 5337 quibus
507 5263 563 5321 sub
579 5268 774 5333 terrenorege
789 5263 938 5321 militabat
991 5261 1076 5317 nium
1090 5259 1224 5316 iideHum
1236 5263 1418 5326 nostrorum,
1432 5261 1461 5314 et
1467 5258 1598 5316 maxime
1606 5257 1816 5333 episcoporum

106 5371 169 5410 sna
183 5353 256 5412 fidei
271 5354 441 5410 tirocinium
456 5351 694 5410 mansuetudinis
710 5357 738 5409 et
759 5351 937 5410 innocentia
992 5365 1027 5406 ac
1042 5347 1226 5421 reliquorum
1241 5347 1431 5404 sacerdotum
1446 5346 1594 5415 consultu,
1604 5346 1696 5404 servis
1705 5347 1754 5404 [lei
1763 5363 1817 5422 per

107 5443 264 5518 proposito
276 5443 437 5511 dedicavit,
451 5448 479 5501 et
493 5443 631 5500 nondum
654 5441 797 5500 clericatis
825 5441 938 5500 ordinis
992 5435 1096 5494 omnia
1110 5436 1252 5493 omnibus
1268 5440 1453 5494 armaturam
1465 5441 1583 5510 portare
1597 5436 1643 5494 vel
1669 5451 1815 5510 pugnare,

109 5532 240 5603 gradmn
263 5531 395 5605 aliquem
422 5531 553 5598 sortitus,
573 5530 674 5588 multis
701 5535 804 5588 tamen
832 5530 939 5587 merito
993 5532 1045 5584 aut
1058 5525 1261 5583 inexercitum
1276 5530 1305 5582 et
1324 5525 1355 5580 in
1377 5525 1494 5584 hostem
1519 5541 1652 5599 pergere,
1682 5525 1816 5582 omnimo

109 5621 318 5694 preferendus
347 5621 508 5697 episcopis,
524 5619 635 5679 militia
645 5623 815 5678 constanter
825 5635 938 5678 renun-
994 5615 1205 5691 prohibemus,
1220 5614 1277 5676 nisi
1298 5614 1355 5674 illis
1382 5615 1593 5678 anamodo
1616 5615 1669 5690 qui
1695 5617 1818 5690 propter
