3990 6184
98 171 163 225 lats
333 165 335 170 ’
905 149 996 218 vlia».
1093 188 1095 198 ,
1119 182 1123 190 ·
1210 185 1214 192 ·
1740 160 1806 214 1118

95 293 140 348 vir
153 289 328 365 prophetico
341 287 445 358 spirita
457 289 540 340 actus
555 283 657 354 faisse,
670 281 723 354 qui
734 295 795 336 non
806 278 958 348 absqueA
976 278 1057 350 quod
1084 279 1213 336 ecclesiae
1242 281 1341 338 Sancti
1368 281 1494 338 tliclrarii
1517 282 1656 338 defensor
1679 281 1767 339 luerit
1788 299 1807 338 a

94 388 170 437 nutu
185 378 285 435 divino
300 375 474 449 praedixerat
497 371 637 428 eumdem
663 385 724 425 non
746 381 834 441 posse
857 363 922 420 fieri
976 371 1184 440 regellugonc
1198 371 1359 428 institutus.
1382 373 1446 438 Quo
1461 371 1551 429 etiam
1579 373 1699 428 nomine
1727 373 1806 428 lilius

94 470 247 530 abbatem,
263 465 400 538 quandiu
413 463 522 518 scilicet
536 462 599 534 ipse
615 461 778 533 incorpore
790 468 922 512 morare·
977 455 1040 525 ejus
1054 459 1274 528 angelrannus
1289 459 1380 531 hujus
1403 459 1539 516 Falconis
1558 465 1653 534 pater,
1669 461 1724 516 luit
1738 479 1807 518 con-

95 564 152 614 tur.
168 557 195 612 Si
211 554 333 628 quidem
349 557 510 625 postquam
527 546 704 604 venerabilis
720 548 803 602 Pater
818 540 924 611 Angel-
976 547 1084 610 tentus,
1100 547 1196 603 donec
1211 548 1360 620 permissu
1373 549 1421 604 lici
1443 548 1650 604 Boloniensem
1667 551 1807 606 comitam

94 661 208 702 rannus
219 644 339 699 coelicas
353 640 472 696 recessit
486 639 524 695 ad
537 639 626 704 ucles,
636 637 715 692 idem
728 633 816 691 Falco
829 631 923 688 abba·
976 631 1056 689 bello
1068 637 1202 707 peremit,
1220 639 1345 710 ejusque
1359 637 1491 694 relictam
1507 637 1738 700 nobilissimam,
1755 655 1807 693 no-

95 736 131 792 tis
144 734 244 791 officio
254 732 383 787 donatus
396 731 442 784 est
457 727 554 800 primo
569 731 638 799 post
651 726 716 797 ejus
739 721 923 796 sepulturam
977 721 1058 778 mine
1072 722 1238 794 adeluiam,
1253 725 1283 780 in
1300 726 1526 783 matrimonium
1542 726 1666 798 accepit.
1687 729 1722 782 ut
1736 725 1808 799 quia

95 824 143 882 die
158 820 359 896 praelatusque
375 819 557 874 monasterio
582 813 759 879 Foreslensi,
782 810 865 884 quod
888 825 925 865 ex
977 811 1161 870 comitissam
1186 814 1270 870 duxit
1298 831 1432 886 uxorem,
1462 815 1573 872 idcirco
1592 816 1734 888 deinceps
1758 831 1808 870 co-

96 912 231 984 antiquo,
248 908 324 965 utin
340 908 396 962 boc
411 905 507 962 lucide
522 908 612 978 patet,
628 903 752 959 iralrum
769 899 863 956 sancti
879 897 924 954 Ri—
978 900 1057 958 mltis
1071 917 1183 958 nomeu
1198 903 1321 975 accepit,
1345 905 1428 976 quod
1451 921 1470 960 a
1496 905 1720 961 successoribus
1742 906 1808 974 ejus

96 999 190 1056 «eherii
209 997 282 1054 cella
306 996 420 1060 iuerat,
448 993 499 1048 sed
521 992 613 1066 paulo
637 995 739 1047 antea
767 986 926 1045 comitibus
976 989 1041 1062 jam
1073 1005 1110 1045 ex
1140 991 1355 1047 consuetudine
1389 992 1488 1048 tritum
1516 998 1741 1067 perseveranter
1768 997 1808 1048 te-

96 1089 286 1147 Pontivorum
321 1083 519 1150 subtractum,
548 1079 706 1137 abbatiolae
733 1092 845 1134 nomen
869 1074 924 1130 sibi
978 1083 1074 1134 netur.

97 1177 235 1234 vindicat.
1016 1173 1059 1224 19.
1075 1168 1133 1225 Sed
1146 1168 1186 1224 ad
1201 1173 1336 1225 nostrum
1352 1170 1577 1240 angelrannum
1592 1172 1761 1240 redeamus,
1782 1177 1810 1229 et

134 1267 176 1319 l8.
193 1265 227 1318 Et
240 1263 311 1334 quia
327 1259 366 1315 ad
382 1259 419 1316 id
429 1258 483 1314 loci
498 1257 700 1330 pervenimus,
716 1254 788 1310 libet
811 1269 925 1310 memo·
979 1255 1107 1330 qualiter
1118 1255 1218 1312 bonus
1231 1257 1348 1313 bonum
1371 1258 1509 1314 habuerit
1522 1275 1725 1315 successorem
1742 1262 1809 1331 jam

97 1367 173 1421 rare,
203 1350 243 1408 ob
267 1365 368 1405 rerum
397 1347 532 1403 notitiam
560 1345 686 1419 posteris
715 1342 925 1410 intimandam,
979 1343 1078 1400 dicere
1089 1345 1276 1404 inchoemus.
1294 1351 1378 1414 Cum,
1396 1352 1428 1402 ut
1439 1363 1530 1422 supra
1541 1347 1654 1403 dictum
1667 1353 1719 1414 est,
1732 1364 1812 1404 com·

96 1440 225 1514 qualiter
253 1439 332 1494 idem
365 1437 449 1493 locus
472 1436 561 1492 nobis
589 1434 707 1492 ablatus
735 1437 788 1489 est.
816 1431 862 1487 Ab
891 1446 926 1486 ca
979 1434 1103 1505 perisset
1118 1435 1279 1492 Falconem
1295 1441 1454 1508 parentum
1478 1436 1651 1502 intercessu,
1675 1441 1703 1491 ct
1726 1436 1811 1508 pretii

97 1529 145 1586 die
172 1545 235 1601 qna
259 1527 367 1583 beatus
391 1531 420 1582 et
447 1529 567 1581 sanctus
594 1525 681 1580 Pater
708 1521 860 1578 Richarius
886 1519 926 1576 ibi
980 1522 1110 1589 datione,
1133 1525 1290 1598 praeripere
1313 1526 1442 1582 voluisse
1468 1525 1591 1598 regimis
1619 1525 1811 1580 ministratio-

97 1619 190 1674 linem
217 1617 284 1673 vitre
308 1614 442 1671 mortalis
460 1614 584 1686 accepit,
614 1617 642 1668 el
666 1611 807 1684 deinceps
831 1624 926 1682 usquc
942 1626 961 1680 Β
980 1626 1061 1676 nem,
1077 1611 1264 1668 voluitadirc
1281 1613 1393 1681 regiam
1415 1613 1614 1684 majestatem
1638 1629 1676 1668 ne
1699 1613 1812 1669 anima·

97 1708 138 1764 ad
153 1714 288 1779 tempora
312 1703 458 1776 ingelardi
482 1702 609 1766 abbatis,
637 1702 668 1756 in
690 1704 860 1756 nostratum
878 1698 927 1753 de·
980 1715 1048 1755 rum
1063 1716 1134 1756 cura
1149 1702 1328 1757 venderetur
1347 1707 1497 1758 oraturus.
1525 1702 1610 1768 Quod
1632 1702 1705 1774 quia
1730 1701 1812 1757 aliter

99 1797 162 1866 guil
189 1795 309 1851 ditione.
334 1795 420 1860 liuga
444 1808 513 1848 vero
540 1792 637 1864 primo
652 1790 724 1856 dux,
741 1794 846 1862 postea
863 1803 925 1858 rex,
981 1787 1020 1844 ob
1035 1787 1239 1846 infirmitatem
1253 1807 1313 1846 non
1329 1792 1434 1865 potuit,
1452 1807 1541 1847 curru
1553 1796 1656 1847 vectus
1667 1790 1811 1864 implevit,

98 1902 135 1942 eo
150 1890 283 1957 tempore
299 1899 360 1956 quo
375 1887 497 1955 propter
508 1879 708 1936 barbarorum
719 1877 872 1933 cavendos
884 1876 927 1931 in·
980 1881 1010 1933 et
1020 1879 1098 1946 regis
1113 1879 1236 1934 auribus
1252 1880 1322 1936 salis
1337 1880 1413 1935 dura
1436 1879 1576 1947 inferens,
1598 1885 1747 1936 tormenta
1771 1879 1813 1936 in-

99 1990 216 2038 cursus,
247 1971 484 2028 abbatis-vittam
519 1969 606 2027 notris
632 1967 770 2023 auterens
796 1970 927 2022 castrum
981 1966 1056 2022 terni
1071 1967 1155 2023 illum
1169 1968 1268 2024 subire
1282 1969 1323 2025 ob
1342 1969 1566 2026 distractionem
1591 1969 1693 2039 metire
1718 1969 1813 2026 mina-

99 2062 205 2128 effecit,
231 2060 317 2132 eique
339 2063 494 2128 lingonem
521 2055 687 2130 praeposuit
713 2053 846 2122 militem,
874 2055 924 2108 l'o·
981 2058 1029 2110 tus
1043 2060 1096 2111 est.
1113 2057 1221 2124 Etrex,
1238 2057 1291 2129 qui
1308 2056 1397 2113 bonta
1418 2058 1527 2115 mentis
1552 2057 1729 2124 habebatur,
1753 2073 1813 2129 poe-

99 2149 186 2205 restis
208 2148 314 2204 cellam
334 2152 443 2202 nostrae
469 2145 573 2200 ditioni
597 2142 753 2214 subripuit,
778 2145 806 2197 et
829 2140 927 2197 eidem
980 2143 1077 2213 nitrrit,
1093 2149 1253 2216 reatusque
1266 2144 1452 2214 indulgentia
1467 2151 1571 2217 rogata
1595 2163 1626 2201 se
1651 2147 1814 2219 spopondit

99 2236 218 2306 llugoni
232 2238 378 2308 perpetuo
392 2232 564 2289 hahendam
579 2229 767 2298 contradidit,
790 2228 860 2312 quia
886 2229 927 2283 vi·
981 2231 1222 2291 emendaturum.
1238 2237 1301 2290 Non
1316 2233 1401 2290 multi
1413 2239 1481 2306 post
1495 2235 1559 2290 haec
1575 2235 1722 2290 lluxerant
1737 2235 1812 2308 dics,

98 2325 213 2389 delicet,
228 2324 322 2396 ipsius
345 2323 430 2378 ducis
456 2322 559 2388 liliam,
577 2321 698 2377 nomine
720 2319 833 2388 Gelam,
856 2334 928 2374 uxo
982 2335 1051 2375 cum
1066 2335 1134 2376 ecce
1149 2335 1185 2376 ex
1199 2320 1309 2387 divina,
1327 2328 1359 2378 ut
1372 2326 1517 2390 tenemus,
1535 2323 1700 2394 voluntate,
1720 2322 1813 2394 regali

96 2431 162 2471 rem
189 2414 324 2470 duxerat.
354 2417 447 2468 antea
476 2411 565 2480 igitur
588 2411 619 2465 in
638 2409 745 2464 eedem
771 2407 845 2464 cella
869 2408 927 2464 cle·
981 2408 1140 2464 audientiae
1153 2407 1284 2465 interfuit
1303 2410 1496 2466 virdunensis
1517 2410 1612 2467 abbas
1635 2411 1811 2482 libhardus,

97 2502 150 2558 rici
184 2501 310 2558 Domino
337 2499 558 2566 militaverant;
588 2497 651 2562 sed,
679 2499 802 2567 lingone
826 2500 928 2569 postu·
981 2498 1264 2554 reverendissimum
1289 2501 1482 2566 monachum,
1508 2506 1536 2557 et
1550 2501 1655 2557 merito
1669 2500 1810 2558 bonitatis

97 2590 186 2656 lente,
201 2589 293 2662 aliqui
307 2603 344 2644 cx
358 2587 467 2644 nostris
481 2586 539 2643 illic
555 2584 712 2641 monachis
728 2583 830 2640 statuti
846 2587 926 2655 sunl,
983 2587 1068 2643 unice
1082 2586 1234 2654 dilectum,
1251 2589 1409 2645 Gcrvinum
1425 2605 1527 2646 secum
1545 2589 1661 2645 habeus
1685 2591 1812 2664 capella-
1885 2614 1888 2621 ·

97 2678 150 2751 qui
175 2683 204 2734 et
229 2677 371 2733 abbatem
395 2681 569 2732 meruerunt
597 2672 687 2729 simili
706 2672 798 2728 modo
821 2670 928 2728 'mona-
981 2691 1066 2732 num.
1083 2679 1116 2732 Et
1129 2676 1201 2748 quia
1216 2677 1270 2734 iste
1286 2682 1330 2733 est
1345 2678 1497 2746 Gervinus,
1514 2679 1551 2735 de
1566 2680 1652 2750 cujus
1667 2685 1737 2752 post
1755 2685 1811 2736 An-

98 2768 189 2823 chum
203 2764 379 2834 noslratem,
399 2763 521 2820 nomine
539 2761 715 2828 Gnidonem,
743 2759 847 2817 domni
872 2765 928 2816 An-
982 2765 1160 2835 gelrannum
1173 2766 1361 2822 successione
1376 2767 1499 2824 Centala
1515 2767 1618 2838 gavisa
1631 2773 1687 2836 ast,
1704 2767 1811 2824 daceri-

99 2855 233 2926 gelranni
248 2853 514 2926 iratrem;quique
534 2869 603 2908 cum
628 2850 789 2923 aliquantis
814 2850 927 2907 ibidem
982 2853 1129 2909 tissimum
1144 2853 1296 2910 intuemur
1310 2871 1328 2910 a
1343 2855 1490 2928 principio
1504 2873 1623 2912 sursum
1637 2857 1704 2928 quis
1726 2857 1813 2913 luerit

99 2945 186 3000 annis
205 2943 235 2999 in
250 2929 421 2998 animarum
444 2940 588 3012 regimine
607 2939 812 3000 ministrasset,
838 2937 927 2994 officii
942 2971 963 3025 ο
981 2939 1099 3008 reterre,
1115 2945 1146 2998 ut
1159 2941 1251 2998 homo
1264 2941 1445 3012 diligendus,
1465 2961 1527 3016 quo
1543 2945 1649 3000 melius
1668 2946 1810 3013 noscitur,

99 3047 302 3090 successorem
316 3030 431 3097 hebuit,
448 3029 632 3086 Hucbertum
655 3027 788 3100 nomine,
813 3032 927 3085 nostra·
981 3029 1088 3085 melius
1102 3032 1131 3085 et
1145 3035 1262 3086 ametur
1273 3031 1339 3102 (15),
1353 3040 1408 3088 etc.

99 3127 160 3179 tem
181 3119 374 3178 monachum.
397 3116 649 3190 Quandoquidem
663 3115 752 3173 nobis
773 3116 821 3173 ille
844 3116 928 3172 locus
1017 3123 1061 3175 20.
1078 3122 1187 3176 lierum
1206 3120 1306 3193 itaque
1329 3121 1466 3178 conditor
1492 3124 1579 3194 lleus,
1605 3123 1657 3194 qui
1673 3123 1718 3179 sui
1736 3124 1812 3180 servi

100 3211 267 3281 tollebatur,
293 3213 394 3266 tamen
418 3209 458 3264 ob
478 3223 613 3264 amorem
634 3211 663 3263 et
687 3207 833 3263 honorem
856 3205 928 3262 almi
981 3207 1162 3264 desiderium
1175 3208 1364 3282 jamjamque
1388 3210 1579 3284 disposuerat
1596 3211 1706 3268 caelesti
1727 3211 1812 3284 regni

99 3301 225 3358 Richarii
240 3305 385 3357 statutum
396 3304 450 3364 est,
467 3302 500 3354 ut
511 3298 549 3354 de
564 3296 672 3354 nostris
684 3313 803 3370 semper
814 3295 925 3352 ibidem
981 3297 1153 3354 amoenitate
1179 3297 1320 3365 mulcere,
1348 3299 1460 3372 quique
1487 3316 1557 3356 enm
1591 3301 1645 3356 sibi
1679 3301 1811 3358 habilem

98 3391 204 3448 tierent
217 3389 342 3446 abbates
357 3387 514 3445 monachis
541 3386 690 3444 llucberto
708 3401 830 3460 quoque
849 3401 928 3442 mor·
981 3386 1092 3443 fecerat
1113 3385 1277 3456 longissimi
1306 3388 1484 3460 purgatione
1508 3389 1674 3462 languoris,
1695 3391 1812 3446 interno

99 3483 161 3547 tuo,
177 3476 312 3550 eJusloci
339 3477 472 3548 regimen
496 3475 626 3547 suscepit
648 3475 697 3530 tric
719 3473 809 3530 Fulcc
834 3489 927 3547 quem
982 3473 1133 3547 sapienties
1163 3492 1226 3532 sue
1252 3475 1387 3544 consilio,
1415 3493 1476 3550 quo
1498 3493 1621 3534 omnem
1648 3477 1743 3534 filiam
1771 3495 1813 3535 re-

99 3567 192 3624 nostri
206 3563 378 3622 monasterii
393 3564 562 3621 dominium
575 3563 631 3620 sibi
642 3579 787 3636 usurpare
797 3563 927 3619 voluisse
981 3562 1149 3635 ceptibtlem
1163 3563 1304 3634 flagellat,
1320 3565 1456 3635 ejusdem
1472 3565 1576 3622 famuli
1596 3567 1642 3623 sui
1667 3567 1811 3622 valetudi-

98 3654 282 3712 notavimns.
300 3653 381 3709 Libet
395 3668 464 3709 rero
478 3652 576 3708 dicere
591 3651 628 3707 de
651 3651 766 3709 domno
792 3650 927 3707 (luidone
980 3667 1051 3707 nem
1062 3651 1147 3708 solito
1162 3652 1346 3709 acerbiorem
1362 3653 1468 3726 effecit,
1484 3659 1513 3710 et
1536 3656 1584 3712 cui
1605 3672 1677 3712 mox
1700 3656 1813 3712 incom-

99 3745 220 3810 abbetc,
236 3743 318 3815 quod
332 3758 401 3797 cum
416 3741 542 3812 egregiis
556 3741 691 3797 moribus
706 3743 800 3795 attico
810 3739 926 3812 placitis
981 3739 1153 3813 parabiliter
1172 3741 1272 3799 dulcia
1294 3748 1357 3799 erat
1382 3743 1518 3812 daturus,
1539 3744 1651 3801 doloris
1664 3745 1715 3801 diu
1740 3746 1812 3801 tole-

99 3833 235 3902 tulgeret‚
264 3828 557 3896 oculorumlumine,
584 3828 660 3884 sicut
681 3831 709 3884 et
729 3832 850 3884 sanctus
876 3830 928 3884 Το-
980 3829 1197 3886 retifervcrem
1211 3831 1397 3902 multiplicat.
1417 3833 1484 3901 Sed,
1501 3839 1532 3889 ut
1546 3834 1716 3890 ostenderet
1730 3835 1813 3908 quod

99 3922 177 3990 bias,
191 3919 326 3994 privatus
341 3923 394 3985 est,
409 3916 533 3973 omnino
552 3922 653 3973 minen
676 3919 884 3989 perseverante
897 3915 928 3970 in
981 3931 1042 3972 non
1070 3931 1105 3971 ex
1135 3917 1189 3986 ira,
1218 3918 1270 3972 sed
1296 3933 1334 3973 ex
1357 3933 1477 3974 summa
1511 3920 1715 3977 misericordia
1748 3923 1812 3977 hrec

99 4015 200 4068 mente
214 4010 279 4080 ejus
292 4007 402 4064 divinia
417 4005 675 4078 contemplationis
696 4005 838 4061 claritate.
863 4006 928 4061 ldox
981 4006 1046 4076 ejas
1067 4005 1259 4077 processisset
1283 4007 1440 4077 correptio,
1469 4007 1701 4064 evidentissimae
1727 4010 1812 4066 beni·

100 4115 170 4156 vero
184 4099 285 4155 uthoc
301 4095 453 4166 flagellum
469 4111 538 4152 cnm
553 4093 928 4166 gratiarumactioncapio
982 4093 1101 4163 gnitatis
1120 4107 1209 4164 super
1234 4109 1303 4150 eum
1328 4093 1414 4161 signa
1440 4095 1606 4167 praetendit.
1631 4099 1716 4164 Nam,
1742 4115 1812 4154 cum

101 4193 184 4263 patre
209 4190 269 4244 lico
293 4185 418 4258 excepit,
444 4183 565 4240 succedi
579 4183 636 4239 sibi
661 4182 814 4255 poposcit,
837 4187 865 4239 et
885 4197 928 4237 re-
981 4181 1078 4238 isdem
1093 4180 1338 4238 virbeatissimus
1353 4198 1446 4254 sacrae
1467 4184 1624 4257 Scriptura
1638 4186 1743 4242 studiis
1768 4191 1812 4242 at-

101 4277 187 4334 dicus
203 4273 368 4340 centulam,
384 4271 467 4338 quod
481 4271 626 4345 superfuit
640 4270 729 4327 totius
741 4270 808 4328 vitae
820 4270 851 4327 in
862 4285 927 4326 san·
982 4269 1144 4327 tentissime
1156 4283 1275 4341 semper
1287 4269 1375 4326 luerit
1387 4269 1559 4343 implicitus,
1575 4290 1630 4330 nec
1644 4275 1735 4332 modo
1748 4277 1813 4349 qul-

102 4369 148 4422 cto
173 4363 286 4421 ibidem
310 4361 439 4435 explevit
455 4359 582 4416 servitio.
607 4357 663 4424 Oui
683 4358 772 4415 etiam
799 4328 1138 4415 naxa1.⁰'demaum
1151 4357 1329 4428 gravissimo
1343 4359 1450 4417 morbo
1474 4364 1638 4433 urgeretur,
1664 4380 1682 4419 a
1704 4365 1813 4420 (livinis

102 4453 165 4512 itali
189 4453 243 4524 (lt)
278 4449 489 4507 dormitionem
516 4447 639 4520 accepit,
665 4451 693 4503 et
721 4463 741 4504 a
764 4447 927 4504 venerabili
983 4447 1124 4520 operibns
1139 4446 1263 4504 affectus
1283 4448 1348 4518 ejus
1364 4451 1393 4504 et
1414 4448 1551 4506 voluntas
1567 4467 1702 4523 unquam
1718 4452 1814 4523 potuit

103 4546 191 4602 tratre
206 4559 261 4600 suo
277 4541 468 4612 angelranno
480 4541 567 4612 juxte
580 4539 674 4594 sanati
689 4537 766 4594 illius
787 4538 929 4597 monachi

104 4633 239 4704 Odelgeri
254 4648 363 4705 corpus
377 4631 518 4696 humatus
528 4633 582 4698 est,
599 4627 708 4702 talique
722 4626 833 4685 dictitio
857 4643 929 4700 pree-

103 4725 224 4780 notatus
241 4738 247 4776 :
648 4733 651 4740 ⁴

103 4847 289 4904 Mausoleum
299 4844 347 4900 tic
355 4849 472 4914 patrem
483 4843 672 4900 recolendam
687 4843 743 4898 rite
754 4841 928 4908 Gatdaaera,

139 4919 282 4987 scalptas
296 4915 436 4972 litteratis
448 4919 595 4970 monstrat
610 4913 719 4971 babere
734 4915 821 4983 lapis.

103 4990 224 5047 Extulit
238 4988 364 5058 egregia
378 5000 463 5056 quem
474 4985 585 5040 mando
599 4986 699 5054 gratia
714 4987 801 5041 atta:

138 5061 299 5117 Sublimem
315 5056 444 5114 mandas
460 5055 644 5124 benefaciat
656 5055 804 5125 precibus.

104 5170 212 5223 Verum
225 5168 254 5221 ct
267 5162 340 5221 illud
355 5161 452 5236 placet
466 5159 584 5227 reterre,
610 5161 692 5231 quod
707 5161 731 5217 is
746 5162 783 5218 de
797 5176 859 5234 quo
884 5176 931 5216 su·

104 5254 303 5329 prediximus
319 5252 415 5321 llugo,
431 5265 492 5307 non
503 5263 613 5316 comes,
631 5248 685 5304 sed
701 5250 864 5306 advocatus
889 5248 931 5304 di·

105 5349 171 5400 ctus
186 5341 283 5408 inerit,
298 5339 381 5414 quod
395 5353 505 5396 namen
520 5336 560 5393 illi
575 5339 638 5392 erat
661 5335 785 5405 insigne,
811 5337 851 5392 ob
874 5336 932 5393 hoc

141 5469 198 5541 (11)
227 5471 308 5524 lianc
328 5467 428 5539 ipsum
456 5463 535 5520 diem
565 5463 699 5532 assignat
726 5459 933 5530 Necrologium

106 5539 282 5597 centulense
297 5538 342 5594 his
356 5535 454 5594 verbis
471 5554 477 5590 2
494 5551 543 5590 nu
558 5534 629 5590 Kal.
652 5533 728 5590 Mali
745 5531 815 5588 abitt
839 5533 934 5588 Gutdc

107 5611 209 5682 αϋϋαο,
224 5611 277 5688 aa
288 5609 349 5680 sas't
361 5609 460 5680 frater
474 5606 665 5687 tmctraam'
681 5603 807 5662 ablata.
883 5653 903 5680 Ι.

249 5699 372 5758 rinos.
393 5695 479 5754 exat.

982 4537 1126 4606 inhiberi;
1151 4537 1243 4592 modo
1265 4535 1442 4609 psalmodiae
1457 4538 1624 4595 indefessus
1636 4539 1792 4595 insistebat
1805 4559 1811 4608 ;

983 4627 1075 4684 modo
1085 4627 1177 4683 sacris
1191 4626 1359 4684 divinorum
1378 4631 1597 4700 praeceptorum
1612 4627 1812 4684 meditationi-

982 4717 1041 4773 bus
1051 4716 1202 4783 hrercbat3
1219 4714 1310 4771 modo
1322 4715 1484 4771 missarum
1500 4713 1645 4772 solemnia
1660 4715 1689 4772 in
1704 4717 1812 4773 lectulo

983 4805 1142 4872 recubans,
1154 4804 1223 4860 acsi
1236 4802 1327 4858 altare
1347 4805 1447 4870 staret,
1461 4818 1511 4859 ore
1527 4805 1649 4877 propria
1674 4805 1813 4862 decanta-

983 4894 1044 4951 bat.
1060 4893 1141 4950 Unde
1161 4896 1191 4948 et
1204 4889 1397 4960 contingebat
1411 4891 1561 4962 quosdam
1577 4893 1678 4948 mirari
1705 4899 1736 4949 ut
1759 4894 1813 4962 vir,

983 4983 1036 5056 qui
1064 4985 1153 5038 tantm
1183 4979 1335 5050 sapienties
1365 4979 1524 5046 sciebatur,
1552 4982 1638 5054 quasi
1667 4983 1813 5038 dementi-

985 5073 1059 5128 tium
1072 5068 1279 5142 cpuslaceret,
1296 5083 1365 5124 cum
1379 5067 1426 5124 ille
1447 5083 1553 5124 omnes
1572 5086 1649 5142 qnos
1671 5071 1739 5128 inde
1763 5071 1815 5126 mi·

985 5161 1044 5216 rari
1058 5157 1210 5227 audiebat,
1225 5157 1342 5230 ineptos
1355 5163 1384 5214 et
1398 5157 1566 5215 totiusboni
1579 5160 1697 5217 nescios
1709 5161 1816 5232 dijudi-

986 5253 1074 5306 caret.
1086 5246 1199 5304 accidit
1213 5261 1284 5316 ergo
1295 5251 1328 5302 ut
1338 5245 1473 5319 quadam
1488 5247 1551 5302 vice
1566 5265 1636 5304 cum
1650 5249 1772 5306 missam
1784 5250 1815 5305 in

986 5337 1061 5394 lccto
1068 5335 1248 5392 recumbens
1259 5335 1405 5408 protensis
1419 5335 1560 5392 manibus
1574 5336 1775 5405 decantasset,
1787 5343 1816 5394 et

1024 5461 1079 5530 (15)
1095 5459 1181 5516 llulta
1195 5458 1242 5514 hic
1257 5459 1347 5514 babet
1360 5459 1397 5514 de
1420 5458 1557 5526 Gervino,
1581 5475 1648 5532 quar
1672 5477 1726 5516 suo
1750 5461 1816 5518 loco

989 5546 1104 5588 annum
1121 5533 1188 5586 1071
1200 5529 1396 5603 proferemus.

1638 5693 1673 5748 ta
