3996 6178
59 237 130 306 itta

56 450 196 522 Epistola
212 448 339 508 lucanis
349 463 439 520 popa
457 449 532 506 XIX
543 449 584 508 od
603 449 767 508 Rotertom
791 461 889 520 repar

90 542 281 598 Francorum
298 539 336 602 de
347 539 535 598 immunitate
556 539 762 598 cluniacensis
774 553 891 596 monas-

93 631 171 690 resti.

327 717 427 789 (Anno
444 719 615 794 lottecar.)

198 808 383 882 [actarum
398 809 606 878 cluniacense,
622 823 694 882 pag.
712 809 750 880 7.]

94 902 216 956 locanes
240 897 413 972 episcopus,
438 913 542 956 servus
567 914 724 956 servorum
744 897 805 966 Dei,
833 900 890 954 ita·

59 1005 148 1046 88888
162 987 241 1058 regis
253 991 444 1056 Francorum,
461 988 590 1046 salutem
603 988 811 1048 charissimam
820 1003 890 1046 cum

60 1076 269 1136 benedictione
284 1077 460 1152 apostolica.

95 1165 254 1235 Quoniam,
278 1183 297 1224 o
321 1167 543 1238 religiosissime
565 1183 619 1226 rex
641 1167 805 1226 multorum
825 1168 891 1240 jem

59 1255 201 1314 charitate
223 1255 408 1328 frigescente,
435 1257 700 1330 superabundante
723 1261 825 1314 autem
839 1256 892 1314 ini-

61 1345 538 1420 88118188188188181818818888
554 1347 653 1404 solum
668 1347 707 1404 ab
731 1347 890 1415 extraneis,

61 1436 267 1494 verumetiam
280 1436 320 1494 81)
332 1436 368 1493 118
379 1436 432 1510 qui
442 1435 496 1493 tilii
509 1437 632 1495 nomina
643 1441 730 1494 18888
741 1436 891 1508 dicuntur,

61 1530 154 1584 status
165 1525 301 1584 Ecclesiae
317 1525 521 1596 contunditur,
547 1543 639 1585 sacrae
651 1526 802 1598 religionis
816 1526 891 1584 ordo

59 1615 270 1680 contemnitur,
284 1615 380 1689 pietas
393 1620 422 1672 81
431 1615 529 1674 torma
534 1617 545 1688 j
550 1617 655 1674 8811118
665 1617 890 1686 dehonestatur,

58 1709 87 1760 ct
102 1703 255 1776 privilegia
265 1705 430 1777 apostolica
441 1720 494 1781 seu
504 1706 595 1764 etiam
605 1706 718 1778 regalia
731 1710 890 1780 88888818,
906 1728 926 1783 Β

56 1797 208 1866 quantum
221 1793 260 1850 ad
272 1793 482 1858 substantiam,
490 1794 609 1852 illorum
615 1796 778 1854 temeritate
790 1796 893 1852 irreve-

57 1888 159 1940 renter
170 1888 328 1942 cassantur
341 1901 348 1940 ε
361 1887 478 1957 8888181
484 1889 616 1943 vestram
626 1885 841 1943 sublimitatem
850 1885 891 1940 81-

60 1971 165 2042 gilare,
182 1971 258 2033 utin
273 1973 892 2044 888888881811888881888888888188888-

59 2057 177 2116 tholicas
188 2059 258 2116 fidei
270 2075 378 2118 norma
396 2061 530 2132 vigorem
544 2061 687 2131 obtineat,
707 2061 849 2118 sanctitas
863 2066 891 2119 81

58 2149 163 2219 religio
177 2153 282 2208 contra
301 2149 438 2208 inimicos
453 2150 584 2208 veritatis
606 2152 775 2223 tropheum
799 2151 891 2208 81818·

56 2236 109 2292 rire
120 2236 277 2306 insigniter
294 2242 400 2307 teneat,
420 2243 548 2296 8188888
569 2239 643 2297 81188
655 2241 891 2313 praecedentium

52 2327 177 2388 patrum
190 2325 750 2402 inviolabiliterpermanaut,quatenus
765 2329 891 2403 perhrac

54 2417 200 2471 81888188
214 2413 290 2472 fides
305 2413 522 2490 plenitudinem
532 2417 685 2475 bonorum
699 2418 853 2491 percipiat,
864 2422 893 2477 81

53 2501 179 2559 8888118
200 2502 391 2562 subditorum
406 2504 514 2562 exinde
529 2504 568 2562 ad
593 2504 778 2564 incrementa
800 2507 892 2563 81818-

54 2594 124 2648 tum
139 2591 237 2662 magis
251 2607 287 2650 88
302 2593 400 2664 magis
414 2593 560 2667 proficiat.
577 2593 629 2652 His
644 2593 725 2652 enim
737 2595 781 2652 rei
795 2611 894 2653 sacra·
910 2607 913 2614 ·

54 2685 196 2740 mentum
206 2697 269 2739 non
279 2681 379 2740 solum
394 2682 513 2740 anobis
523 2683 659 2755 exigitur,
670 2684 780 2758 quibus
793 2689 893 2760 pasto·

53 2772 132 2829 ralis
150 2773 313 2830 commissa
327 2777 372 2830 est
390 2789 473 2844 cura,
486 2790 591 2830 verum
606 2774 696 2832 etiam
710 2781 771 2832 ata
792 2775 891 2847 vobis,

680 225 850 292 bristout
869 231 913 290 ΕΤ
931 231 1142 296 emoriere.

783 407 787 414 ,
903 360 929 416 A
942 361 1048 432 procul
1060 375 1201 424 amovere
1214 362 1381 437 cupientes,
1392 363 1451 423 hcc
1459 364 1647 440 privilegium
1655 371 1774 444 aposto·

1705 235 1774 302 titt

943 449 1032 508 tolica
1045 453 1219 512 auctoritate
1231 453 1293 512 titio
1308 458 1411 513 nostro
1424 455 1602 513 charissimo
1616 457 1731 515 odiloni
1746 462 1774 517 et

944 538 1000 595 sibi
1014 541 1243 601 succedentibus
1258 543 1289 600 in
1304 549 1484 618 perpetuum
1495 543 1593 602 lacere
1606 543 1772 616 saluimum

942 627 1028 702 quod
1041 631 1128 688 rastri
1142 632 1288 690 nobilitati
1302 633 1413 692 idcirco
1428 650 1499 690 cum
1511 633 1670 692 hislitteris
1684 633 1774 692 mitti·

943 733 1023 788 8888,
1039 723 1072 776 81
1085 721 1190 778 8881818
1204 727 1432 798 vestrorumque
1446 723 1776 799 888888818888818811-

943 812 1060 866 matum
1075 808 1103 866 18
1125 811 1249 868 auribus
1273 813 1422 883 recitetur,
1446 818 1658 889 praeceptoque
1682 813 1776 886 regali

943 898 1320 971 8188818811818118888188,
1336 902 1553 972 corroboretur,
1569 908 1598 962 et
1616 903 1776 960 auctorize-

943 988 1009 1055 tur3
1025 991 1058 1043 81
1071 987 1183 1045 8811188
1197 990 1403 1065 cujuscunque
1422 991 1584 1050 sacerdotis
1604 991 1653 1050 881
1666 991 1776 1066 princi·

942 1075 990 1149 pis
1001 1091 1133 1149 persona
1148 1082 1252 1135 contra
1265 1078 1323 1136 hoc
1342 1079 1513 1154 apostolica
1525 1081 1707 1139 auctoritatis
1720 1082 1774 1140 de·

943 1169 1058 1222 cretum
1080 1165 1111 1222 18
1123 1170 1305 1240 perpetuum
1323 1169 1436 1239 garrire
1456 1168 1505 1225 881
1524 1169 1631 1227 mutire
1652 1170 1773 1240 audeat,

944 1270 982 1312 na
996 1254 1161 1330 apostolico
1174 1256 1533 1330 percussusanathemate
1543 1257 1683 1316 districta
1690 1257 1776 1315 ultio·

943 1343 991 1400 nis
1005 1359 1112 1417 poenas
1135 1344 1208 1413 1881,
1230 1338 1258 1402 81
1279 1345 1389 1418 regalis
1413 1349 1615 1416 transgressor
1634 1346 1775 1421 praecepti

945 1448 1015 1489 eum
1028 1433 1182 1508 suppliciis
1196 1432 1384 1493 infernorum
1407 1449 1511 1492 exsors
1525 1433 1615 1493 ctiam
1628 1433 1682 1492 fiat
1703 1439 1776 1494 tam·

945 1521 1097 1595 paralium
1110 1523 1273 1581 bonorum.
1333 1598 1379 1654 ΧΠ

946 1665 1083 1736 Epistola
1097 1666 1224 1723 loconis
1238 1667 1313 1724 XIX
1319 1667 1459 1738 popoeod
1473 1666 1656 1730 Guroleoum
1667 1666 1777 1738 881888·

980 1752 1051 1806 pum
1066 1738 1310 1796 allutisconenseru
1323 1754 1382 1810 pro
1395 1739 1508 1796 188888
1531 1738 1668 1796 libertate
1680 1744 1707 1796 ct
1720 1742 1779 1794 lm⁴

981 1810 1128 1865 munitate
1141 1811 1316 1867 monasterti
1329 1809 1535 1868 cloniacensis
1557 1809 1594 1867 olr
1609 1810 1691 1866 omui
1696 1809 1777 1880 8881-

982 1881 1112 1938 dtctione
1125 1881 1296 1951 episcopali.

1213 1972 1307 2038 (Anno
1329 1968 1508 2041 loti-toti.)

1088 2059 1272 2130 [Bulloriam
1289 2058 1497 2128 cloniacense,
1509 2071 1579 2132 pag.
1594 2057 1632 2130 8.]

979 2147 1104 2206 tortura
1120 2147 1292 2222 episcopus,
1317 2163 1424 2206 servus
1440 2162 1597 2206 servorum
1619 2147 1681 2218 Dei,
1703 2147 1776 2205 Gru-

945 2252 1030 2294 88888
1045 2237 1188 2312 88188888
1203 2238 1419 2306 118888888881,
1431 2236 1559 2296 salutem
1566 2235 1776 2294 charissimam

945 2343 1016 2383 cum
1027 2326 1235 2384 benedictione
1250 2326 1426 2400 apostolica.

981 2415 1045 2487 Cui,
1057 2417 1118 2474 itan
1133 2421 1264 2488 auctore,
1279 2415 1477 2491 presidemus
1487 2415 1670 2490 reliquarum
1681 2413 1777 2472 Eccle-

945 2505 1058 2564 siarum
1078 2510 1169 2579 caput
1189 2509 1218 2564 81
1241 2505 1333 2563 cardo
1357 2509 1462 2563 sancta
1487 2508 1623 2562 Romana
1647 2502 1777 2566 Ecclesia

946 2599 1028 2652 tanta
1041 2594 1257 2654 intolerabilius
1271 2595 1383 2668 patitur
1397 2594 1601 2670 quodcunque
1616 2593 1673 2652 sibi
1692 2594 1776 2665 inge·

944 2684 1019 2742 ritur
1033 2683 1165 2744 dedecus
1180 2687 1295 2758 quanto
1310 2684 1416 2741 8811811
1431 2701 1493 2740 sure
1507 2683 1544 2755 is,
1560 2700 1578 2741 a
1592 2699 1654 2758 quo
1677 2682 1777 2755 inges-

945 2778 1076 2842 tumeat,
1090 2774 1208 2834 videtur
1222 2773 1430 2849 propinquior.
1446 2777 1487 2831 Ex
1501 2789 1564 2848 quc
1574 2772 1779 2849 adapiscopa-

54 2861 111 2918 cui
138 2860 252 2919 credita
277 2866 333 2934 881,
364 2878 434 2921 cum
458 2863 558 2920 888818
586 2864 734 2934 exigenda
758 2865 893 2924 maxima
946 2863 1006 2920 lem
1019 2863 1147 2934 gloriam
1161 2863 1310 2922 deductus
1325 2868 1523 2934 estiomenus
1539 2863 1676 2922 Ecclesia
1698 2861 1777 2921 111188

54 2967 176 3025 pompa
190 2956 218 3008 81
230 2951 319 3022 regira
335 2951 526 3011 sublimitatis
540 2953 683 3027 88188118.
701 2956 788 3021 Quod
811 2955 892 3012 enim
946 2958 975 3010 81
986 2952 1153 3027 8188188188
1166 2953 1249 3010 81888
1263 2969 1305 3022 88,
1319 2957 1350 3010 81
1366 2957 1428 3011 tam
1442 2967 1461 3011 a
1474 2953 1563 3011 nobis
1575 2969 1669 3028 quam
1682 2952 1778 3010 aban·

55 3038 125 3094 8188
140 3039 225 3109 gravi
239 3039 336 3097 dicere
346 3056 409 3098 888
426 3042 562 3099 valemus
576 3042 690 3110 dolore,
706 3043 927 3140 quiliusdamC
946 3041 1146 3100 lecessoribus
1173 3042 1283 3100 nostris
1311 3043 1424 3100 amodo
1450 3042 1491 3100 sio
1519 3047 1710 3119 computatus
1727 3059 1777 3113 es;

53 3131 230 3188 8881888888
243 3129 419 3187 exsecrabili
433 3131 553 3201 negotio
571 3131 609 3188 88
635 3132 836 3190 sacerdotium
851 3133 901 3209 ing
946 3148 1027 3189 nunc
1038 3147 1111 3189 8888
1128 3131 1279 3189 nescimus
1294 3148 1356 3205 qua
1370 3147 1450 3189 8888
1464 3133 1628 3190 temeritate
1648 3132 1775 3203 illectus,

55 3215 215 3287 188888118,
226 3231 287 3274 888
303 3216 411 3274 88111811
425 3217 536 3290 injuste
549 3219 706 3292 acquisita,
721 3221 893 3295 posthabito
946 3221 1183 3293 inexstinguibili
1197 3220 1359 3294 cupiditate
1382 3237 1536 3290 accensus,
1561 3221 1649 3280 matri
1664 3225 1722 3279 188
1736 3236 1779 3277 ra·

55 3302 213 3374 religionis
227 3305 342 3372 ordine,
358 3321 412 3379 per
427 3306 619 3380 perimendos
633 3313 757 3366 terrenae
771 3308 893 3367 8118818-
945 3328 1076 3387 pugnas,
1091 3315 1121 3369 et
1134 3315 1238 3369 contra
1249 3327 1317 3381 888,
1338 3311 1451 3369 meritis
1467 3310 1595 3385 apostoli
1616 3310 1692 3369 Patri
1713 3325 1779 3368 ma-

55 3392 152 3450 118818
165 3393 255 3450 luxus
265 3393 439 3464 distrahere,
454 3396 615 3454 nisiretiam
628 3403 656 3455 et
669 3414 705 3456 ea
718 3399 785 3456 loca
799 3414 895 3473 quma
947 3403 1072 3474 gistrum
1092 3407 1187 3471 tuum,
1200 3402 1281 3459 lavas
1302 3403 1489 3470 calcaneum,
1515 3417 1584 3458 cum
1606 3399 1779 3465 coenobium

55 3481 211 3554 fidelibus,
240 3483 293 3558 qui
313 3483 364 3542 illa
384 3501 421 3542 tx
446 3485 575 3560 propriis
596 3487 840 3560 possessionibus
866 3491 895 3544 et
947 3492 1150 3560 cluniacense,
1183 3491 1298 3550 cunctis
1322 3507 1399 3565 pene
1425 3489 1599 3548 nationibus
1624 3491 1780 3554 sanctitate

57 3571 235 3646 sumptibus
255 3578 458 3646 construxere,
481 3577 620 3649 potestati
637 3577 729 3634 solius
748 3580 893 3636 Romana
946 3580 1139 3656 prefulgens,
1152 3595 1208 3638 nec
1222 3595 1284 3638 non
1299 3579 1472 3654 apostolicis
1485 3578 1649 3654 privilegiis
1670 3578 1779 3636 iulium

58 3661 198 3718 Ecclesiae
210 3662 895 3736 traditasunttestamcntiauctoritate,addam·
946 3679 974 3730 et
986 3673 1026 3731 81)
1037 3671 1176 3729 omnium
1188 3671 1300 3729 ditione
1315 3670 1512 3738 subtractum,
1529 3669 1621 3732 solius
1635 3668 1779 3744 principis

57 3749 193 3808 nationis
206 3767 267 3808 sure
283 3751 439 3810 cumulum
452 3753 509 3810 sibi
518 3759 665 3812 88888188
681 3755 851 3824 defendere,
865 3759 895 3812 et
946 3760 1153 3835 apostolorum
1168 3765 1197 3818 81
1213 3760 1394 3818 vicariorum
1413 3775 1539 3816 suorum
1551 3758 1666 3831 judicio
1687 3773 1780 3815 resar-

57 3841 126 3898 suis
140 3841 245 3898 usibus
259 3841 337 3900 mala
361 3843 513 3917 applicare
528 3862 534 3913 ;
560 3844 613 3917 qui
634 3845 767 3917 prolecto
790 3846 894 3920 ipsum
945 3855 1060 3918 88188),
1077 3865 1260 3918 commoves,
1275 3848 1483 3905 venerandum
1498 3847 1588 3903 etiam
1608 3845 1781 3906 infidelibus

57 3933 154 4002 caput
166 3927 334 4003 discerpere
346 3930 486 4003 gestiunt,
512 3931 586 3989 dum
606 3933 745 3991 membra
764 3934 804 3991 ab
826 3935 894 4007 ipso
946 3944 1064 3998 Patrem
1077 3939 1226 3996 domnum
1240 3937 1408 4006 odilonem,
1422 3934 1565 3993 abbatem
1587 3935 1781 3994 irreverenter

57 4031 204 4090 separare
215 4018 330 4088 volunt,
346 4023 442 4079 81888
456 4036 534 4095 quos
557 4024 590 4078 ut
604 4021 780 4081 vernaculos
803 4023 897 4082 babet
947 4028 1074 4102 appetis,
1090 4025 1205 4092 iratres,
1225 4023 1339 4081 ibidem
1351 4021 1494 4092 degentes
1508 4036 1563 4093 pro
1583 4019 1781 4102 adipiscenda

56 4106 177 4178 inJ'uriis
188 4111 217 4165 81
226 4109 416 4168 contumeliis
429 4108 577 4168 lacessere
584 4126 647 4168 non
655 4111 805 4176 desinunt,
814 4112 895 4183 igno·
946 4120 1092 4193 perpetua
1106 4112 1308 4171 transitoriam
1321 4111 1453 4185 quietem
1467 4111 1606 4183 88188188
1625 4107 1778 4179 8811181188,

56 4201 161 4254 888188
177 4197 280 4272 utique
292 4198 392 4256 miseri
406 4199 490 4275 quod
505 4201 596 4274 hujus
612 4204 723 4260 sancta
738 4201 817 4262 sedis
841 4202 894 4260 de·
947 4204 1112 4282 apostolica
1125 4199 1280 4278 privilegia
1295 4215 1416 4257 8888888
1441 4199 1608 4258 888188818.
1632 4197 1719 4266 Quod
1738 4198 1783 4256 ita

57 4290 143 4344 creta
168 4286 220 4362 818
236 4287 295 4346 1188
314 4287 415 4346 8111118
433 4290 537 4348 matris
559 4290 695 4349 Ecclesia
719 4289 896 4365 8881818888
948 4295 1114 4369 accipimus
1128 4289 1391 4366 quemadmodum
1405 4287 1430 4345 si
1444 4290 1511 4363 1888
1524 4288 1662 4348 membra
1675 4291 1784 4346 nostra

58 4380 142 4444 8881,
158 4383 186 4435 81
197 4378 379 4447 veneranda,
390 4382 424 4436 81
438 4383 585 4454 tanquam
605 4380 716 4452 regulas
740 4397 893 4442 canonum
948 4382 1037 4442 aride
1050 4383 1218 4456 discerpere
1230 4394 1399 4455 quereiam
1415 4384 1444 4436 et
1453 4377 1537 4453 quod
1550 4377 1613 4436 sine
1627 4377 1781 4445 88188188

57 4465 223 4526 abeisdem
233 4467 564 4544 absqueulioscrupulo
574 4469 780 4540 admittantur,
791 4475 894 4546 utpote
908 4441 938 4498 θ’
949 4489 1014 4532 8888
1028 4471 1141 4546 nequit.
1158 4473 1236 4529 Cave
1250 4468 1396 4528 cautaret
1417 4469 1483 4542 jam
1505 4468 1644 4528 monitus.
1659 4466 1778 4530 anima.

57 4573 131 4632 qum
146 4557 184 4614 de
196 4558 280 4616 omni
292 4558 428 4618 Ecclesiae
444 4558 896 4636 lashabeatJudicandi,neque
949 4567 978 4620 et
989 4565 1125 4620 nostrum
1147 4559 1364 4618 monasterium
1380 4557 1533 4629 singulare
1547 4555 1634 4613 nobis
1645 4552 1787 4626 relinqua

59 4647 207 4720 cuiqnam
226 4648 314 4706 liceat
326 4649 365 4707 de
378 4649 444 4721 ejus
463 4649 575 4722 garrire
589 4649 718 4723 decreto,
740 4667 796 4710 nec
817 4651 895 4724 judi·
947 4667 997 4723 ne,
1025 4651 1099 4708 dum
1127 4649 1277 4724 particeps
1300 4649 1365 4720 ejus
1391 4651 1495 4704 contra
1515 4660 1571 4700 nos
1595 4658 1661 4700 8888
1683 4641 1778 4715 88818,

59 4753 132 4794 care
149 4737 273 4808 judicio.
300 4739 391 4811 Cujus
414 4739 519 4812 jndicii
544 4740 723 4798 sententiam
742 4756 778 4800 ec
794 4741 893 4814 magis
948 4738 1062 4799 ordinis
1073 4737 1169 4796 888181
1184 4751 1286 4795 exsors
1301 4735 1466 4809 apostolica
1480 4731 1654 4794 auctoritate
1673 4728 1780 4788 8111818

58 4831 179 4901 8888181
199 4845 218 4886 8
242 4828 364 4886 nemine
384 4829 515 4898 dissolri,
543 4847 605 4904 quo
631 4831 740 4888 certius
766 4831 898 4906 apostoli
948 4830 1000 4888 ris.
1017 4829 1046 4887 Si
1057 4843 1130 4886 8888
1144 4827 1247 4900 aliqua
1260 4829 1435 4898 competens
1450 4821 1525 4878 ratio
1550 4820 1695 4880 adversus
1710 4833 1784 4876 eum·

57 4921 182 4974 constat
190 4917 274 4976 illam
288 4919 365 4976 Petri
376 4918 515 4978 firmitate
534 4925 563 4978 81
572 4920 746 4978 auctoritate
760 4921 893 4979 solidari.
948 4923 976 4977 te
1004 4919 1185 4982 commovet,
1208 4918 1346 4971 nostrum
1365 4911 1515 4984 judicium
1543 4907 1600 4966 sub
1626 4924 1688 4984 quo
1715 4906 1780 4971 8818

57 5005 112 5062 Ait
125 5005 206 5062 enim
220 5007 356 5080 quodam
369 5007 482 5068 181888
498 5010 554 5065 Leo
574 5024 655 5083 papa
672 5010 852 5068 venerabilis
865 5013 898 5068 et
949 5013 1052 5068 manet
1065 5004 1249 5064 confidenter
1261 5016 1385 5075 ¹qusere;
1414 5015 1471 5058 888
1495 5013 1606 5080 nempe
1630 4997 1684 5072 qui
1709 5009 1780 5054 aum

58 5101 175 5152 sancta
184 5095 379 5154 institutionis
388 5096 688 5156 doctoradmirabilis
702 5116 709 5154 :
727 5103 896 5175 «1188888
947 5104 1012 5157 tam
1026 5101 1084 5155 818
1098 5109 1191 5168 quam
1205 5095 1237 5150 111
1248 5090 1288 5148 ab
1303 5088 1445 5147 omnibus
1461 5091 1589 5157 1111111111,
1617 5085 1692 5150 nulli
1706 5101 1782 5160 pm·

54 5201 108 5240 vra
123 5183 246 5242 1888818
260 5189 304 5242 881
328 5191 433 5243 888188
452 5201 523 5242 eum
548 5185 681 5258 aliquaue
704 5189 822 5258 mutire,
842 5190 896 5264 qui
944 5189 1094 5264 judicium
1108 5183 1292 5260 8881888888
1304 5181 1447 5258 patimur.

56 5273 246 5345 clavigerum
260 5275 345 5348 regni
357 5275 483 5332 coelestis
503 5275 597 5334 habat
614 5279 742 5336 tutorem
752 5282 781 5334 at
793 5283 895 5352 patra·
1332 5275 1399 5329 11111·

55 5379 137 5420 num
148 5381 155 5432 ;
167 5364 241 5438 quin
255 5380 291 5422 eo
305 5365 403 5436 magis
430 5365 455 5422 si
468 5363 517 5424 bic
539 5365 634 5422 multa
647 5365 742 5424 verba
755 5367 896 5424 tumentis
947 5350 1085 5422 Ellssl‘lla
1095 5345 1222 5404 mm
1235 5345 1308 5402 ΧῙΧ
1317 5358 1406 5414 popa
1416 5343 1457 5400 1111
1470 5340 1666 5399 3011111Υᾶ111
1679 5337 1784 5396 stillis*

984 5409 1785 5500 episcopumbugdrroeasemproimmunitatedlunim

56 5452 184 5527 spiritus
194 5455 375 5520 relaxentur,
390 5470 429 5512 ne
442 5453 517 5512 forta
531 5455 604 5512 ratri
614 5453 746 5512 vindicta
756 5455 787 5512 in
797 5461 898 5530 postes
986 5492 1081 5552 recab
1096 5493 1279 5549 monam

55 5559 131 5600 rum
145 5547 345 5602 reservatur.»
362 5547 473 5602 tiorum
485 5543 586 5616 itaque
596 5543 712 5601 rabiem
729 5545 895 5602 attumcris
1223 5559 1319 5630 (Anno
1336 5557 1513 5630 roraret-tt.)

55 5632 256 5694 insolentiam
271 5633 410 5692 anostris
420 5633 503 5705 locis,
518 5639 548 5691 81
569 5633 730 5694 maximae
745 5634 896 5710 Cluniensi
1092 5631 1278 5706 [Butlariam
1290 5629 1496 5698 cluniacense,
1512 5643 1584 5702 pag.
1600 5626 1638 5698 a]

56 5723 203 5787 caenobio
223 5723 391 5802 specialiter
406 5727 435 5782 et
449 5723 639 5800 singulariter
661 5724 749 5784 nobis
773 5723 895 5802 proprio
985 5727 1108 5784 lomnes
1127 5719 1296 5800 episcopus,
1322 5734 1427 5779 servus
1448 5731 1605 5782 servorum
1630 5714 1683 5776 1181
1705 5713 1783 5775 Bet·
